  <div class='ocr_page' id='page_1' title='image "/cluster/home/n/w/nwhite01/storage/ocr_20150623/88/pst.000005712946/558.png"; bbox 0 0 4030 6342; ppageno 0'>
   <div class='ocr_carea' id='block_1_1' title="bbox 215 400 368 464">
    <p class='ocr_par' dir='ltr' id='par_1_1' title="bbox 215 400 368 464">
     <span class='ocr_line' id='line_1_1' title="bbox 215 400 368 464; baseline 0 0"><span class='ocrx_word' id='word_1_1' title='bbox 215 400 368 464; x_wconf 73' lang='grc' dir='ltr'><strong>1οὺ3</strong></span> 
     </span>
    </p>
   </div>
   <div class='ocr_carea' id='block_1_2' title="bbox 1176 408 2496 475">
    <p class='ocr_par' dir='ltr' id='par_1_2' title="bbox 1176 408 2496 475">
     <span class='ocr_line' id='line_1_2' title="bbox 1176 408 2496 475; baseline 0.005 -7"><span class='ocrx_word' id='word_1_2' title='bbox 1176 408 1402 468; x_wconf 75' lang='lat' dir='ltr'><strong>SCALA</strong></span> <span class='ocrx_word' id='word_1_3' title='bbox 1449 409 1827 472; x_wconf 75' lang='lat' dir='ltr'><strong>PARADISI.</strong></span> <span class='ocrx_word' id='word_1_4' title='bbox 1854 413 2251 474; x_wconf 79' lang='lat' dir='ltr'><strong>--GR.-\DUS</strong></span> <span class='ocrx_word' id='word_1_5' title='bbox 2291 415 2496 475; x_wconf 72' lang='lat' dir='ltr'><strong>XXVI.</strong></span> 
     </span>
    </p>
   </div>
   <div class='ocr_carea' id='block_1_3' title="bbox 3331 414 3467 479">
    <p class='ocr_par' dir='ltr' id='par_1_3' title="bbox 3331 414 3467 479">
     <span class='ocr_line' id='line_1_3' title="bbox 3331 414 3467 479; baseline 0.007 -1"><span class='ocrx_word' id='word_1_6' title='bbox 3331 414 3467 479; x_wconf 58' lang='lat' dir='ltr'><strong>105i</strong></span> 
     </span>
    </p>
   </div>
   <div class='ocr_carea' id='block_1_4' title="bbox 215 510 1793 603">
    <p class='ocr_par' dir='ltr' id='par_1_4' title="bbox 215 510 1793 595">
     <span class='ocr_line' id='line_1_4' title="bbox 215 510 1793 595; baseline 0.007 -27"><span class='ocrx_word' id='word_1_7' title='bbox 215 514 625 583; x_wconf 65' lang='grc' dir='ltr'><strong>καταγνώσεως</strong></span> <span class='ocrx_word' id='word_1_8' title='bbox 661 516 967 588; x_wconf 80' lang='grc' dir='ltr'>ἁμαρτιῶν,</span> <span class='ocrx_word' id='word_1_9' title='bbox 1016 510 1090 571; x_wconf 80' lang='grc' dir='ltr'>ὧν</span> <span class='ocrx_word' id='word_1_10' title='bbox 1159 523 1192 592; x_wconf 83' lang='grc' dir='ltr'>ἡ</span> <span class='ocrx_word' id='word_1_11' title='bbox 1257 523 1446 592; x_wconf 80' lang='grc' dir='ltr'>ἄφεσις</span> <span class='ocrx_word' id='word_1_12' title='bbox 1509 525 1793 595; x_wconf 84' lang='grc' dir='ltr'>πρόκειται</span> 
     </span>
    </p>
   </div>
   <div class='ocr_carea' id='block_1_5' title="bbox 1891 510 3467 603">
    <p class='ocr_par' dir='ltr' id='par_1_5' title="bbox 1898 529 3467 603">
     <span class='ocr_line' id='line_1_5' title="bbox 1898 529 3467 603; baseline 0.005 -25"><span class='ocrx_word' id='word_1_13' title='bbox 1898 529 2079 580; x_wconf 80' lang='lat' dir='ltr'><strong>nu‘ilus</strong></span> <span class='ocrx_word' id='word_1_14' title='bbox 2116 529 2459 598; x_wconf 73' lang='lat' dir='ltr'><strong>relinquitur,</strong></span> <span class='ocrx_word' id='word_1_15' title='bbox 2494 530 2585 585; x_wconf 89' lang='lat' dir='ltr'><strong>scd</strong></span> <span class='ocrx_word' id='word_1_16' title='bbox 2620 533 2915 603; x_wconf 75' lang='lat' dir='ltr'><strong>cognitioni</strong></span> <span class='ocrx_word' id='word_1_17' title='bbox 2943 531 3327 587; x_wconf 72' lang='lat' dir='ltr'><strong>misericordia:</strong></span> <span class='ocrx_word' id='word_1_18' title='bbox 3350 534 3467 598; x_wconf 76' lang='lat' dir='ltr'><strong>eius</strong></span> 
     </span>
    </p>
   </div>
   <div class='ocr_carea' id='block_1_6' title="bbox 213 607 1093 678">
    <p class='ocr_par' dir='ltr' id='par_1_6' title="bbox 213 607 1093 678">
     <span class='ocr_line' id='line_1_6' title="bbox 213 607 1093 678; baseline 0.007 -21"><span class='ocrx_word' id='word_1_19' title='bbox 213 608 277 658; x_wconf 78' lang='grc' dir='ltr'>ὲν</span> <span class='ocrx_word' id='word_1_20' title='bbox 333 607 414 677; x_wconf 81' lang='grc' dir='ltr'>τῷ</span> <span class='ocrx_word' id='word_1_21' title='bbox 463 608 656 678; x_wconf 76' lang='grc' dir='ltr'>αἵματι</span> <span class='ocrx_word' id='word_1_22' title='bbox 708 608 802 660; x_wconf 75' lang='grc' dir='ltr'>τοῦ</span> <span class='ocrx_word' id='word_1_23' title='bbox 834 610 1093 678; x_wconf 80' lang='grc' dir='ltr'>Χριστοῦ.</span> 
     </span>
    </p>
   </div>
   <div class='ocr_carea' id='block_1_7' title="bbox 211 785 1796 864">
    <p class='ocr_par' dir='ltr' id='par_1_7' title="bbox 211 785 1796 864">
     <span class='ocr_line' id='line_1_7' title="bbox 211 785 1796 864; baseline 0.009 -28"><span class='ocrx_word' id='word_1_24' title='bbox 211 785 481 854; x_wconf 75' lang='grc' dir='ltr'>Σχόλιον</span> <span class='ocrx_word' id='word_1_25' title='bbox 521 787 781 856; x_wconf 69' lang='grc' dir='ltr'>Γαϐριὴλ</span> <span class='ocrx_word' id='word_1_26' title='bbox 819 790 1088 859; x_wconf 60' lang='lat' dir='ltr'><strong>por-uxor?</strong></span> <span class='ocrx_word' id='word_1_27' title='bbox 1137 792 1233 846; x_wconf 75' lang='grc' dir='ltr'>καὶ</span> <span class='ocrx_word' id='word_1_28' title='bbox 1276 795 1635 864; x_wconf 75' lang='grc' dir='ltr'>ἠσυχαστοῦ</span> <span class='ocrx_word' id='word_1_29' title='bbox 1693 797 1796 850; x_wconf 69' lang='grc' dir='ltr'>τεῦ</span> 
     </span>
    </p>
   </div>
   <div class='ocr_carea' id='block_1_8' title="bbox 721 880 1306 951">
    <p class='ocr_par' dir='ltr' id='par_1_8' title="bbox 721 880 1306 951">
     <span class='ocr_line' id='line_1_8' title="bbox 721 880 1306 951; baseline 0.014 -19"><span class='ocrx_word' id='word_1_30' title='bbox 721 880 897 948; x_wconf 81' lang='grc' dir='ltr'>ὅρους</span> <span class='ocrx_word' id='word_1_31' title='bbox 947 884 1177 951; x_wconf 77' lang='grc' dir='ltr'>Λάτρου</span> <span class='ocrx_word' id='word_1_32' title='bbox 1211 883 1306 948; x_wconf 77' lang='grc' dir='ltr'><strong>ξζ’.</strong></span> 
     </span>
    </p>
   </div>
   <div class='ocr_carea' id='block_1_9' title="bbox 314 967 1796 1040">
    <p class='ocr_par' dir='ltr' id='par_1_9' title="bbox 314 967 1796 1040">
     <span class='ocr_line' id='line_1_9' title="bbox 314 967 1796 1040; baseline 0.009 -21"><span class='ocrx_word' id='word_1_33' title='bbox 314 967 374 1020; x_wconf 90' lang='lat'><strong>&#39;0</strong></span> <span class='ocrx_word' id='word_1_34' title='bbox 406 969 598 1023; x_wconf 71' lang='grc' dir='ltr'>ἑαυτὸν</span> <span class='ocrx_word' id='word_1_35' title='bbox 625 972 868 1040; x_wconf 76' lang='grc' dir='ltr'>οἰόμενος</span> <span class='ocrx_word' id='word_1_36' title='bbox 918 970 1056 1027; x_wconf 82' lang='grc' dir='ltr'>εἷναί</span> <span class='ocrx_word' id='word_1_37' title='bbox 1103 994 1176 1038; x_wconf 88' lang='grc' dir='ltr'><strong>τι,</strong></span> <span class='ocrx_word' id='word_1_38' title='bbox 1215 979 1308 1030; x_wconf 85' lang='grc' dir='ltr'>καὶ</span> <span class='ocrx_word' id='word_1_39' title='bbox 1362 978 1630 1032; x_wconf 79' lang='grc' dir='ltr'><strong>διδάσκων</strong></span> <span class='ocrx_word' id='word_1_40' title='bbox 1683 982 1796 1032; x_wconf 80' lang='grc' dir='ltr'><strong>ἐτέ-</strong></span> 
     </span>
    </p>
   </div>
   <div class='ocr_carea' id='block_1_10' title="bbox 219 1053 1796 1142">
    <p class='ocr_par' dir='ltr' id='par_1_10' title="bbox 219 1053 1796 1142">
     <span class='ocr_line' id='line_1_10' title="bbox 219 1053 1796 1142; baseline 0.01 -32"><span class='ocrx_word' id='word_1_41' title='bbox 219 1075 375 1130; x_wconf 84' lang='grc' dir='ltr'>ρους,</span> <span class='ocrx_word' id='word_1_42' title='bbox 423 1053 498 1116; x_wconf 84' lang='grc' dir='ltr'>ὧν</span> <span class='ocrx_word' id='word_1_43' title='bbox 538 1064 733 1133; x_wconf 86' lang='grc' dir='ltr'>πεῖραν</span> <span class='ocrx_word' id='word_1_44' title='bbox 767 1066 928 1130; x_wconf 74' lang='grc' dir='ltr'>αὐτὸς</span> <span class='ocrx_word' id='word_1_45' title='bbox 953 1068 1052 1119; x_wconf 85' lang='grc' dir='ltr'>οὑκ</span> <span class='ocrx_word' id='word_1_46' title='bbox 1086 1068 1263 1138; x_wconf 74' lang='grc' dir='ltr'>ἔσχεν,</span> <span class='ocrx_word' id='word_1_47' title='bbox 1298 1070 1330 1140; x_wconf 83' lang='grc' dir='ltr'>ἢ</span> <span class='ocrx_word' id='word_1_48' title='bbox 1369 1071 1624 1141; x_wconf 79' lang='grc' dir='ltr'>γνώσειῆ</span> <span class='ocrx_word' id='word_1_49' title='bbox 1653 1074 1796 1142; x_wconf 74' lang='grc' dir='ltr'>πρά-</span> 
     </span>
    </p>
   </div>
   <div class='ocr_carea' id='block_1_11' title="bbox 211 1149 1796 1234">
    <p class='ocr_par' dir='ltr' id='par_1_11' title="bbox 211 1149 1796 1234">
     <span class='ocr_line' id='line_1_11' title="bbox 211 1149 1796 1234; baseline 0.009 -32"><span class='ocrx_word' id='word_1_50' title='bbox 211 1149 339 1216; x_wconf 79' lang='grc' dir='ltr'>ξει,</span> <span class='ocrx_word' id='word_1_51' title='bbox 381 1152 474 1205; x_wconf 82' lang='grc' dir='ltr'><strong>δύο</strong></span> <span class='ocrx_word' id='word_1_52' title='bbox 503 1154 690 1218; x_wconf 78' lang='grc' dir='ltr'><strong>νόσους</strong></span> <span class='ocrx_word' id='word_1_53' title='bbox 727 1159 909 1220; x_wconf 84' lang='grc' dir='ltr'>νοσεῖ,</span> <span class='ocrx_word' id='word_1_54' title='bbox 961 1160 1056 1211; x_wconf 81' lang='grc' dir='ltr'>καὶ</span> <span class='ocrx_word' id='word_1_55' title='bbox 1115 1160 1206 1212; x_wconf 86' lang='grc' dir='ltr'><strong>δύο</strong></span> <span class='ocrx_word' id='word_1_56' title='bbox 1255 1163 1579 1230; x_wconf 70' lang='grc' dir='ltr'>τυφλώσεις,</span> <span class='ocrx_word' id='word_1_57' title='bbox 1619 1165 1796 1234; x_wconf 82' lang='grc' dir='ltr'>υίησιν</span> 
     </span>
    </p>
   </div>
   <div class='ocr_carea' id='block_1_12' title="bbox 211 1242 1796 1321">
    <p class='ocr_par' dir='ltr' id='par_1_12' title="bbox 211 1242 1796 1321">
     <span class='ocr_line' id='line_1_12' title="bbox 211 1242 1796 1321; baseline 0.009 -27"><span class='ocrx_word' id='word_1_58' title='bbox 211 1242 322 1295; x_wconf 80' lang='grc' dir='ltr'>καὶ</span> <span class='ocrx_word' id='word_1_59' title='bbox 396 1244 744 1309; x_wconf 75' lang='grc' dir='ltr'><strong>κενοδοξίαν·</strong></span> <span class='ocrx_word' id='word_1_60' title='bbox 793 1248 1174 1321; x_wconf 82' lang='grc' dir='ltr'>ἀναισθησίαν,</span> <span class='ocrx_word' id='word_1_61' title='bbox 1239 1255 1335 1306; x_wconf 76' lang='grc' dir='ltr'>καὶ</span> <span class='ocrx_word' id='word_1_62' title='bbox 1395 1255 1654 1321; x_wconf 75' lang='grc' dir='ltr'>ἄγνοιανο</span> <span class='ocrx_word' id='word_1_63' title='bbox 1703 1258 1796 1310; x_wconf 69' lang='grc' dir='ltr'>καὶ</span> 
     </span>
    </p>
   </div>
   <div class='ocr_carea' id='block_1_13' title="bbox 211 1332 1798 1413">
    <p class='ocr_par' dir='ltr' id='par_1_13' title="bbox 211 1332 1798 1413">
     <span class='ocr_line' id='line_1_13' title="bbox 211 1332 1798 1413; baseline 0.009 -31"><span class='ocrx_word' id='word_1_64' title='bbox 211 1332 273 1383; x_wconf 81' lang='grc' dir='ltr'>εἰ</span> <span class='ocrx_word' id='word_1_65' title='bbox 322 1332 497 1385; x_wconf 68' lang='grc' dir='ltr'>ταῦτα</span> <span class='ocrx_word' id='word_1_66' title='bbox 529 1335 877 1405; x_wconf 72' lang='grc' dir='ltr'>προσλάϐωσι</span> <span class='ocrx_word' id='word_1_67' title='bbox 928 1341 1023 1391; x_wconf 77' lang='grc' dir='ltr'>καὶ</span> <span class='ocrx_word' id='word_1_68' title='bbox 1062 1344 1526 1413; x_wconf 66' lang='grc' dir='ltr'>γαστριμαργίαν,</span> <span class='ocrx_word' id='word_1_69' title='bbox 1560 1347 1639 1406; x_wconf 81' lang='grc' dir='ltr'>εἰς</span> <span class='ocrx_word' id='word_1_70' title='bbox 1673 1347 1798 1413; x_wconf 59' lang='grc' dir='ltr'>πρὸ.</span> 
     </span>
    </p>
   </div>
   <div class='ocr_carea' id='block_1_14' title="bbox 208 1421 1792 1504">
    <p class='ocr_par' dir='ltr' id='par_1_14' title="bbox 208 1421 1792 1504">
     <span class='ocr_line' id='line_1_14' title="bbox 208 1421 1792 1504; baseline 0.008 -30"><span class='ocrx_word' id='word_1_71' title='bbox 208 1421 381 1493; x_wconf 70' lang='grc' dir='ltr'>δῆλον</span> <span class='ocrx_word' id='word_1_72' title='bbox 427 1425 671 1480; x_wconf 82' lang='grc' dir='ltr'>κίνδυνον</span> <span class='ocrx_word' id='word_1_73' title='bbox 727 1432 1098 1501; x_wconf 71' lang='grc' dir='ltr'><strong>καταφέρουσι</strong></span> <span class='ocrx_word' id='word_1_74' title='bbox 1138 1433 1229 1484; x_wconf 71' lang='grc' dir='ltr'><strong>τὸν</strong></span> <span class='ocrx_word' id='word_1_75' title='bbox 1265 1433 1439 1486; x_wconf 77' lang='grc' dir='ltr'>ταῦτα</span> <span class='ocrx_word' id='word_1_76' title='bbox 1516 1436 1792 1504; x_wconf 66' lang='grc' dir='ltr'>κτησάμεο</span> 
     </span>
    </p>
   </div>
   <div class='ocr_carea' id='block_1_15' title="bbox 211 1518 1794 1595">
    <p class='ocr_par' dir='ltr' id='par_1_15' title="bbox 211 1518 1794 1595">
     <span class='ocr_line' id='line_1_15' title="bbox 211 1518 1794 1595; baseline 0.008 -29"><span class='ocrx_word' id='word_1_77' title='bbox 211 1531 335 1578; x_wconf 85' lang='grc' dir='ltr'>νον,</span> <span class='ocrx_word' id='word_1_78' title='bbox 387 1518 481 1570; x_wconf 72' lang='grc' dir='ltr'>καὶ</span> <span class='ocrx_word' id='word_1_79' title='bbox 513 1520 595 1582; x_wconf 78' lang='grc' dir='ltr'><strong>εἰς</strong></span> <span class='ocrx_word' id='word_1_80' title='bbox 634 1519 895 1592; x_wconf 79' lang='grc' dir='ltr'><strong>αἰσχύνην</strong></span> <span class='ocrx_word' id='word_1_81' title='bbox 940 1523 1179 1591; x_wconf 79' lang='grc' dir='ltr'>αἰώνιον,</span> <span class='ocrx_word' id='word_1_82' title='bbox 1205 1526 1302 1576; x_wconf 77' lang='grc' dir='ltr'><strong>καὶ</strong></span> <span class='ocrx_word' id='word_1_83' title='bbox 1325 1525 1612 1579; x_wconf 82' lang='grc' dir='ltr'>ἀκούσεται</span> <span class='ocrx_word' id='word_1_84' title='bbox 1646 1528 1794 1595; x_wconf 71' lang='grc' dir='ltr'>παρὰ</span> 
     </span>
    </p>
   </div>
   <div class='ocr_carea' id='block_1_16' title="bbox 207 1615 1794 1692">
    <p class='ocr_par' dir='ltr' id='par_1_16' title="bbox 207 1615 1794 1692">
     <span class='ocr_line' id='line_1_16' title="bbox 207 1615 1794 1692; baseline 0.009 -25"><span class='ocrx_word' id='word_1_85' title='bbox 207 1615 433 1670; x_wconf 79' lang='grc' dir='ltr'>πολλῶν</span> <span class='ocrx_word' id='word_1_86' title='bbox 461 1635 476 1650; x_wconf 90' lang='grc'><strong>·</strong></span> <span class='ocrx_word' id='word_1_87' title='bbox 521 1621 742 1690; x_wconf 71' lang='grc' dir='ltr'>Ἰατρὲτ</span> <span class='ocrx_word' id='word_1_88' title='bbox 767 1624 1139 1692; x_wconf 78' lang='grc' dir='ltr'><strong>θεράπευσον</strong></span> <span class='ocrx_word' id='word_1_89' title='bbox 1167 1629 1428 1682; x_wconf 75' lang='grc' dir='ltr'>σεαυτόν</span> <span class='ocrx_word' id='word_1_90' title='bbox 1453 1645 1466 1657; x_wconf 93' lang='grc'><strong>·</strong></span> <span class='ocrx_word' id='word_1_91' title='bbox 1514 1631 1561 1682; x_wconf 84' lang='grc' dir='ltr'><strong>εί</strong></span> <span class='ocrx_word' id='word_1_92' title='bbox 1608 1629 1667 1682; x_wconf 77' lang='grc' dir='ltr'>δέ</span> <span class='ocrx_word' id='word_1_93' title='bbox 1711 1647 1794 1692; x_wconf 90' lang='grc' dir='ltr'><strong>τις</strong></span> 
     </span>
    </p>
   </div>
   <div class='ocr_carea' id='block_1_17' title="bbox 808 1820 1192 1891">
    <p class='ocr_par' dir='ltr' id='par_1_17' title="bbox 808 1820 1192 1891">
     <span class='ocr_line' id='line_1_17' title="bbox 808 1820 1192 1891; baseline 0.008 -20"><span class='ocrx_word' id='word_1_94' title='bbox 808 1820 1066 1887; x_wconf 78' lang='grc' dir='ltr'>Σχόλιον</span> <span class='ocrx_word' id='word_1_95' title='bbox 1095 1821 1192 1891; x_wconf 64' lang='grc' dir='ltr'><strong>ἔξηῆ</strong></span> 
     </span>
    </p>
   </div>
   <div class='ocr_carea' id='block_1_18' title="bbox 303 1888 1860 1987">
    <p class='ocr_par' dir='ltr' id='par_1_18' title="bbox 303 1888 1860 1987">
     <span class='ocr_line' id='line_1_18' title="bbox 303 1888 1860 1987; baseline 0.008 -29"><span class='ocrx_word' id='word_1_96' title='bbox 303 1904 729 1970; x_wconf 84' lang='grc' dir='ltr'>Ὑποτακτικαίς</span> <span class='ocrx_word' id='word_1_97' title='bbox 769 1911 867 1979; x_wconf 84' lang='grc' dir='ltr'>μὲν</span> <span class='ocrx_word' id='word_1_98' title='bbox 915 1914 1034 1975; x_wconf 85' lang='grc' dir='ltr'>ταῖς</span> <span class='ocrx_word' id='word_1_99' title='bbox 1073 1913 1176 1965; x_wconf 85' lang='grc' dir='ltr'><strong>ὑπὸ</strong></span> <span class='ocrx_word' id='word_1_100' title='bbox 1215 1914 1517 1985; x_wconf 82' lang='grc' dir='ltr'>ἀνθρώπων</span> <span class='ocrx_word' id='word_1_101' title='bbox 1559 1918 1787 1987; x_wconf 81' lang='grc' dir='ltr'>ἐπιτρα-</span> <span class='ocrx_word' id='word_1_102' title='bbox 1818 1888 1860 1942; x_wconf 74' lang='grc' dir='ltr'>Β</span> 
     </span>
    </p>
   </div>
   <div class='ocr_carea' id='block_1_19' title="bbox 207 1995 1789 2075">
    <p class='ocr_par' dir='ltr' id='par_1_19' title="bbox 207 1995 1789 2075">
     <span class='ocr_line' id='line_1_19' title="bbox 207 1995 1789 2075; baseline 0.007 -26"><span class='ocrx_word' id='word_1_103' title='bbox 207 1995 467 2062; x_wconf 76' lang='grc' dir='ltr'><strong>πείσαις·</strong></span> <span class='ocrx_word' id='word_1_104' title='bbox 497 2002 889 2066; x_wconf 78' lang='grc' dir='ltr'><strong>ἀνυποτάκτοις</strong></span> <span class='ocrx_word' id='word_1_105' title='bbox 919 2004 997 2066; x_wconf 83' lang='grc' dir='ltr'>δὲ,</span> <span class='ocrx_word' id='word_1_106' title='bbox 1022 2004 1235 2075; x_wconf 74' lang='grc' dir='ltr'>ταῖςιμὴ</span> <span class='ocrx_word' id='word_1_107' title='bbox 1261 2006 1661 2070; x_wconf 86' lang='grc' dir='ltr'>κελευσθείσαις</span> <span class='ocrx_word' id='word_1_108' title='bbox 1685 2008 1789 2060; x_wconf 73' lang='grc' dir='ltr'><strong>ὑπὸ</strong></span> 
     </span>
    </p>
   </div>
   <div class='ocr_carea' id='block_1_20' title="bbox 206 2094 1788 2174">
    <p class='ocr_par' dir='ltr' id='par_1_20' title="bbox 206 2094 1788 2174">
     <span class='ocr_line' id='line_1_20' title="bbox 206 2094 1788 2174; baseline 0.006 -26"><span class='ocrx_word' id='word_1_109' title='bbox 206 2094 544 2165; x_wconf 79' lang='grc' dir='ltr'>ἀνθρώπων,</span> <span class='ocrx_word' id='word_1_110' title='bbox 596 2098 715 2151; x_wconf 80' lang='grc' dir='ltr'>καθ’</span> <span class='ocrx_word' id='word_1_111' title='bbox 749 2099 940 2152; x_wconf 80' lang='grc' dir='ltr'>ἑαυτὸν</span> <span class='ocrx_word' id='word_1_112' title='bbox 995 2100 1326 2170; x_wconf 71' lang='grc' dir='ltr'>διατρίϐοντι</span> <span class='ocrx_word' id='word_1_113' title='bbox 1373 2105 1468 2156; x_wconf 73' lang='grc' dir='ltr'>καὶ</span> <span class='ocrx_word' id='word_1_114' title='bbox 1511 2103 1788 2174; x_wconf 66' lang='grc' dir='ltr'>ἀσκουμὲι</span> 
     </span>
    </p>
   </div>
   <div class='ocr_carea' id='block_1_21' title="bbox 208 2195 1295 2270">
    <p class='ocr_par' dir='ltr' id='par_1_21' title="bbox 208 2195 1295 2270">
     <span class='ocr_line' id='line_1_21' title="bbox 208 2195 1295 2270; baseline 0.008 -26"><span class='ocrx_word' id='word_1_115' title='bbox 208 2210 319 2262; x_wconf 83' lang='grc' dir='ltr'><strong>νῳ,</strong></span> <span class='ocrx_word' id='word_1_116' title='bbox 352 2195 445 2247; x_wconf 70' lang='grc' dir='ltr'>καὶ</span> <span class='ocrx_word' id='word_1_117' title='bbox 499 2197 573 2267; x_wconf 77' lang='grc' dir='ltr'>μὴ</span> <span class='ocrx_word' id='word_1_118' title='bbox 603 2199 660 2250; x_wconf 84' lang='grc' dir='ltr'>ἐν</span> <span class='ocrx_word' id='word_1_119' title='bbox 691 2200 937 2268; x_wconf 61' lang='grc' dir='ltr'>ὑποταγῇ</span> <span class='ocrx_word' id='word_1_120' title='bbox 976 2200 1295 2270; x_wconf 77' lang='grc' dir='ltr'><strong>ὑπάρχοντι.</strong></span> 
     </span>
    </p>
   </div>
   <div class='ocr_carea' id='block_1_22' title="bbox 803 2289 1189 2358">
    <p class='ocr_par' dir='ltr' id='par_1_22' title="bbox 803 2289 1189 2358">
     <span class='ocr_line' id='line_1_22' title="bbox 803 2289 1189 2358; baseline 0.005 -15"><span class='ocrx_word' id='word_1_121' title='bbox 803 2292 1063 2358; x_wconf 78' lang='grc' dir='ltr'>Σχόλιον</span> <span class='ocrx_word' id='word_1_122' title='bbox 1093 2289 1189 2354; x_wconf 66' lang='grc' dir='ltr'>ξ,θῖ</span> 
     </span>
    </p>
   </div>
   <div class='ocr_carea' id='block_1_23' title="bbox 294 2377 1788 2454">
    <p class='ocr_par' dir='ltr' id='par_1_23' title="bbox 294 2377 1788 2454">
     <span class='ocr_line' id='line_1_23' title="bbox 294 2377 1788 2454; baseline 0.004 -24"><span class='ocrx_word' id='word_1_123' title='bbox 294 2377 528 2446; x_wconf 86' lang='grc' dir='ltr'>Ἐρευνα</span> <span class='ocrx_word' id='word_1_124' title='bbox 552 2379 804 2451; x_wconf 70' lang='grc' dir='ltr'>ἀκριϐὴς,</span> <span class='ocrx_word' id='word_1_125' title='bbox 857 2381 974 2445; x_wconf 80' lang='grc' dir='ltr'>πῶς</span> <span class='ocrx_word' id='word_1_126' title='bbox 1031 2383 1270 2446; x_wconf 75' lang='grc' dir='ltr'>ἅπαντες</span> <span class='ocrx_word' id='word_1_127' title='bbox 1333 2383 1609 2454; x_wconf 82' lang='grc' dir='ltr'>δυνάμεθα</span> <span class='ocrx_word' id='word_1_128' title='bbox 1645 2385 1788 2452; x_wconf 83' lang='grc' dir='ltr'>γνῶ-</span> 
     </span>
    </p>
   </div>
   <div class='ocr_carea' id='block_1_24' title="bbox 208 2470 1787 2545">
    <p class='ocr_par' dir='ltr' id='par_1_24' title="bbox 208 2470 1787 2545">
     <span class='ocr_line' id='line_1_24' title="bbox 208 2470 1787 2545; baseline 0.008 -26"><span class='ocrx_word' id='word_1_129' title='bbox 208 2485 329 2531; x_wconf 80' lang='grc' dir='ltr'>ναι,</span> <span class='ocrx_word' id='word_1_130' title='bbox 371 2471 420 2521; x_wconf 78' lang='grc' dir='ltr'>ει</span> <span class='ocrx_word' id='word_1_131' title='bbox 471 2470 692 2540; x_wconf 81' lang='grc' dir='ltr'>ἀρέσκει</span> <span class='ocrx_word' id='word_1_132' title='bbox 747 2471 824 2543; x_wconf 80' lang='grc' dir='ltr'><strong>τῷ</strong></span> <span class='ocrx_word' id='word_1_133' title='bbox 884 2472 1002 2542; x_wconf 84' lang='grc' dir='ltr'><strong>Θεῷ</strong></span> <span class='ocrx_word' id='word_1_134' title='bbox 1051 2473 1112 2527; x_wconf 80' lang='grc' dir='ltr'>τὸ</span> <span class='ocrx_word' id='word_1_135' title='bbox 1168 2476 1328 2545; x_wconf 78' lang='grc' dir='ltr'>ἔργον</span> <span class='ocrx_word' id='word_1_136' title='bbox 1381 2478 1556 2545; x_wconf 82' lang='grc' dir='ltr'>ἡμῶν,</span> <span class='ocrx_word' id='word_1_137' title='bbox 1613 2477 1640 2530; x_wconf 81' lang='grc' dir='ltr'><strong>ὃ</strong></span> <span class='ocrx_word' id='word_1_138' title='bbox 1693 2479 1787 2531; x_wconf 74' lang='grc' dir='ltr'><strong>ἐὰν</strong></span> 
     </span>
    </p>
   </div>
   <div class='ocr_carea' id='block_1_25' title="bbox 210 2561 482 2631">
    <p class='ocr_par' dir='ltr' id='par_1_25' title="bbox 210 2561 482 2631">
     <span class='ocr_line' id='line_1_25' title="bbox 210 2561 482 2631; baseline 0.011 -19"><span class='ocrx_word' id='word_1_139' title='bbox 210 2561 482 2631; x_wconf 75' lang='grc' dir='ltr'>ποιῶμεν.</span> 
     </span>
    </p>
   </div>
   <div class='ocr_carea' id='block_1_26' title="bbox 340 2653 1185 2724">
    <p class='ocr_par' dir='ltr' id='par_1_26' title="bbox 340 2653 1185 2724">
     <span class='ocr_line' id='line_1_26' title="bbox 340 2653 1185 2724; baseline 0.004 -18"><span class='ocrx_word' id='word_1_140' title='bbox 340 2653 347 2659; x_wconf 84' lang='grc'><em>’</em></span> <span class='ocrx_word' id='word_1_141' title='bbox 815 2656 1074 2724; x_wconf 76' lang='grc' dir='ltr'>Σχόλιον</span> <span class='ocrx_word' id='word_1_142' title='bbox 1123 2657 1185 2709; x_wconf 84' lang='grc' dir='ltr'><strong>ο.</strong></span> 
     </span>
    </p>
   </div>
   <div class='ocr_carea' id='block_1_27' title="bbox 288 2739 1788 2821">
    <p class='ocr_par' dir='ltr' id='par_1_27' title="bbox 288 2739 1788 2821">
     <span class='ocr_line' id='line_1_27' title="bbox 288 2739 1788 2821; baseline 0.007 -27"><span class='ocrx_word' id='word_1_143' title='bbox 288 2739 363 2795; x_wconf 68' lang='lat' dir='ltr'><strong>To</strong></span> <span class='ocrx_word' id='word_1_144' title='bbox 417 2743 557 2797; x_wconf 81' lang='grc' dir='ltr'>κατά</span> <span class='ocrx_word' id='word_1_145' title='bbox 609 2745 817 2817; x_wconf 85' lang='grc' dir='ltr'>Θέλημα</span> <span class='ocrx_word' id='word_1_146' title='bbox 846 2747 979 2801; x_wconf 80' lang='grc' dir='ltr'>Θεοῦ</span> <span class='ocrx_word' id='word_1_147' title='bbox 1029 2750 1311 2820; x_wconf 76' lang='grc' dir='ltr'>γινόμενον</span> <span class='ocrx_word' id='word_1_148' title='bbox 1344 2749 1528 2821; x_wconf 77' lang='grc' dir='ltr'>ἔργον,</span> <span class='ocrx_word' id='word_1_149' title='bbox 1585 2751 1644 2803; x_wconf 83' lang='grc' dir='ltr'>ἐν</span> <span class='ocrx_word' id='word_1_150' title='bbox 1676 2754 1788 2814; x_wconf 77' lang='grc' dir='ltr'>τοῖς</span> 
     </span>
    </p>
   </div>
   <div class='ocr_carea' id='block_1_28' title="bbox 211 2831 1787 2909">
    <p class='ocr_par' dir='ltr' id='par_1_28' title="bbox 211 2831 1787 2909">
     <span class='ocr_line' id='line_1_28' title="bbox 211 2831 1787 2909; baseline 0.008 -27"><span class='ocrx_word' id='word_1_151' title='bbox 211 2831 602 2900; x_wconf 76' lang='grc' dir='ltr'>εἰσαγωγικοῖς</span> <span class='ocrx_word' id='word_1_152' title='bbox 634 2836 960 2890; x_wconf 80' lang='grc' dir='ltr'>ταπείνωσιν</span> <span class='ocrx_word' id='word_1_153' title='bbox 994 2837 1338 2909; x_wconf 83' lang='grc' dir='ltr'>προστίθησι,</span> <span class='ocrx_word' id='word_1_154' title='bbox 1378 2843 1437 2894; x_wconf 79' lang='grc' dir='ltr'>ἐν</span> <span class='ocrx_word' id='word_1_155' title='bbox 1492 2840 1547 2892; x_wconf 79' lang='grc' dir='ltr'>δὲ</span> <span class='ocrx_word' id='word_1_156' title='bbox 1599 2842 1787 2909; x_wconf 73' lang='grc' dir='ltr'>μέσοις</span> 
     </span>
    </p>
   </div>
   <div class='ocr_carea' id='block_1_29' title="bbox 215 2923 1789 3004">
    <p class='ocr_par' dir='ltr' id='par_1_29' title="bbox 215 2923 1789 3004">
     <span class='ocr_line' id='line_1_29' title="bbox 215 2923 1789 3004; baseline 0.006 -28"><span class='ocrx_word' id='word_1_157' title='bbox 215 2923 471 2994; x_wconf 78' lang='grc' dir='ltr'>πολέμων</span> <span class='ocrx_word' id='word_1_158' title='bbox 527 2925 895 2996; x_wconf 79' lang='grc' dir='ltr'>ἀναχώρησιν,</span> <span class='ocrx_word' id='word_1_159' title='bbox 951 2930 1008 2982; x_wconf 75' lang='grc' dir='ltr'>ἐν</span> <span class='ocrx_word' id='word_1_160' title='bbox 1057 2932 1112 2982; x_wconf 81' lang='grc' dir='ltr'>δὲ</span> <span class='ocrx_word' id='word_1_161' title='bbox 1178 2931 1403 2996; x_wconf 82' lang='grc' dir='ltr'>τελείοις</span> <span class='ocrx_word' id='word_1_162' title='bbox 1440 2935 1580 3002; x_wconf 79' lang='grc' dir='ltr'>φωτὶ</span> <span class='ocrx_word' id='word_1_163' title='bbox 1622 2952 1789 3004; x_wconf 82' lang='grc' dir='ltr'>προσ-</span> 
     </span>
    </p>
   </div>
   <div class='ocr_carea' id='block_1_30' title="bbox 213 3009 468 3078">
    <p class='ocr_par' dir='ltr' id='par_1_30' title="bbox 213 3009 468 3078">
     <span class='ocr_line' id='line_1_30' title="bbox 213 3009 468 3078; baseline 0 -15"><span class='ocrx_word' id='word_1_164' title='bbox 213 3009 468 3078; x_wconf 79' lang='grc' dir='ltr'>αυγάζει.</span> 
     </span>
    </p>
   </div>
   <div class='ocr_carea' id='block_1_31' title="bbox 804 3110 1211 3180">
    <p class='ocr_par' dir='ltr' id='par_1_31' title="bbox 804 3110 1211 3180">
     <span class='ocr_line' id='line_1_31' title="bbox 804 3110 1211 3180; baseline 0.012 -20"><span class='ocrx_word' id='word_1_165' title='bbox 804 3110 1059 3176; x_wconf 75' lang='grc' dir='ltr'>Σχόλιον</span> <span class='ocrx_word' id='word_1_166' title='bbox 1114 3111 1211 3180; x_wconf 77' lang='grc' dir='ltr'>οβ’.</span> 
     </span>
    </p>
   </div>
   <div class='ocr_carea' id='block_1_32' title="bbox 1896 626 3463 697">
    <p class='ocr_par' dir='ltr' id='par_1_32' title="bbox 1896 626 3463 697">
     <span class='ocr_line' id='line_1_32' title="bbox 1896 626 3463 697; baseline 0.004 -23"><span class='ocrx_word' id='word_1_167' title='bbox 1896 634 1949 674; x_wconf 91' lang='lat' dir='ltr'><strong>et</strong></span> <span class='ocrx_word' id='word_1_168' title='bbox 2004 635 2347 690; x_wconf 86' lang='lat' dir='ltr'><strong>peccatorum</strong></span> <span class='ocrx_word' id='word_1_169' title='bbox 2400 626 2769 692; x_wconf 80' lang='lat' dir='ltr'><strong>delestntioni,</strong></span> <span class='ocrx_word' id='word_1_170' title='bbox 2836 629 3034 697; x_wconf 78' lang='lat' dir='ltr'><strong>quibus</strong></span> <span class='ocrx_word' id='word_1_171' title='bbox 3094 630 3146 680; x_wconf 91' lang='lat' dir='ltr'><strong>in</strong></span> <span class='ocrx_word' id='word_1_172' title='bbox 3199 629 3463 696; x_wconf 84' lang='lat' dir='ltr'><strong>sanguine</strong></span> 
     </span>
    </p>
   </div>
   <div class='ocr_carea' id='block_1_33' title="bbox 1895 709 3094 780">
    <p class='ocr_par' dir='ltr' id='par_1_33' title="bbox 1895 709 3094 780">
     <span class='ocr_line' id='line_1_33' title="bbox 1895 709 3094 780; baseline 0.004 -18"><span class='ocrx_word' id='word_1_173' title='bbox 1895 709 2092 762; x_wconf 85' lang='lat' dir='ltr'><strong>Christi</strong></span> <span class='ocrx_word' id='word_1_174' title='bbox 2126 714 2396 780; x_wconf 87' lang='lat' dir='ltr'><strong>proposita</strong></span> <span class='ocrx_word' id='word_1_175' title='bbox 2435 724 2517 768; x_wconf 90' lang='lat' dir='ltr'><strong>est</strong></span> <span class='ocrx_word' id='word_1_176' title='bbox 2553 716 2706 768; x_wconf 79' lang='lat' dir='ltr'><strong>venia</strong></span> <span class='ocrx_word' id='word_1_177' title='bbox 2739 726 2792 770; x_wconf 86' lang='lat' dir='ltr'><strong>et</strong></span> <span class='ocrx_word' id='word_1_178' title='bbox 2824 717 3094 770; x_wconf 72' lang='lat' dir='ltr'><strong>remissio.</strong></span> 
     </span>
    </p>
   </div>
   <div class='ocr_carea' id='block_1_34' title="bbox 1898 799 3465 856">
    <p class='ocr_par' dir='ltr' id='par_1_34' title="bbox 1898 799 3465 856">
     <span class='ocr_line' id='line_1_34' title="bbox 1898 799 3465 856; baseline 0.001 -4"><span class='ocrx_word' id='word_1_179' title='bbox 1898 799 2149 853; x_wconf 77' lang='lat' dir='ltr'><strong>Scholion</strong></span> <span class='ocrx_word' id='word_1_180' title='bbox 2195 799 2459 854; x_wconf 79' lang='lat' dir='ltr'><strong>Gabrielis</strong></span> <span class='ocrx_word' id='word_1_181' title='bbox 2518 804 2760 855; x_wconf 75' lang='lat' dir='ltr'><strong>monachi</strong></span> <span class='ocrx_word' id='word_1_182' title='bbox 2814 815 2859 856; x_wconf 90' lang='lat' dir='ltr'><strong>ct</strong></span> <span class='ocrx_word' id='word_1_183' title='bbox 2907 805 3137 856; x_wconf 81' lang='lat' dir='ltr'><strong>solitarii</strong></span> <span class='ocrx_word' id='word_1_184' title='bbox 3187 805 3239 856; x_wconf 89' lang='lat' dir='ltr'><strong>in</strong></span> <span class='ocrx_word' id='word_1_185' title='bbox 3295 813 3465 853; x_wconf 73' lang='lat' dir='ltr'><strong>monte</strong></span> 
     </span>
    </p>
   </div>
   <div class='ocr_carea' id='block_1_35' title="bbox 2526 889 2815 946">
    <p class='ocr_par' dir='ltr' id='par_1_35' title="bbox 2526 889 2815 946">
     <span class='ocr_line' id='line_1_35' title="bbox 2526 889 2815 946; baseline 0.014 -4"><span class='ocrx_word' id='word_1_186' title='bbox 2526 889 2688 942; x_wconf 82' lang='lat' dir='ltr'><strong>Latro</strong></span> <span class='ocrx_word' id='word_1_187' title='bbox 2727 893 2815 946; x_wconf 81' lang='lat'><strong>67.</strong></span> 
     </span>
    </p>
   </div>
   <div class='ocr_carea' id='block_1_36' title="bbox 1966 984 3464 1058">
    <p class='ocr_par' dir='ltr' id='par_1_36' title="bbox 1966 984 3464 1058">
     <span class='ocr_line' id='line_1_36' title="bbox 1966 984 3464 1058; baseline 0.001 -20"><span class='ocrx_word' id='word_1_188' title='bbox 1966 985 2067 1050; x_wconf 73' lang='lat' dir='ltr'><strong>Qui</strong></span> <span class='ocrx_word' id='word_1_189' title='bbox 2124 985 2226 1039; x_wconf 93' lang='lat' dir='ltr'><strong>sibi</strong></span> <span class='ocrx_word' id='word_1_190' title='bbox 2279 987 2442 1040; x_wconf 87' lang='lat' dir='ltr'><strong>sumit</strong></span> <span class='ocrx_word' id='word_1_191' title='bbox 2479 995 2540 1040; x_wconf 89' lang='lat' dir='ltr'><strong>ut</strong></span> <span class='ocrx_word' id='word_1_192' title='bbox 2591 984 2944 1042; x_wconf 81' lang='lat' dir='ltr'><strong>aliosdoeeat</strong></span> <span class='ocrx_word' id='word_1_193' title='bbox 2975 1003 3206 1058; x_wconf 87' lang='lat' dir='ltr'><strong>quorum</strong></span> <span class='ocrx_word' id='word_1_194' title='bbox 3237 987 3352 1055; x_wconf 87' lang='lat' dir='ltr'><strong>ipse</strong></span> <span class='ocrx_word' id='word_1_195' title='bbox 3383 988 3464 1039; x_wconf 71' lang='lat' dir='ltr'><strong>vel</strong></span> 
     </span>
    </p>
   </div>
   <div class='ocr_carea' id='block_1_37' title="bbox 1897 1078 3459 1147">
    <p class='ocr_par' dir='ltr' id='par_1_37' title="bbox 1897 1078 3459 1147">
     <span class='ocr_line' id='line_1_37' title="bbox 1897 1078 3459 1147; baseline 0.003 -19"><span class='ocrx_word' id='word_1_196' title='bbox 1897 1093 1998 1130; x_wconf 90' lang='lat' dir='ltr'><strong>usu</strong></span> <span class='ocrx_word' id='word_1_197' title='bbox 2044 1078 2124 1130; x_wconf 88' lang='lat' dir='ltr'><strong>vel</strong></span> <span class='ocrx_word' id='word_1_198' title='bbox 2181 1079 2491 1145; x_wconf 71' lang='lat' dir='ltr'><strong>cognitione</strong></span> <span class='ocrx_word' id='word_1_199' title='bbox 2541 1080 2935 1147; x_wconf 82' lang='lat' dir='ltr'><strong>experientiam</strong></span> <span class='ocrx_word' id='word_1_200' title='bbox 2994 1082 3195 1135; x_wconf 88' lang='lat' dir='ltr'><strong>nullam</strong></span> <span class='ocrx_word' id='word_1_201' title='bbox 3253 1082 3459 1143; x_wconf 86' lang='lat' dir='ltr'><strong>babuit,</strong></span> 
     </span>
    </p>
   </div>
   <div class='ocr_carea' id='block_1_38' title="bbox 1895 1171 3459 1241">
    <p class='ocr_par' dir='ltr' id='par_1_38' title="bbox 1895 1171 3459 1241">
     <span class='ocr_line' id='line_1_38' title="bbox 1895 1171 3459 1241; baseline 0.003 -20"><span class='ocrx_word' id='word_1_202' title='bbox 1895 1171 2112 1237; x_wconf 80' lang='lat' dir='ltr'><strong>gemino</strong></span> <span class='ocrx_word' id='word_1_203' title='bbox 2145 1171 2356 1234; x_wconf 85' lang='lat' dir='ltr'><strong>morbo,</strong></span> <span class='ocrx_word' id='word_1_204' title='bbox 2390 1174 2712 1241; x_wconf 73' lang='lat' dir='ltr'><strong>geminaque</strong></span> <span class='ocrx_word' id='word_1_205' title='bbox 2742 1176 2985 1228; x_wconf 67' lang='lat' dir='ltr'><strong>caecitate</strong></span> <span class='ocrx_word' id='word_1_206' title='bbox 3011 1176 3257 1228; x_wconf 84' lang='lat' dir='ltr'><strong>laborat:</strong></span> <span class='ocrx_word' id='word_1_207' title='bbox 3294 1175 3459 1228; x_wconf 86' lang='lat' dir='ltr'><strong>animi</strong></span> 
     </span>
    </p>
   </div>
   <div class='ocr_carea' id='block_1_39' title="bbox 1894 1264 3462 1335">
    <p class='ocr_par' dir='ltr' id='par_1_39' title="bbox 1894 1264 3462 1335">
     <span class='ocr_line' id='line_1_39' title="bbox 1894 1264 3462 1335; baseline 0.001 -19"><span class='ocrx_word' id='word_1_208' title='bbox 1894 1264 2126 1319; x_wconf 87' lang='lat' dir='ltr'><strong>elatione</strong></span> <span class='ocrx_word' id='word_1_209' title='bbox 2182 1275 2236 1318; x_wconf 89' lang='lat' dir='ltr'><strong>ct</strong></span> <span class='ocrx_word' id='word_1_210' title='bbox 2285 1282 2419 1318; x_wconf 85' lang='lat' dir='ltr'><strong>vana</strong></span> <span class='ocrx_word' id='word_1_211' title='bbox 2471 1268 2664 1334; x_wconf 75' lang='lat' dir='ltr'><strong>gloria,</strong></span> <span class='ocrx_word' id='word_1_212' title='bbox 2727 1279 2951 1335; x_wconf 86' lang='lat' dir='ltr'><strong>stupore</strong></span> <span class='ocrx_word' id='word_1_213' title='bbox 2995 1270 3162 1322; x_wconf 88' lang='lat' dir='ltr'><strong>animi</strong></span> <span class='ocrx_word' id='word_1_214' title='bbox 3215 1279 3268 1322; x_wconf 85' lang='lat' dir='ltr'><strong>et</strong></span> <span class='ocrx_word' id='word_1_215' title='bbox 3309 1270 3462 1335; x_wconf 80' lang='lat' dir='ltr'><strong>igno-</strong></span> 
     </span>
    </p>
   </div>
   <div class='ocr_carea' id='block_1_40' title="bbox 1899 1357 3460 1427">
    <p class='ocr_par' dir='ltr' id='par_1_40' title="bbox 1899 1357 3460 1427">
     <span class='ocr_line' id='line_1_40' title="bbox 1899 1357 3460 1427; baseline 0.003 -20"><span class='ocrx_word' id='word_1_216' title='bbox 1899 1357 2092 1408; x_wconf 82' lang='lat' dir='ltr'><strong>rantia.</strong></span> <span class='ocrx_word' id='word_1_217' title='bbox 2130 1358 2189 1410; x_wconf 73' lang='lat' dir='ltr'><strong>[it</strong></span> <span class='ocrx_word' id='word_1_218' title='bbox 2226 1359 2269 1412; x_wconf 86' lang='lat' dir='ltr'><strong>si</strong></span> <span class='ocrx_word' id='word_1_219' title='bbox 2329 1359 2442 1411; x_wconf 66' lang='lat' dir='ltr'><strong>bcec</strong></span> <span class='ocrx_word' id='word_1_220' title='bbox 2482 1360 2608 1412; x_wconf 86' lang='lat' dir='ltr'><strong>vitia</strong></span> <span class='ocrx_word' id='word_1_221' title='bbox 2666 1361 2716 1412; x_wconf 91' lang='lat' dir='ltr'><strong>in</strong></span> <span class='ocrx_word' id='word_1_222' title='bbox 2751 1361 3062 1414; x_wconf 84' lang='lat' dir='ltr'><strong>societatem</strong></span> <span class='ocrx_word' id='word_1_223' title='bbox 3086 1361 3250 1414; x_wconf 86' lang='lat' dir='ltr'><strong>etiam</strong></span> <span class='ocrx_word' id='word_1_224' title='bbox 3281 1361 3460 1427; x_wconf 79' lang='lat' dir='ltr'><strong>gulam</strong></span> 
     </span>
    </p>
   </div>
   <div class='ocr_carea' id='block_1_41' title="bbox 1895 1450 3461 1520">
    <p class='ocr_par' dir='ltr' id='par_1_41' title="bbox 1895 1450 3461 1520">
     <span class='ocr_line' id='line_1_41' title="bbox 1895 1450 3461 1520; baseline 0.002 -20"><span class='ocrx_word' id='word_1_225' title='bbox 1895 1450 2188 1503; x_wconf 83' lang='lat' dir='ltr'><strong>asciverint</strong></span> <span class='ocrx_word' id='word_1_226' title='bbox 2217 1452 2267 1503; x_wconf 91' lang='lat' dir='ltr'><strong>iu</strong></span> <span class='ocrx_word' id='word_1_227' title='bbox 2302 1461 2543 1520; x_wconf 83' lang='lat' dir='ltr'><strong>apertum</strong></span> <span class='ocrx_word' id='word_1_228' title='bbox 2579 1453 2729 1506; x_wconf 79' lang='lat' dir='ltr'><strong>exitii</strong></span> <span class='ocrx_word' id='word_1_229' title='bbox 2761 1453 3076 1516; x_wconf 77' lang='lat' dir='ltr'><strong>discrimen,</strong></span> <span class='ocrx_word' id='word_1_230' title='bbox 3117 1453 3185 1504; x_wconf 86' lang='lat' dir='ltr'><strong>ita</strong></span> <span class='ocrx_word' id='word_1_231' title='bbox 3211 1451 3461 1505; x_wconf 65' lang='lat' dir='ltr'><strong>allectum</strong></span> 
     </span>
    </p>
   </div>
   <div class='ocr_carea' id='block_1_42' title="bbox 1895 1541 3464 1614">
    <p class='ocr_par' dir='ltr' id='par_1_42' title="bbox 1895 1541 3464 1614">
     <span class='ocr_line' id='line_1_42' title="bbox 1895 1541 3464 1614; baseline 0.001 -22"><span class='ocrx_word' id='word_1_232' title='bbox 1895 1541 2266 1608; x_wconf 84' lang='lat' dir='ltr'><strong>conjiciuntet</strong></span> <span class='ocrx_word' id='word_1_233' title='bbox 2297 1544 2349 1596; x_wconf 89' lang='lat' dir='ltr'><strong>in</strong></span> <span class='ocrx_word' id='word_1_234' title='bbox 2409 1545 2642 1599; x_wconf 82' lang='lat' dir='ltr'><strong>dedecus</strong></span> <span class='ocrx_word' id='word_1_235' title='bbox 2696 1555 2855 1614; x_wconf 76' lang='lat' dir='ltr'><strong>atque</strong></span> <span class='ocrx_word' id='word_1_236' title='bbox 2910 1544 3256 1613; x_wconf 80' lang='lat' dir='ltr'><strong>ignominiam</strong></span> <span class='ocrx_word' id='word_1_237' title='bbox 3307 1552 3464 1596; x_wconf 72' lang='lat' dir='ltr'><strong>azter-</strong></span> 
     </span>
    </p>
   </div>
   <div class='ocr_carea' id='block_1_43' title="bbox 1896 1636 3458 1705">
    <p class='ocr_par' dir='ltr' id='par_1_43' title="bbox 1896 1636 3458 1705">
     <span class='ocr_line' id='line_1_43' title="bbox 1896 1636 3458 1705; baseline 0.002 -21"><span class='ocrx_word' id='word_1_238' title='bbox 1896 1647 2045 1693; x_wconf 89' lang='lat' dir='ltr'><strong>nam,</strong></span> <span class='ocrx_word' id='word_1_239' title='bbox 2073 1636 2364 1705; x_wconf 77' lang='lat' dir='ltr'><strong>audietque</strong></span> <span class='ocrx_word' id='word_1_240' title='bbox 2392 1653 2419 1689; x_wconf 89' lang='lat' dir='ltr'><strong>a</strong></span> <span class='ocrx_word' id='word_1_241' title='bbox 2441 1637 2623 1692; x_wconf 89' lang='lat' dir='ltr'><strong>multis</strong></span> <span class='ocrx_word' id='word_1_242' title='bbox 2653 1657 2664 1689; x_wconf 91' lang='lat'><strong>:</strong></span> <span class='ocrx_word' id='word_1_243' title='bbox 2705 1639 2921 1700; x_wconf 77' lang='lat' dir='ltr'><strong>medice,</strong></span> <span class='ocrx_word' id='word_1_244' title='bbox 2964 1654 3092 1690; x_wconf 83' lang='lat' dir='ltr'><strong>cura</strong></span> <span class='ocrx_word' id='word_1_245' title='bbox 3120 1639 3341 1705; x_wconf 80' lang='lat' dir='ltr'><strong>tcipsum</strong></span> <span class='ocrx_word' id='word_1_246' title='bbox 3375 1637 3418 1667; x_wconf 74' lang='grc'><strong>⁸⁷</strong></span> <span class='ocrx_word' id='word_1_247' title='bbox 3447 1655 3458 1687; x_wconf 95' lang='lat'><strong>:</strong></span> 
     </span>
    </p>
   </div>
   <div class='ocr_carea' id='block_1_44' title="bbox 2491 1822 2845 1876">
    <p class='ocr_par' dir='ltr' id='par_1_44' title="bbox 2491 1822 2845 1876">
     <span class='ocr_line' id='line_1_44' title="bbox 2491 1822 2845 1876; baseline -0.003 -1"><span class='ocrx_word' id='word_1_248' title='bbox 2491 1823 2734 1876; x_wconf 78' lang='lat' dir='ltr'><strong>Scholion</strong></span> <span class='ocrx_word' id='word_1_249' title='bbox 2758 1822 2845 1875; x_wconf 83' lang='lat'><strong>(58.</strong></span> 
     </span>
    </p>
   </div>
   <div class='ocr_carea' id='block_1_45' title="bbox 1962 1913 3458 1979">
    <p class='ocr_par' dir='ltr' id='par_1_45' title="bbox 1962 1913 3458 1979">
     <span class='ocr_line' id='line_1_45' title="bbox 1962 1913 3458 1979; baseline 0 -12"><span class='ocrx_word' id='word_1_250' title='bbox 1962 1914 2016 1968; x_wconf 89' lang='lat' dir='ltr'><strong>lu</strong></span> <span class='ocrx_word' id='word_1_251' title='bbox 2051 1913 2333 1979; x_wconf 74' lang='lat' dir='ltr'><strong>subjectis,</strong></span> <span class='ocrx_word' id='word_1_252' title='bbox 2355 1913 2405 1967; x_wconf 92' lang='lat' dir='ltr'><strong>id</strong></span> <span class='ocrx_word' id='word_1_253' title='bbox 2430 1925 2532 1978; x_wconf 88' lang='lat' dir='ltr'><strong>est,</strong></span> <span class='ocrx_word' id='word_1_254' title='bbox 2566 1916 2632 1967; x_wconf 88' lang='lat' dir='ltr'><strong>ab</strong></span> <span class='ocrx_word' id='word_1_255' title='bbox 2659 1914 2971 1968; x_wconf 82' lang='lat' dir='ltr'><strong>nominibus</strong></span> <span class='ocrx_word' id='word_1_256' title='bbox 3007 1913 3100 1967; x_wconf 84' lang='lat' dir='ltr'><strong>tibi</strong></span> <span class='ocrx_word' id='word_1_257' title='bbox 3124 1913 3458 1967; x_wconf 76' lang='lat' dir='ltr'><strong>commissis.</strong></span> 
     </span>
    </p>
   </div>
   <div class='ocr_carea' id='block_1_46' title="bbox 1890 2007 3462 2076">
    <p class='ocr_par' dir='ltr' id='par_1_46' title="bbox 1890 2007 3462 2076">
     <span class='ocr_line' id='line_1_46' title="bbox 1890 2007 3462 2076; baseline -0.001 -16"><span class='ocrx_word' id='word_1_258' title='bbox 1890 2009 2007 2062; x_wconf 86' lang='lat' dir='ltr'><strong>Non</strong></span> <span class='ocrx_word' id='word_1_259' title='bbox 2042 2008 2320 2076; x_wconf 76' lang='lat' dir='ltr'><strong>subjectis,</strong></span> <span class='ocrx_word' id='word_1_260' title='bbox 2349 2009 2396 2060; x_wconf 88' lang='lat' dir='ltr'><strong>id</strong></span> <span class='ocrx_word' id='word_1_261' title='bbox 2429 2023 2531 2069; x_wconf 85' lang='lat' dir='ltr'><strong>est,</strong></span> <span class='ocrx_word' id='word_1_262' title='bbox 2564 2024 2669 2062; x_wconf 92' lang='lat' dir='ltr'><strong>non</strong></span> <span class='ocrx_word' id='word_1_263' title='bbox 2703 2009 2980 2076; x_wconf 83' lang='lat' dir='ltr'><strong>imperatis</strong></span> <span class='ocrx_word' id='word_1_264' title='bbox 3029 2007 3096 2060; x_wconf 90' lang='lat' dir='ltr'><strong>ab</strong></span> <span class='ocrx_word' id='word_1_265' title='bbox 3124 2008 3462 2069; x_wconf 78' lang='lat' dir='ltr'><strong>hominibus,</strong></span> 
     </span>
    </p>
   </div>
   <div class='ocr_carea' id='block_1_47' title="bbox 1891 2100 3460 2172">
    <p class='ocr_par' dir='ltr' id='par_1_47' title="bbox 1891 2100 3460 2172">
     <span class='ocr_line' id='line_1_47' title="bbox 1891 2100 3460 2172; baseline -0.001 -17"><span class='ocrx_word' id='word_1_266' title='bbox 1891 2117 1990 2155; x_wconf 89' lang='lat' dir='ltr'><strong>suo</strong></span> <span class='ocrx_word' id='word_1_267' title='bbox 2021 2116 2213 2170; x_wconf 88' lang='lat' dir='ltr'><strong>nempe</strong></span> <span class='ocrx_word' id='word_1_268' title='bbox 2242 2110 2374 2154; x_wconf 92' lang='lat' dir='ltr'><strong>nutu</strong></span> <span class='ocrx_word' id='word_1_269' title='bbox 2396 2102 2622 2163; x_wconf 81' lang='lat' dir='ltr'><strong>viventi,</strong></span> <span class='ocrx_word' id='word_1_270' title='bbox 2645 2114 2697 2157; x_wconf 88' lang='lat' dir='ltr'><strong>et</strong></span> <span class='ocrx_word' id='word_1_271' title='bbox 2734 2119 2853 2157; x_wconf 88' lang='lat' dir='ltr'><strong>sese</strong></span> <span class='ocrx_word' id='word_1_272' title='bbox 2877 2103 3130 2172; x_wconf 76' lang='lat' dir='ltr'><strong>privatim</strong></span> <span class='ocrx_word' id='word_1_273' title='bbox 3163 2100 3460 2167; x_wconf 82' lang='lat' dir='ltr'><strong>exercenti,</strong></span> 
     </span>
    </p>
   </div>
   <div class='ocr_carea' id='block_1_48' title="bbox 1891 2198 2412 2266">
    <p class='ocr_par' dir='ltr' id='par_1_48' title="bbox 1891 2198 2412 2266">
     <span class='ocr_line' id='line_1_48' title="bbox 1891 2198 2412 2266; baseline -0.002 -16"><span class='ocrx_word' id='word_1_274' title='bbox 1891 2211 1992 2252; x_wconf 86' lang='lat' dir='ltr'><strong>nec</strong></span> <span class='ocrx_word' id='word_1_275' title='bbox 2022 2198 2115 2252; x_wconf 89' lang='lat' dir='ltr'><strong>ulli</strong></span> <span class='ocrx_word' id='word_1_276' title='bbox 2147 2198 2412 2266; x_wconf 83' lang='lat' dir='ltr'><strong>subjecto.</strong></span> 
     </span>
    </p>
   </div>
   <div class='ocr_carea' id='block_1_49' title="bbox 2474 2287 2856 2341">
    <p class='ocr_par' dir='ltr' id='par_1_49' title="bbox 2474 2287 2856 2341">
     <span class='ocr_line' id='line_1_49' title="bbox 2474 2287 2856 2341; baseline -0.005 0"><span class='ocrx_word' id='word_1_277' title='bbox 2474 2287 2716 2341; x_wconf 80' lang='lat' dir='ltr'><strong>Scholion</strong></span> <span class='ocrx_word' id='word_1_278' title='bbox 2768 2288 2856 2341; x_wconf 77' lang='lat'><strong>09.</strong></span> 
     </span>
    </p>
   </div>
   <div class='ocr_carea' id='block_1_50' title="bbox 1958 2379 3454 2450">
    <p class='ocr_par' dir='ltr' id='par_1_50' title="bbox 1958 2379 3454 2450">
     <span class='ocr_line' id='line_1_50' title="bbox 1958 2379 3454 2450; baseline -0.001 -18"><span class='ocrx_word' id='word_1_279' title='bbox 1958 2379 2226 2434; x_wconf 80' lang='lat' dir='ltr'><strong>Accurata</strong></span> <span class='ocrx_word' id='word_1_280' title='bbox 2264 2379 2630 2450; x_wconf 80' lang='lat' dir='ltr'><strong>investigatio,</strong></span> <span class='ocrx_word' id='word_1_281' title='bbox 2657 2380 2936 2448; x_wconf 78' lang='lat' dir='ltr'><strong>quomodo</strong></span> <span class='ocrx_word' id='word_1_282' title='bbox 2963 2395 3152 2433; x_wconf 86' lang='lat' dir='ltr'><strong>omnes</strong></span> <span class='ocrx_word' id='word_1_283' title='bbox 3181 2379 3454 2448; x_wconf 77' lang='lat' dir='ltr'><strong>possimus</strong></span> 
     </span>
    </p>
   </div>
   <div class='ocr_carea' id='block_1_51' title="bbox 1889 2472 3458 2542">
    <p class='ocr_par' dir='ltr' id='par_1_51' title="bbox 1889 2472 3458 2542">
     <span class='ocr_line' id='line_1_51' title="bbox 1889 2472 3458 2542; baseline -0.001 -18"><span class='ocrx_word' id='word_1_284' title='bbox 1889 2487 2215 2542; x_wconf 79' lang='lat' dir='ltr'><strong>cognoscere</strong></span> <span class='ocrx_word' id='word_1_285' title='bbox 2267 2489 2336 2526; x_wconf 84' lang='lat' dir='ltr'><strong>an</strong></span> <span class='ocrx_word' id='word_1_286' title='bbox 2391 2473 2541 2526; x_wconf 84' lang='lat' dir='ltr'><strong>labor</strong></span> <span class='ocrx_word' id='word_1_287' title='bbox 2593 2482 2774 2524; x_wconf 90' lang='lat' dir='ltr'><strong>noster</strong></span> <span class='ocrx_word' id='word_1_288' title='bbox 2837 2472 2880 2525; x_wconf 88' lang='lat' dir='ltr'><strong>si</strong></span> <span class='ocrx_word' id='word_1_289' title='bbox 2939 2488 3097 2540; x_wconf 82' lang='lat' dir='ltr'><strong>quem</strong></span> <span class='ocrx_word' id='word_1_290' title='bbox 3122 2472 3458 2539; x_wconf 84' lang='lat' dir='ltr'><strong>suscipimus</strong></span> 
     </span>
    </p>
   </div>
   <div class='ocr_carea' id='block_1_52' title="bbox 1891 2565 2260 2633">
    <p class='ocr_par' dir='ltr' id='par_1_52' title="bbox 1891 2565 2260 2633">
     <span class='ocr_line' id='line_1_52' title="bbox 1891 2565 2260 2633; baseline 0 -15"><span class='ocrx_word' id='word_1_291' title='bbox 1891 2565 2002 2619; x_wconf 91' lang='lat' dir='ltr'><strong>Deo</strong></span> <span class='ocrx_word' id='word_1_292' title='bbox 2032 2566 2260 2633; x_wconf 87' lang='lat' dir='ltr'><strong>placeat.</strong></span> 
     </span>
    </p>
   </div>
   <div class='ocr_carea' id='block_1_53' title="bbox 2507 2655 2866 2710">
    <p class='ocr_par' dir='ltr' id='par_1_53' title="bbox 2507 2655 2866 2710">
     <span class='ocr_line' id='line_1_53' title="bbox 2507 2655 2866 2710; baseline 0 0"><span class='ocrx_word' id='word_1_293' title='bbox 2507 2655 2751 2710; x_wconf 78' lang='lat' dir='ltr'><strong>Scholion</strong></span> <span class='ocrx_word' id='word_1_294' title='bbox 2781 2657 2866 2710; x_wconf 85' lang='lat'><strong>70.</strong></span> 
     </span>
    </p>
   </div>
   <div class='ocr_carea' id='block_1_54' title="bbox 1959 2746 3451 2817">
    <p class='ocr_par' dir='ltr' id='par_1_54' title="bbox 1959 2746 3451 2817">
     <span class='ocr_line' id='line_1_54' title="bbox 1959 2746 3451 2817; baseline -0.001 -16"><span class='ocrx_word' id='word_1_295' title='bbox 1959 2747 2106 2817; x_wconf 89' lang='lat' dir='ltr'><strong>Opus</strong></span> <span class='ocrx_word' id='word_1_296' title='bbox 2141 2758 2201 2802; x_wconf 87' lang='lat' dir='ltr'><strong>ut</strong></span> <span class='ocrx_word' id='word_1_297' title='bbox 2234 2764 2300 2802; x_wconf 80' lang='lat' dir='ltr'><strong>ex</strong></span> <span class='ocrx_word' id='word_1_298' title='bbox 2353 2746 2444 2802; x_wconf 91' lang='lat' dir='ltr'><strong>Dei</strong></span> <span class='ocrx_word' id='word_1_299' title='bbox 2482 2749 2755 2802; x_wconf 83' lang='lat' dir='ltr'><strong>voluntate</strong></span> <span class='ocrx_word' id='word_1_300' title='bbox 2795 2750 2904 2812; x_wconf 82' lang='lat' dir='ltr'><strong>liat,</strong></span> <span class='ocrx_word' id='word_1_301' title='bbox 2957 2747 3226 2802; x_wconf 89' lang='lat' dir='ltr'><strong>tironibus</strong></span> <span class='ocrx_word' id='word_1_302' title='bbox 3266 2749 3451 2802; x_wconf 79' lang='lat' dir='ltr'><strong>humi-</strong></span> 
     </span>
    </p>
   </div>
   <div class='ocr_carea' id='block_1_55' title="bbox 1891 2840 3457 2910">
    <p class='ocr_par' dir='ltr' id='par_1_55' title="bbox 1891 2840 3457 2910">
     <span class='ocr_line' id='line_1_55' title="bbox 1891 2840 3457 2910; baseline 0 -14"><span class='ocrx_word' id='word_1_303' title='bbox 1891 2843 2092 2896; x_wconf 87' lang='lat' dir='ltr'><strong>litatem</strong></span> <span class='ocrx_word' id='word_1_304' title='bbox 2123 2840 2300 2903; x_wconf 81' lang='lat' dir='ltr'><strong>allert,</strong></span> <span class='ocrx_word' id='word_1_305' title='bbox 2335 2841 2401 2894; x_wconf 90' lang='lat' dir='ltr'><strong>iis</strong></span> <span class='ocrx_word' id='word_1_306' title='bbox 2427 2841 2518 2910; x_wconf 75' lang='lat' dir='ltr'><strong>qui</strong></span> <span class='ocrx_word' id='word_1_307' title='bbox 2547 2841 2655 2909; x_wconf 84' lang='lat' dir='ltr'><strong>jam</strong></span> <span class='ocrx_word' id='word_1_308' title='bbox 2685 2842 3053 2908; x_wconf 75' lang='lat' dir='ltr'><strong>proiecerunt,</strong></span> <span class='ocrx_word' id='word_1_309' title='bbox 3080 2841 3318 2896; x_wconf 85' lang='lat' dir='ltr'><strong>hostium</strong></span> <span class='ocrx_word' id='word_1_310' title='bbox 3367 2857 3457 2896; x_wconf 82' lang='lat' dir='ltr'><strong>se-</strong></span> 
     </span>
    </p>
   </div>
   <div class='ocr_carea' id='block_1_56' title="bbox 1889 2930 3459 3002">
    <p class='ocr_par' dir='ltr' id='par_1_56' title="bbox 1889 2930 3459 3002">
     <span class='ocr_line' id='line_1_56' title="bbox 1889 2930 3459 3002; baseline 0.001 -16"><span class='ocrx_word' id='word_1_311' title='bbox 1889 2948 2137 2997; x_wconf 84' lang='lat' dir='ltr'><strong>cessum;</strong></span> <span class='ocrx_word' id='word_1_312' title='bbox 2173 2930 2831 2999; x_wconf 87' lang='lat' dir='ltr'><strong>perlectisluminilumeu</strong></span> <span class='ocrx_word' id='word_1_313' title='bbox 2872 2932 3041 2998; x_wconf 83' lang='lat' dir='ltr'><strong>addit,</strong></span> <span class='ocrx_word' id='word_1_314' title='bbox 3087 2932 3366 3002; x_wconf 82' lang='lat' dir='ltr'><strong>magisque</strong></span> <span class='ocrx_word' id='word_1_315' title='bbox 3394 2946 3459 2988; x_wconf 88' lang='lat' dir='ltr'><strong>ac</strong></span> 
     </span>
    </p>
   </div>
   <div class='ocr_carea' id='block_1_57' title="bbox 1891 3024 2354 3093">
    <p class='ocr_par' dir='ltr' id='par_1_57' title="bbox 1891 3024 2354 3093">
     <span class='ocr_line' id='line_1_57' title="bbox 1891 3024 2354 3093; baseline -0.006 -16"><span class='ocrx_word' id='word_1_316' title='bbox 1891 3026 2063 3093; x_wconf 73' lang='lat' dir='ltr'><strong>magis</strong></span> <span class='ocrx_word' id='word_1_317' title='bbox 2100 3024 2354 3076; x_wconf 74' lang='lat' dir='ltr'><strong>illustrat.</strong></span> 
     </span>
    </p>
   </div>
   <div class='ocr_carea' id='block_1_58' title="bbox 2485 3111 2856 3166">
    <p class='ocr_par' dir='ltr' id='par_1_58' title="bbox 2485 3111 2856 3166">
     <span class='ocr_line' id='line_1_58' title="bbox 2485 3111 2856 3166; baseline -0.005 0"><span class='ocrx_word' id='word_1_318' title='bbox 2485 3111 2732 3166; x_wconf 84' lang='lat' dir='ltr'><strong>Scholion</strong></span> <span class='ocrx_word' id='word_1_319' title='bbox 2771 3112 2856 3165; x_wconf 75' lang='lat' dir='ltr'><strong>7i.</strong></span> 
     </span>
    </p>
   </div>
   <div class='ocr_carea' id='block_1_59' title="bbox 325 3179 1793 3291">
    <p class='ocr_par' dir='ltr' id='par_1_59' title="bbox 325 3179 1788 3288">
     <span class='ocr_line' id='line_1_59' title="bbox 325 3179 1788 3288; baseline 0.01 -41"><span class='ocrx_word' id='word_1_320' title='bbox 325 3195 472 3288; x_wconf 60' lang='grc' dir='ltr'>ᾏντὶ</span> <span class='ocrx_word' id='word_1_321' title='bbox 514 3196 609 3250; x_wconf 76' lang='grc' dir='ltr'><strong>τοῦ</strong></span> <span class='ocrx_word' id='word_1_322' title='bbox 648 3199 977 3270; x_wconf 78' lang='grc' dir='ltr'>νομιζόμενα</span> <span class='ocrx_word' id='word_1_323' title='bbox 1010 3179 1183 3274; x_wconf 77' lang='grc' dir='ltr'>μικρᾶ</span> <span class='ocrx_word' id='word_1_324' title='bbox 1241 3205 1393 3275; x_wconf 80' lang='grc' dir='ltr'>παρὰ</span> <span class='ocrx_word' id='word_1_325' title='bbox 1460 3209 1571 3270; x_wconf 83' lang='grc' dir='ltr'>τοῖς</span> <span class='ocrx_word' id='word_1_326' title='bbox 1619 3209 1788 3276; x_wconf 82' lang='grc' dir='ltr'>μεγά-</span> 
     </span>
    </p>
   </div>
   <div class='ocr_carea' id='block_1_60' title="bbox 1891 3179 3462 3291">
    <p class='ocr_par' dir='ltr' id='par_1_60' title="bbox 1961 3179 3462 3273">
     <span class='ocr_line' id='line_1_60' title="bbox 1961 3179 3462 3273; baseline 0.001 -18"><span class='ocrx_word' id='word_1_327' title='bbox 1961 3202 2064 3257; x_wconf 86' lang='lat' dir='ltr'><strong>Pro</strong></span> <span class='ocrx_word' id='word_1_328' title='bbox 2105 3220 2187 3269; x_wconf 91' lang='lat' dir='ltr'><strong>eo,</strong></span> <span class='ocrx_word' id='word_1_329' title='bbox 2246 3204 2390 3273; x_wconf 87' lang='lat' dir='ltr'><strong>quod</strong></span> <span class='ocrx_word' id='word_1_330' title='bbox 2437 3205 2576 3273; x_wconf 85' lang='lat' dir='ltr'><strong>apud</strong></span> <span class='ocrx_word' id='word_1_331' title='bbox 2620 3219 2847 3272; x_wconf 76' lang='lat' dir='ltr'><strong>magnos</strong></span> <span class='ocrx_word' id='word_1_332' title='bbox 2891 3179 3266 3257; x_wconf 78' lang='lat' dir='ltr'><strong>existimentur</strong></span> <span class='ocrx_word' id='word_1_333' title='bbox 3297 3203 3462 3272; x_wconf 77' lang='lat'><strong>366</strong></span> 
     </span>
    </p>
   </div>
   <div class='ocr_carea' id='block_1_61' title="bbox 217 3281 1789 3368">
    <p class='ocr_par' dir='ltr' id='par_1_61' title="bbox 217 3281 1789 3368">
     <span class='ocr_line' id='line_1_61' title="bbox 217 3281 1789 3368; baseline 0.006 -24"><span class='ocrx_word' id='word_1_334' title='bbox 217 3281 386 3354; x_wconf 74' lang='grc' dir='ltr'><strong>λοις,⁸</strong></span> <span class='ocrx_word' id='word_1_335' title='bbox 421 3287 510 3343; x_wconf 72' lang='grc' dir='ltr'><strong>διὰ</strong></span> <span class='ocrx_word' id='word_1_336' title='bbox 555 3291 654 3362; x_wconf 79' lang='grc' dir='ltr'>τὴν</span> <span class='ocrx_word' id='word_1_337' title='bbox 720 3292 1032 3364; x_wconf 79' lang='grc' dir='ltr'>τελειότητα</span> <span class='ocrx_word' id='word_1_338' title='bbox 1074 3296 1202 3360; x_wconf 77' lang='grc' dir='ltr'>ἴσως</span> <span class='ocrx_word' id='word_1_339' title='bbox 1244 3298 1306 3350; x_wconf 81' lang='grc' dir='ltr'><strong>ού</strong></span> <span class='ocrx_word' id='word_1_340' title='bbox 1362 3299 1572 3368; x_wconf 81' lang='grc' dir='ltr'>μικρά·</span> <span class='ocrx_word' id='word_1_341' title='bbox 1622 3300 1691 3352; x_wconf 78' lang='grc' dir='ltr'><strong>τὰ</strong></span> <span class='ocrx_word' id='word_1_342' title='bbox 1731 3301 1789 3352; x_wconf 84' lang='grc' dir='ltr'>δὲ</span> 
     </span>
    </p>
   </div>
   <div class='ocr_carea' id='block_1_62' title="bbox 219 3381 1788 3459">
    <p class='ocr_par' dir='ltr' id='par_1_62' title="bbox 219 3381 1788 3459">
     <span class='ocr_line' id='line_1_62' title="bbox 219 3381 1788 3459; baseline 0.006 -23"><span class='ocrx_word' id='word_1_343' title='bbox 219 3381 374 3454; x_wconf 83' lang='grc' dir='ltr'>παρὰ</span> <span class='ocrx_word' id='word_1_344' title='bbox 419 3384 532 3446; x_wconf 86' lang='grc' dir='ltr'>τοῖς</span> <span class='ocrx_word' id='word_1_345' title='bbox 585 3386 803 3455; x_wconf 80' lang='grc' dir='ltr'>μικροῖς</span> <span class='ocrx_word' id='word_1_346' title='bbox 845 3387 1064 3455; x_wconf 84' lang='grc' dir='ltr'>οἱὸμενα</span> <span class='ocrx_word' id='word_1_347' title='bbox 1119 3389 1350 3458; x_wconf 78' lang='grc' dir='ltr'>μεγάλα,</span> <span class='ocrx_word' id='word_1_348' title='bbox 1386 3390 1472 3442; x_wconf 74' lang='grc' dir='ltr'>διὰ</span> <span class='ocrx_word' id='word_1_349' title='bbox 1515 3391 1629 3459; x_wconf 71' lang='grc' dir='ltr'>τὴν.</span> <span class='ocrx_word' id='word_1_350' title='bbox 1661 3392 1788 3445; x_wconf 86' lang='grc' dir='ltr'><strong>ἀτέ-</strong></span> 
     </span>
    </p>
   </div>
   <div class='ocr_carea' id='block_1_63' title="bbox 219 3473 1790 3555">
    <p class='ocr_par' dir='ltr' id='par_1_63' title="bbox 219 3473 1790 3555">
     <span class='ocr_line' id='line_1_63' title="bbox 219 3473 1790 3555; baseline 0.008 -30"><span class='ocrx_word' id='word_1_351' title='bbox 219 3475 374 3528; x_wconf 83' lang='grc' dir='ltr'>λειαν</span> <span class='ocrx_word' id='word_1_352' title='bbox 421 3473 486 3527; x_wconf 87' lang='grc' dir='ltr'>οὐ</span> <span class='ocrx_word' id='word_1_353' title='bbox 553 3475 768 3540; x_wconf 79' lang='grc' dir='ltr'>πάντως</span> <span class='ocrx_word' id='word_1_354' title='bbox 827 3476 1048 3530; x_wconf 73' lang='grc' dir='ltr'>τέλειαο</span> <span class='ocrx_word' id='word_1_355' title='bbox 1097 3481 1158 3540; x_wconf 82' lang='grc' dir='ltr'>τὸ</span> <span class='ocrx_word' id='word_1_356' title='bbox 1213 3482 1345 3534; x_wconf 72' lang='grc' dir='ltr'>αὐτὸ</span> <span class='ocrx_word' id='word_1_357' title='bbox 1407 3483 1472 3554; x_wconf 76' lang='grc' dir='ltr'>δὴ</span> <span class='ocrx_word' id='word_1_358' title='bbox 1524 3484 1617 3536; x_wconf 77' lang='grc' dir='ltr'><strong>καὶ</strong></span> <span class='ocrx_word' id='word_1_359' title='bbox 1661 3484 1790 3555; x_wconf 79' lang='grc' dir='ltr'>περὶ</span> 
     </span>
    </p>
   </div>
   <div class='ocr_carea' id='block_1_64' title="bbox 216 3570 1318 3650">
    <p class='ocr_par' dir='ltr' id='par_1_64' title="bbox 216 3570 1318 3650">
     <span class='ocr_line' id='line_1_64' title="bbox 216 3570 1318 3650; baseline 0.009 -25"><span class='ocrx_word' id='word_1_360' title='bbox 216 3570 328 3626; x_wconf 83' lang='grc' dir='ltr'><strong>τῶν</strong></span> <span class='ocrx_word' id='word_1_361' title='bbox 369 3574 581 3646; x_wconf 81' lang='grc' dir='ltr'>ἀρετῶν</span> <span class='ocrx_word' id='word_1_362' title='bbox 617 3578 713 3628; x_wconf 78' lang='grc' dir='ltr'><strong>καὶ</strong></span> <span class='ocrx_word' id='word_1_363' title='bbox 764 3579 974 3633; x_wconf 84' lang='grc' dir='ltr'>κακιῶν</span> <span class='ocrx_word' id='word_1_364' title='bbox 1001 3580 1318 3650; x_wconf 80' lang='grc' dir='ltr'>ἐκληπτέον.</span> 
     </span>
    </p>
   </div>
   <div class='ocr_carea' id='block_1_65' title="bbox 186 3666 1504 3743">
    <p class='ocr_par' dir='ltr' id='par_1_65' title="bbox 186 3666 1504 3743">
     <span class='ocr_line' id='line_1_65' title="bbox 186 3666 1504 3743; baseline 0.01 -27"><span class='ocrx_word' id='word_1_365' title='bbox 186 3666 191 3670; x_wconf 85' lang='grc'><em>’</em></span> <span class='ocrx_word' id='word_1_366' title='bbox 496 3668 752 3734; x_wconf 78' lang='grc' dir='ltr'>Σχόλιον</span> <span class='ocrx_word' id='word_1_367' title='bbox 798 3672 1052 3738; x_wconf 79' lang='grc' dir='ltr'>Μάρκου,</span> <span class='ocrx_word' id='word_1_368' title='bbox 1075 3675 1348 3743; x_wconf 76' lang='grc' dir='ltr'>μοναχοῦ</span> <span class='ocrx_word' id='word_1_369' title='bbox 1398 3675 1504 3740; x_wconf 74' lang='grc' dir='ltr'>οβ’.</span> 
     </span>
    </p>
   </div>
   <div class='ocr_carea' id='block_1_66' title="bbox 294 3757 1785 3840">
    <p class='ocr_par' dir='ltr' id='par_1_66' title="bbox 294 3757 1785 3840">
     <span class='ocr_line' id='line_1_66' title="bbox 294 3757 1785 3840; baseline 0.011 -32"><span class='ocrx_word' id='word_1_370' title='bbox 294 3757 367 3828; x_wconf 82' lang='grc' dir='ltr'><strong>(α)</strong></span> <span class='ocrx_word' id='word_1_371' title='bbox 391 3758 667 3828; x_wconf 75' lang='grc' dir='ltr'>Πρόληψίς</span> <span class='ocrx_word' id='word_1_372' title='bbox 715 3761 851 3824; x_wconf 81' lang='grc' dir='ltr'>ἐστι,</span> <span class='ocrx_word' id='word_1_373' title='bbox 883 3765 1164 3833; x_wconf 82' lang='grc' dir='ltr'>προτέρων</span> <span class='ocrx_word' id='word_1_374' title='bbox 1196 3768 1380 3819; x_wconf 85' lang='grc' dir='ltr'>κακῶν</span> <span class='ocrx_word' id='word_1_375' title='bbox 1412 3770 1598 3840; x_wconf 85' lang='grc' dir='ltr'>μνήμη</span> <span class='ocrx_word' id='word_1_376' title='bbox 1630 3771 1785 3824; x_wconf 87' lang='grc' dir='ltr'>ἀκού-</span> 
     </span>
    </p>
   </div>
   <div class='ocr_carea' id='block_1_67' title="bbox 221 3850 1790 3928">
    <p class='ocr_par' dir='ltr' id='par_1_67' title="bbox 221 3850 1790 3928">
     <span class='ocr_line' id='line_1_67' title="bbox 221 3850 1790 3928; baseline 0.01 -27"><span class='ocrx_word' id='word_1_377' title='bbox 221 3864 371 3911; x_wconf 85' lang='grc' dir='ltr'>σιος·</span> <span class='ocrx_word' id='word_1_378' title='bbox 400 3850 553 3919; x_wconf 72' lang='grc' dir='ltr'>παρὰ</span> <span class='ocrx_word' id='word_1_379' title='bbox 592 3851 690 3920; x_wconf 78' lang='grc' dir='ltr'>μὲν</span> <span class='ocrx_word' id='word_1_380' title='bbox 735 3852 814 3922; x_wconf 80' lang='grc' dir='ltr'>τῷ</span> <span class='ocrx_word' id='word_1_381' title='bbox 871 3855 1153 3925; x_wconf 84' lang='grc' dir='ltr'>ἀγωνιστῇ</span> <span class='ocrx_word' id='word_1_382' title='bbox 1187 3859 1455 3928; x_wconf 76' lang='grc' dir='ltr'>προϐῆναι</span> <span class='ocrx_word' id='word_1_383' title='bbox 1509 3864 1588 3924; x_wconf 88' lang='grc' dir='ltr'>εἰς</span> <span class='ocrx_word' id='word_1_384' title='bbox 1622 3864 1790 3928; x_wconf 81' lang='grc' dir='ltr'>πάθος</span> 
     </span>
    </p>
   </div>
   <div class='ocr_carea' id='block_1_68' title="bbox 221 3939 1786 4026">
    <p class='ocr_par' dir='ltr' id='par_1_68' title="bbox 221 3939 1786 4026">
     <span class='ocr_line' id='line_1_68' title="bbox 221 3939 1786 4026; baseline 0.01 -34"><span class='ocrx_word' id='word_1_385' title='bbox 221 3939 532 4013; x_wconf 66' lang='grc' dir='ltr'>σωλυομένη</span> <span class='ocrx_word' id='word_1_386' title='bbox 554 3957 567 3970; x_wconf 92' lang='grc'><strong>·</strong></span> <span class='ocrx_word' id='word_1_387' title='bbox 594 3945 742 4013; x_wconf 73' lang='grc' dir='ltr'>παρὰ</span> <span class='ocrx_word' id='word_1_388' title='bbox 775 3945 832 3998; x_wconf 83' lang='grc' dir='ltr'>δὲ</span> <span class='ocrx_word' id='word_1_389' title='bbox 863 3946 937 4016; x_wconf 82' lang='grc' dir='ltr'><strong>τῷ</strong></span> <span class='ocrx_word' id='word_1_390' title='bbox 954 3952 1146 4019; x_wconf 84' lang='grc' dir='ltr'>νικητῇ</span> <span class='ocrx_word' id='word_1_391' title='bbox 1181 3950 1284 4012; x_wconf 81' lang='grc' dir='ltr'>ἓως</span> <span class='ocrx_word' id='word_1_392' title='bbox 1307 3953 1608 4026; x_wconf 81' lang='grc' dir='ltr'>προσϐολῆς</span> <span class='ocrx_word' id='word_1_393' title='bbox 1639 3959 1786 4010; x_wconf 79' lang='grc' dir='ltr'>ἀναι-</span> 
     </span>
    </p>
   </div>
   <div class='ocr_carea' id='block_1_69' title="bbox 226 4033 476 4104">
    <p class='ocr_par' dir='ltr' id='par_1_69' title="bbox 226 4033 476 4104">
     <span class='ocr_line' id='line_1_69' title="bbox 226 4033 476 4104; baseline 0.004 -2"><span class='ocrx_word' id='word_1_394' title='bbox 226 4033 476 4104; x_wconf 75' lang='grc' dir='ltr'>ρουμένηο</span> 
     </span>
    </p>
   </div>
   <div class='ocr_carea' id='block_1_70' title="bbox 800 4238 1210 4306">
    <p class='ocr_par' dir='ltr' id='par_1_70' title="bbox 800 4238 1210 4306">
     <span class='ocr_line' id='line_1_70' title="bbox 800 4238 1210 4306; baseline 0.007 -17"><span class='ocrx_word' id='word_1_395' title='bbox 800 4238 1060 4306; x_wconf 76' lang='grc' dir='ltr'>Σχόλιον</span> <span class='ocrx_word' id='word_1_396' title='bbox 1109 4244 1210 4306; x_wconf 85' lang='grc' dir='ltr'>ογ’.</span> 
     </span>
    </p>
   </div>
   <div class='ocr_carea' id='block_1_71' title="bbox 301 4325 1789 4402">
    <p class='ocr_par' dir='ltr' id='par_1_71' title="bbox 301 4325 1789 4402">
     <span class='ocr_line' id='line_1_71' title="bbox 301 4325 1789 4402; baseline 0.004 -22"><span class='ocrx_word' id='word_1_397' title='bbox 301 4325 566 4396; x_wconf 78' lang='grc' dir='ltr'>’Δμαρτία</span> <span class='ocrx_word' id='word_1_398' title='bbox 598 4326 715 4380; x_wconf 77' lang='grc' dir='ltr'>ἐστὶ</span> <span class='ocrx_word' id='word_1_399' title='bbox 758 4327 938 4398; x_wconf 82' lang='grc' dir='ltr'>πάσης</span> <span class='ocrx_word' id='word_1_400' title='bbox 966 4328 1182 4399; x_wconf 82' lang='grc' dir='ltr'>ἐντολῆς</span> <span class='ocrx_word' id='word_1_401' title='bbox 1227 4329 1320 4382; x_wconf 80' lang='grc' dir='ltr'>καὶ</span> <span class='ocrx_word' id='word_1_402' title='bbox 1369 4329 1468 4401; x_wconf 86' lang='grc' dir='ltr'><strong>τῆς</strong></span> <span class='ocrx_word' id='word_1_403' title='bbox 1505 4331 1789 4402; x_wconf 78' lang='grc' dir='ltr'>ἐλαχίστης</span> 
     </span>
    </p>
   </div>
   <div class='ocr_carea' id='block_1_72' title="bbox 225 4417 1787 4495">
    <p class='ocr_par' dir='ltr' id='par_1_72' title="bbox 225 4417 1787 4495">
     <span class='ocr_line' id='line_1_72' title="bbox 225 4417 1787 4495; baseline 0.004 -23"><span class='ocrx_word' id='word_1_404' title='bbox 225 4419 557 4488; x_wconf 71' lang='grc' dir='ltr'>παράϐασιςο</span> <span class='ocrx_word' id='word_1_405' title='bbox 587 4417 753 4489; x_wconf 83' lang='grc' dir='ltr'>ἀργία</span> <span class='ocrx_word' id='word_1_406' title='bbox 780 4420 856 4485; x_wconf 83' lang='grc' dir='ltr'>δὲ,</span> <span class='ocrx_word' id='word_1_407' title='bbox 889 4421 949 4473; x_wconf 80' lang='grc' dir='ltr'>τὸ</span> <span class='ocrx_word' id='word_1_408' title='bbox 982 4421 1055 4491; x_wconf 84' lang='grc' dir='ltr'>μὴ</span> <span class='ocrx_word' id='word_1_409' title='bbox 1086 4424 1259 4474; x_wconf 77' lang='grc' dir='ltr'>ποιεῖν</span> <span class='ocrx_word' id='word_1_410' title='bbox 1310 4424 1406 4475; x_wconf 75' lang='grc' dir='ltr'>καὶ</span> <span class='ocrx_word' id='word_1_411' title='bbox 1461 4425 1787 4495; x_wconf 78' lang='grc' dir='ltr'>ἐργάζεσθαι</span> 
     </span>
    </p>
   </div>
   <div class='ocr_carea' id='block_1_73' title="bbox 222 4507 1784 4587">
    <p class='ocr_par' dir='ltr' id='par_1_73' title="bbox 222 4507 1784 4587">
     <span class='ocr_line' id='line_1_73' title="bbox 222 4507 1784 4587; baseline 0.004 -23"><span class='ocrx_word' id='word_1_412' title='bbox 222 4510 290 4564; x_wconf 76' lang='grc' dir='ltr'>τὰ</span> <span class='ocrx_word' id='word_1_413' title='bbox 335 4507 466 4582; x_wconf 75' lang='grc' dir='ltr'>ἔργα</span> <span class='ocrx_word' id='word_1_414' title='bbox 524 4509 618 4562; x_wconf 77' lang='grc' dir='ltr'>τοῦ</span> <span class='ocrx_word' id='word_1_415' title='bbox 658 4510 790 4562; x_wconf 87' lang='grc' dir='ltr'><strong>Θεοῦ</strong></span> <span class='ocrx_word' id='word_1_416' title='bbox 817 4528 831 4541; x_wconf 77' lang='grc' dir='ltr'><strong><em>ο</em></strong></span> <span class='ocrx_word' id='word_1_417' title='bbox 865 4512 1094 4580; x_wconf 80' lang='grc' dir='ltr'>ἀμέλεια</span> <span class='ocrx_word' id='word_1_418' title='bbox 1122 4513 1179 4565; x_wconf 82' lang='grc' dir='ltr'>δὲ</span> <span class='ocrx_word' id='word_1_419' title='bbox 1210 4514 1271 4565; x_wconf 82' lang='grc' dir='ltr'>τὸ</span> <span class='ocrx_word' id='word_1_420' title='bbox 1294 4514 1621 4586; x_wconf 79' lang='grc' dir='ltr'>ἐργάζεσθαι</span> <span class='ocrx_word' id='word_1_421' title='bbox 1665 4518 1784 4587; x_wconf 82' lang='grc' dir='ltr'>μὲν,</span> 
     </span>
    </p>
   </div>
   <div class='ocr_carea' id='block_1_74' title="bbox 228 4600 1784 4674">
    <p class='ocr_par' dir='ltr' id='par_1_74' title="bbox 228 4600 1784 4674">
     <span class='ocr_line' id='line_1_74' title="bbox 228 4600 1784 4674; baseline 0.007 -21"><span class='ocrx_word' id='word_1_422' title='bbox 228 4600 478 4672; x_wconf 75' lang='grc' dir='ltr'>ῥᾳθύμως</span> <span class='ocrx_word' id='word_1_423' title='bbox 505 4600 564 4653; x_wconf 79' lang='grc' dir='ltr'>δέ</span> <span class='ocrx_word' id='word_1_424' title='bbox 596 4617 608 4630; x_wconf 91' lang='grc'><strong>·</strong></span> <span class='ocrx_word' id='word_1_425' title='bbox 662 4601 835 4664; x_wconf 83' lang='grc' dir='ltr'>πάθος</span> <span class='ocrx_word' id='word_1_426' title='bbox 881 4603 1016 4674; x_wconf 82' lang='grc' dir='ltr'>δὲ,ή</span> <span class='ocrx_word' id='word_1_427' title='bbox 1052 4610 1328 4673; x_wconf 84' lang='grc' dir='ltr'>πεπηγυῖα</span> <span class='ocrx_word' id='word_1_428' title='bbox 1387 4611 1481 4662; x_wconf 78' lang='grc' dir='ltr'>καὶ</span> <span class='ocrx_word' id='word_1_429' title='bbox 1533 4611 1784 4663; x_wconf 84' lang='grc' dir='ltr'>δυσέκνι-</span> 
     </span>
    </p>
   </div>
   <div class='ocr_carea' id='block_1_75' title="bbox 225 4690 1830 4771">
    <p class='ocr_par' dir='ltr' id='par_1_75' title="bbox 225 4690 1830 4771">
     <span class='ocr_line' id='line_1_75' title="bbox 225 4690 1830 4771; baseline 0.009 -28"><span class='ocrx_word' id='word_1_430' title='bbox 225 4707 351 4755; x_wconf 85' lang='grc' dir='ltr'>πτος</span> <span class='ocrx_word' id='word_1_431' title='bbox 383 4690 521 4763; x_wconf 79' lang='grc' dir='ltr'>ῥοπὴ</span> <span class='ocrx_word' id='word_1_432' title='bbox 549 4690 650 4760; x_wconf 82' lang='grc' dir='ltr'><strong>τῆς</strong></span> <span class='ocrx_word' id='word_1_433' title='bbox 698 4691 932 4753; x_wconf 84' lang='grc' dir='ltr'>διανοίας</span> <span class='ocrx_word' id='word_1_434' title='bbox 975 4695 1065 4745; x_wconf 78' lang='grc' dir='ltr'><strong>ὲπὶ</strong></span> <span class='ocrx_word' id='word_1_435' title='bbox 1115 4696 1182 4747; x_wconf 75' lang='grc' dir='ltr'>τὰ</span> <span class='ocrx_word' id='word_1_436' title='bbox 1222 4697 1523 4766; x_wconf 84' lang='grc' dir='ltr'>βλάπτοντα</span> <span class='ocrx_word' id='word_1_437' title='bbox 1546 4718 1560 4731; x_wconf 89' lang='grc'><strong>·</strong></span> <span class='ocrx_word' id='word_1_438' title='bbox 1590 4703 1788 4771; x_wconf 83' lang='grc' dir='ltr'>πτῶμα</span> <span class='ocrx_word' id='word_1_439' title='bbox 1827 4702 1830 4704; x_wconf 65' lang='grc'><em>’</em></span> 
     </span>
    </p>
   </div>
   <div class='ocr_carea' id='block_1_76' title="bbox 229 4781 1784 4860">
    <p class='ocr_par' dir='ltr' id='par_1_76' title="bbox 229 4781 1784 4860">
     <span class='ocr_line' id='line_1_76' title="bbox 229 4781 1784 4860; baseline 0.008 -24"><span class='ocrx_word' id='word_1_440' title='bbox 229 4781 311 4845; x_wconf 74' lang='grc' dir='ltr'>δὲ,</span> <span class='ocrx_word' id='word_1_441' title='bbox 349 4783 408 4836; x_wconf 79' lang='grc' dir='ltr'>τὸ</span> <span class='ocrx_word' id='word_1_442' title='bbox 437 4785 515 4846; x_wconf 78' lang='grc' dir='ltr'><strong>εἰς</strong></span> <span class='ocrx_word' id='word_1_443' title='bbox 559 4783 816 4836; x_wconf 84' lang='grc' dir='ltr'>ἀπιστίαν</span> <span class='ocrx_word' id='word_1_444' title='bbox 852 4785 884 4855; x_wconf 79' lang='grc' dir='ltr'>ἢ</span> <span class='ocrx_word' id='word_1_445' title='bbox 918 4788 996 4850; x_wconf 83' lang='grc' dir='ltr'><strong>είς</strong></span> <span class='ocrx_word' id='word_1_446' title='bbox 1034 4788 1094 4841; x_wconf 83' lang='grc' dir='ltr'><strong>τὸ</strong></span> <span class='ocrx_word' id='word_1_447' title='bbox 1122 4789 1231 4842; x_wconf 84' lang='grc' dir='ltr'>τῶν</span> <span class='ocrx_word' id='word_1_448' title='bbox 1281 4794 1613 4860; x_wconf 82' lang='grc' dir='ltr'>σωματικῶν</span> <span class='ocrx_word' id='word_1_449' title='bbox 1674 4791 1784 4848; x_wconf 60' lang='grc' dir='ltr'>’πα-</span> 
     </span>
    </p>
   </div>
   <div class='ocr_carea' id='block_1_77' title="bbox 228 4873 651 4947">
    <p class='ocr_par' dir='ltr' id='par_1_77' title="bbox 228 4873 651 4947">
     <span class='ocr_line' id='line_1_77' title="bbox 228 4873 651 4947; baseline 0.002 -18"><span class='ocrx_word' id='word_1_450' title='bbox 228 4873 330 4929; x_wconf 83' lang='grc' dir='ltr'><strong>θῶν</strong></span> <span class='ocrx_word' id='word_1_451' title='bbox 355 4875 651 4947; x_wconf 81' lang='grc' dir='ltr'>ὀλισθῆσαι.</span> 
     </span>
    </p>
   </div>
   <div class='ocr_carea' id='block_1_78' title="bbox 837 4990 1164 5044">
    <p class='ocr_par' dir='ltr' id='par_1_78' title="bbox 837 4990 1164 5044">
     <span class='ocr_line' id='line_1_78' title="bbox 837 4990 1164 5044; baseline 0.009 -3"><span class='ocrx_word' id='word_1_452' title='bbox 837 4990 1034 5043; x_wconf 79' lang='grc' dir='ltr'>Ἰσαὰκ</span> <span class='ocrx_word' id='word_1_453' title='bbox 1075 4992 1164 5044; x_wconf 87' lang='grc' dir='ltr'>οδ’.</span> 
     </span>
    </p>
   </div>
   <div class='ocr_carea' id='block_1_79' title="bbox 301 5078 1780 5163">
    <p class='ocr_par' dir='ltr' id='par_1_79' title="bbox 301 5078 1780 5163">
     <span class='ocr_line' id='line_1_79' title="bbox 301 5078 1780 5163; baseline 0.007 -31"><span class='ocrx_word' id='word_1_454' title='bbox 301 5078 685 5150; x_wconf 77' lang='grc' dir='ltr'>Παραφύλαττε</span> <span class='ocrx_word' id='word_1_455' title='bbox 714 5083 776 5134; x_wconf 81' lang='grc' dir='ltr'>ἐκ</span> <span class='ocrx_word' id='word_1_456' title='bbox 808 5079 916 5133; x_wconf 84' lang='grc' dir='ltr'>τῶν</span> <span class='ocrx_word' id='word_1_457' title='bbox 953 5083 1184 5151; x_wconf 80' lang='grc' dir='ltr'>μικρῶν,</span> <span class='ocrx_word' id='word_1_458' title='bbox 1252 5086 1339 5140; x_wconf 78' lang='grc' dir='ltr'>ἵνα</span> <span class='ocrx_word' id='word_1_459' title='bbox 1401 5087 1475 5158; x_wconf 77' lang='grc' dir='ltr'>μὴ</span> <span class='ocrx_word' id='word_1_460' title='bbox 1543 5091 1780 5163; x_wconf 80' lang='grc' dir='ltr'>ἐκπέσῃς</span> 
     </span>
    </p>
   </div>
   <div class='ocr_carea' id='block_1_80' title="bbox 228 5163 715 5241">
    <p class='ocr_par' dir='ltr' id='par_1_80' title="bbox 228 5163 715 5241">
     <span class='ocr_line' id='line_1_80' title="bbox 228 5163 715 5241; baseline 0.014 -23"><span class='ocrx_word' id='word_1_461' title='bbox 228 5163 292 5220; x_wconf 74' lang='grc' dir='ltr'>ιιι</span> <span class='ocrx_word' id='word_1_462' title='bbox 320 5170 422 5222; x_wconf 84' lang='grc' dir='ltr'><strong>τῶν</strong></span> <span class='ocrx_word' id='word_1_463' title='bbox 449 5171 715 5241; x_wconf 83' lang='grc' dir='ltr'>μεγάλων.</span> 
     </span>
    </p>
   </div>
   <div class='ocr_carea' id='block_1_81' title="bbox 673 5289 1320 5356">
    <p class='ocr_par' dir='ltr' id='par_1_81' title="bbox 673 5289 1320 5356">
     <span class='ocr_line' id='line_1_81' title="bbox 673 5289 1320 5356; baseline 0.003 -15"><span class='ocrx_word' id='word_1_464' title='bbox 673 5289 931 5356; x_wconf 76' lang='grc' dir='ltr'>Σχόλιον</span> <span class='ocrx_word' id='word_1_465' title='bbox 969 5290 1173 5346; x_wconf 77' lang='grc' dir='ltr'>Ἰσαὰκ</span> <span class='ocrx_word' id='word_1_466' title='bbox 1211 5297 1320 5343; x_wconf 83' lang='grc' dir='ltr'>.οε’.</span> 
     </span>
    </p>
   </div>
   <div class='ocr_carea' id='block_1_82' title="bbox 298 5369 1776 5455">
    <p class='ocr_par' dir='ltr' id='par_1_82' title="bbox 298 5369 1776 5455">
     <span class='ocr_line' id='line_1_82' title="bbox 298 5369 1776 5455; baseline 0.009 -29"><span class='ocrx_word' id='word_1_467' title='bbox 298 5369 429 5441; x_wconf 77' lang='grc' dir='ltr'>Πρὸς</span> <span class='ocrx_word' id='word_1_468' title='bbox 473 5377 600 5440; x_wconf 79' lang='grc' dir='ltr'>τοὺς</span> <span class='ocrx_word' id='word_1_469' title='bbox 648 5380 832 5447; x_wconf 87' lang='grc' dir='ltr'>φίλους</span> <span class='ocrx_word' id='word_1_470' title='bbox 882 5399 971 5434; x_wconf 88' lang='grc' dir='ltr'>σου</span> <span class='ocrx_word' id='word_1_471' title='bbox 1018 5384 1074 5434; x_wconf 83' lang='grc' dir='ltr'>ὲν</span> <span class='ocrx_word' id='word_1_472' title='bbox 1139 5381 1392 5453; x_wconf 76' lang='grc' dir='ltr'>εὐλαϐείᾳ</span> <span class='ocrx_word' id='word_1_473' title='bbox 1445 5383 1776 5455; x_wconf 76' lang='grc' dir='ltr'>πορεύθητι·</span> 
     </span>
    </p>
   </div>
   <div class='ocr_carea' id='block_1_83' title="bbox 231 5456 1778 5545">
    <p class='ocr_par' dir='ltr' id='par_1_83' title="bbox 231 5456 1778 5545">
     <span class='ocr_line' id='line_1_83' title="bbox 231 5456 1778 5545; baseline 0.009 -31"><span class='ocrx_word' id='word_1_474' title='bbox 231 5456 350 5514; x_wconf 74' lang='grc' dir='ltr'>ὅταν</span> <span class='ocrx_word' id='word_1_475' title='bbox 372 5464 423 5516; x_wconf 88' lang='grc' dir='ltr'>δὲ</span> <span class='ocrx_word' id='word_1_476' title='bbox 453 5471 679 5542; x_wconf 75' lang='grc' dir='ltr'>ποιήσῃς</span> <span class='ocrx_word' id='word_1_477' title='bbox 712 5473 886 5539; x_wconf 79' lang='grc' dir='ltr'>τοῦτο,</span> <span class='ocrx_word' id='word_1_478' title='bbox 916 5475 1007 5527; x_wconf 67' lang='grc' dir='ltr'>καὶ</span> <span class='ocrx_word' id='word_1_479' title='bbox 1045 5475 1262 5527; x_wconf 70' lang='grc' dir='ltr'>σεαυτὸν</span> <span class='ocrx_word' id='word_1_480' title='bbox 1280 5476 1375 5526; x_wconf 78' lang='grc' dir='ltr'>καὶ</span> <span class='ocrx_word' id='word_1_481' title='bbox 1408 5475 1604 5538; x_wconf 78' lang='grc' dir='ltr'>αὐτοὺς</span> <span class='ocrx_word' id='word_1_482' title='bbox 1637 5477 1778 5545; x_wconf 74' lang='grc' dir='ltr'>ὡφε-</span> 
     </span>
    </p>
   </div>
   <div class='ocr_carea' id='block_1_84' title="bbox 231 5545 1778 5636">
    <p class='ocr_par' dir='ltr' id='par_1_84' title="bbox 231 5545 1778 5636">
     <span class='ocr_line' id='line_1_84' title="bbox 231 5545 1778 5636; baseline 0.024 -37"><span class='ocrx_word' id='word_1_483' title='bbox 231 5545 419 5636; x_wconf 67' lang='grc' dir='ltr'>λίισεις,</span> <span class='ocrx_word' id='word_1_484' title='bbox 449 5555 529 5608; x_wconf 83' lang='grc' dir='ltr'>ὅτι</span> <span class='ocrx_word' id='word_1_485' title='bbox 561 5561 829 5628; x_wconf 81' lang='grc' dir='ltr'>προφάσει</span> <span class='ocrx_word' id='word_1_486' title='bbox 858 5564 955 5633; x_wconf 89' lang='grc' dir='ltr'><strong>τῆς</strong></span> <span class='ocrx_word' id='word_1_487' title='bbox 981 5565 1217 5632; x_wconf 75' lang='grc' dir='ltr'>ἀγάπης,</span> <span class='ocrx_word' id='word_1_488' title='bbox 1266 5556 1551 5618; x_wconf 72' lang='grc' dir='ltr'>ἁποὸἇλλει</span> <span class='ocrx_word' id='word_1_489' title='bbox 1601 5568 1633 5636; x_wconf 75' lang='grc' dir='ltr'><strong>ἡ</strong></span> <span class='ocrx_word' id='word_1_490' title='bbox 1675 5568 1778 5634; x_wconf 58' lang='grc' dir='ltr'><strong>ψυ-</strong></span> 
     </span>
    </p>
   </div>
   <div class='ocr_carea' id='block_1_85' title="bbox 235 5634 1273 5727">
    <p class='ocr_par' dir='ltr' id='par_1_85' title="bbox 235 5634 1273 5727">
     <span class='ocr_line' id='line_1_85' title="bbox 235 5634 1273 5727; baseline 0.021 -37"><span class='ocrx_word' id='word_1_491' title='bbox 235 5634 302 5709; x_wconf 74' lang='grc' dir='ltr'>χὴ</span> <span class='ocrx_word' id='word_1_492' title='bbox 325 5638 408 5694; x_wconf 78' lang='grc' dir='ltr'>τὸν</span> <span class='ocrx_word' id='word_1_493' title='bbox 436 5643 650 5712; x_wconf 83' lang='grc' dir='ltr'>χαλινὸν</span> <span class='ocrx_word' id='word_1_494' title='bbox 696 5651 796 5721; x_wconf 85' lang='grc' dir='ltr'><strong>τῆς</strong></span> <span class='ocrx_word' id='word_1_495' title='bbox 823 5656 1273 5727; x_wconf 75' lang='grc' dir='ltr'>παραφυλὰξεως.</span> 
     </span>
    </p>
   </div>
   <div class='ocr_carea' id='block_1_86' title="bbox 301 5813 683 5890">
    <p class='ocr_par' dir='ltr' id='par_1_86' title="bbox 301 5813 683 5890">
     <span class='ocr_line' id='line_1_86' title="bbox 301 5813 683 5890; baseline 0.018 -20"><span class='ocrx_word' id='word_1_496' title='bbox 301 5813 342 5845; x_wconf 76' lang='grc'><strong>⁵⁸</strong></span> <span class='ocrx_word' id='word_1_497' title='bbox 370 5815 492 5874; x_wconf 79' lang='lat' dir='ltr'><strong>Luc.</strong></span> <span class='ocrx_word' id='word_1_498' title='bbox 513 5820 683 5890; x_wconf 75' lang='lat' dir='ltr'><strong>Iv,23.</strong></span> 
     </span>
    </p>
   </div>
   <div class='ocr_carea' id='block_1_87' title="bbox 1891 3292 3456 3364">
    <p class='ocr_par' dir='ltr' id='par_1_87' title="bbox 1891 3292 3456 3364">
     <span class='ocr_line' id='line_1_87' title="bbox 1891 3292 3456 3364; baseline -0.001 -17"><span class='ocrx_word' id='word_1_499' title='bbox 1891 3309 2057 3364; x_wconf 85' lang='lat' dir='ltr'><strong>parva</strong></span> <span class='ocrx_word' id='word_1_500' title='bbox 2119 3303 2338 3362; x_wconf 83' lang='lat' dir='ltr'><strong>propter</strong></span> <span class='ocrx_word' id='word_1_501' title='bbox 2404 3293 2792 3361; x_wconf 84' lang='lat' dir='ltr'><strong>perfectionem</strong></span> <span class='ocrx_word' id='word_1_502' title='bbox 2849 3292 3104 3353; x_wconf 76' lang='lat' dir='ltr'><strong>fortasse,</strong></span> <span class='ocrx_word' id='word_1_503' title='bbox 3154 3309 3260 3344; x_wconf 90' lang='lat' dir='ltr'><strong>non</strong></span> <span class='ocrx_word' id='word_1_504' title='bbox 3325 3303 3456 3345; x_wconf 81' lang='lat' dir='ltr'><strong>sunt</strong></span> 
     </span>
    </p>
   </div>
   <div class='ocr_carea' id='block_1_88' title="bbox 1890 3383 3452 3457">
    <p class='ocr_par' dir='ltr' id='par_1_88' title="bbox 1890 3383 3452 3457">
     <span class='ocr_line' id='line_1_88' title="bbox 1890 3383 3452 3457; baseline -0.003 -18"><span class='ocrx_word' id='word_1_505' title='bbox 1890 3401 2092 3457; x_wconf 86' lang='lat' dir='ltr'><strong>parva:</strong></span> <span class='ocrx_word' id='word_1_506' title='bbox 2149 3401 2270 3454; x_wconf 66' lang='lat' dir='ltr'><strong>qum</strong></span> <span class='ocrx_word' id='word_1_507' title='bbox 2323 3394 2502 3438; x_wconf 88' lang='lat' dir='ltr'><strong>autem</strong></span> <span class='ocrx_word' id='word_1_508' title='bbox 2563 3399 2757 3450; x_wconf 82' lang='lat' dir='ltr'><strong>magna</strong></span> <span class='ocrx_word' id='word_1_509' title='bbox 2803 3383 2954 3450; x_wconf 80' lang='lat' dir='ltr'><strong>apud</strong></span> <span class='ocrx_word' id='word_1_510' title='bbox 2986 3398 3199 3450; x_wconf 83' lang='lat' dir='ltr'><strong>parvos,</strong></span> <span class='ocrx_word' id='word_1_511' title='bbox 3230 3394 3452 3452; x_wconf 87' lang='lat' dir='ltr'><strong>prOpIer</strong></span> 
     </span>
    </p>
   </div>
   <div class='ocr_carea' id='block_1_89' title="bbox 1891 3465 3453 3548">
    <p class='ocr_par' dir='ltr' id='par_1_89' title="bbox 1891 3465 3453 3548">
     <span class='ocr_line' id='line_1_89' title="bbox 1891 3465 3453 3548; baseline -0.003 -15"><span class='ocrx_word' id='word_1_512' title='bbox 1891 3477 2355 3548; x_wconf 81' lang='lat' dir='ltr'><strong>iinperfeetionem</strong></span> <span class='ocrx_word' id='word_1_513' title='bbox 2407 3489 2514 3529; x_wconf 92' lang='lat' dir='ltr'><strong>non</strong></span> <span class='ocrx_word' id='word_1_514' title='bbox 2558 3476 2782 3528; x_wconf 87' lang='lat' dir='ltr'><strong>omnino</strong></span> <span class='ocrx_word' id='word_1_515' title='bbox 2827 3465 3022 3544; x_wconf 85' lang='lat' dir='ltr'><strong>magna</strong></span> <span class='ocrx_word' id='word_1_516' title='bbox 3061 3485 3158 3528; x_wconf 88' lang='lat' dir='ltr'><strong>aut</strong></span> <span class='ocrx_word' id='word_1_517' title='bbox 3194 3478 3453 3546; x_wconf 83' lang='lat' dir='ltr'><strong>perlecta.</strong></span> 
     </span>
    </p>
   </div>
   <div class='ocr_carea' id='block_1_90' title="bbox 1891 3567 3174 3635">
    <p class='ocr_par' dir='ltr' id='par_1_90' title="bbox 1891 3567 3174 3635">
     <span class='ocr_line' id='line_1_90' title="bbox 1891 3567 3174 3635; baseline -0.004 -10"><span class='ocrx_word' id='word_1_518' title='bbox 1891 3570 2034 3625; x_wconf 87' lang='lat' dir='ltr'><strong>ldcm</strong></span> <span class='ocrx_word' id='word_1_519' title='bbox 2067 3571 2134 3625; x_wconf 89' lang='lat' dir='ltr'><strong>de</strong></span> <span class='ocrx_word' id='word_1_520' title='bbox 2167 3568 2460 3623; x_wconf 85' lang='lat' dir='ltr'><strong>virtutibus</strong></span> <span class='ocrx_word' id='word_1_521' title='bbox 2483 3578 2537 3622; x_wconf 86' lang='lat' dir='ltr'><strong>et</strong></span> <span class='ocrx_word' id='word_1_522' title='bbox 2561 3568 2706 3620; x_wconf 82' lang='lat' dir='ltr'><strong>vitiis</strong></span> <span class='ocrx_word' id='word_1_523' title='bbox 2744 3567 3174 3635; x_wconf 83' lang='lat' dir='ltr'><strong>intelligendum.</strong></span> 
     </span>
    </p>
   </div>
   <div class='ocr_carea' id='block_1_91' title="bbox 2377 3658 3428 3727">
    <p class='ocr_par' dir='ltr' id='par_1_91' title="bbox 2377 3658 3428 3727">
     <span class='ocr_line' id='line_1_91' title="bbox 2377 3658 3428 3727; baseline -0.007 -12"><span class='ocrx_word' id='word_1_524' title='bbox 2377 3662 2550 3715; x_wconf 78' lang='lat' dir='ltr'><strong>Marci</strong></span> <span class='ocrx_word' id='word_1_525' title='bbox 2589 3661 2830 3713; x_wconf 82' lang='lat' dir='ltr'><strong>monachi</strong></span> <span class='ocrx_word' id='word_1_526' title='bbox 2879 3658 2962 3713; x_wconf 75' lang='grc'>72.</span> <span class='ocrx_word' id='word_1_527' title='bbox 3422 3719 3428 3727; x_wconf 27' lang='grc' dir='ltr'>ι</span> 
     </span>
    </p>
   </div>
   <div class='ocr_carea' id='block_1_92' title="bbox 1961 3750 3454 3824">
    <p class='ocr_par' dir='ltr' id='par_1_92' title="bbox 1961 3750 3454 3824">
     <span class='ocr_line' id='line_1_92' title="bbox 1961 3750 3454 3824; baseline -0.005 -14"><span class='ocrx_word' id='word_1_528' title='bbox 1961 3755 2291 3824; x_wconf 87' lang='lat' dir='ltr'><strong>Anticipatio</strong></span> <span class='ocrx_word' id='word_1_529' title='bbox 2322 3763 2408 3809; x_wconf 88' lang='lat' dir='ltr'><strong>est</strong></span> <span class='ocrx_word' id='word_1_530' title='bbox 2465 3754 2708 3822; x_wconf 88' lang='lat' dir='ltr'><strong>priorum</strong></span> <span class='ocrx_word' id='word_1_531' title='bbox 2748 3754 3015 3804; x_wconf 83' lang='lat' dir='ltr'><strong>malorum</strong></span> <span class='ocrx_word' id='word_1_532' title='bbox 3069 3765 3162 3804; x_wconf 88' lang='lat' dir='ltr'><strong>seu</strong></span> <span class='ocrx_word' id='word_1_533' title='bbox 3199 3750 3454 3802; x_wconf 84' lang='lat' dir='ltr'><strong>vitiorum</strong></span> 
     </span>
    </p>
   </div>
   <div class='ocr_carea' id='block_1_93' title="bbox 1890 3842 3454 3918">
    <p class='ocr_par' dir='ltr' id='par_1_93' title="bbox 1890 3842 3454 3918">
     <span class='ocr_line' id='line_1_93' title="bbox 1890 3842 3454 3918; baseline -0.006 -15"><span class='ocrx_word' id='word_1_534' title='bbox 1890 3850 2100 3918; x_wconf 85' lang='lat' dir='ltr'><strong>objecta</strong></span> <span class='ocrx_word' id='word_1_535' title='bbox 2159 3847 2362 3901; x_wconf 87' lang='lat' dir='ltr'><strong>nolenti</strong></span> <span class='ocrx_word' id='word_1_536' title='bbox 2407 3846 2692 3909; x_wconf 85' lang='lat' dir='ltr'><strong>memoria,</strong></span> <span class='ocrx_word' id='word_1_537' title='bbox 2748 3861 2868 3912; x_wconf 61' lang='grc' dir='ltr'>ουλε</span> <span class='ocrx_word' id='word_1_538' title='bbox 2924 3842 3454 3913; x_wconf 87' lang='lat' dir='ltr'><strong>agonistameristi</strong></span> 
     </span>
    </p>
   </div>
   <div class='ocr_carea' id='block_1_94' title="bbox 1891 3933 3457 4012">
    <p class='ocr_par' dir='ltr' id='par_1_94' title="bbox 1891 3933 3457 4012">
     <span class='ocr_line' id='line_1_94' title="bbox 1891 3933 3457 4012; baseline -0.007 -16"><span class='ocrx_word' id='word_1_539' title='bbox 1891 3943 2139 4012; x_wconf 85' lang='lat' dir='ltr'><strong>prohibet</strong></span> <span class='ocrx_word' id='word_1_540' title='bbox 2167 3940 2234 3994; x_wconf 90' lang='lat' dir='ltr'><strong>ad</strong></span> <span class='ocrx_word' id='word_1_541' title='bbox 2263 3940 2451 3992; x_wconf 86' lang='lat' dir='ltr'><strong>vitium</strong></span> <span class='ocrx_word' id='word_1_542' title='bbox 2487 3953 2659 4005; x_wconf 87' lang='lat' dir='ltr'><strong>usque</strong></span> <span class='ocrx_word' id='word_1_543' title='bbox 2708 3935 2953 4004; x_wconf 79' lang='lat' dir='ltr'><strong>progredi</strong></span> <span class='ocrx_word' id='word_1_544' title='bbox 2981 3953 2993 3986; x_wconf 91' lang='lat'><strong>:</strong></span> <span class='ocrx_word' id='word_1_545' title='bbox 3019 3949 3048 3986; x_wconf 87' lang='lat' dir='ltr'><strong>a</strong></span> <span class='ocrx_word' id='word_1_546' title='bbox 3089 3933 3328 4001; x_wconf 76' lang='lat' dir='ltr'><strong>perfecto</strong></span> <span class='ocrx_word' id='word_1_547' title='bbox 3359 3949 3457 3985; x_wconf 84' lang='lat' dir='ltr'><strong>au-</strong></span> 
     </span>
    </p>
   </div>
   <div class='ocr_carea' id='block_1_95' title="bbox 1891 4024 3456 4094">
    <p class='ocr_par' dir='ltr' id='par_1_95' title="bbox 1891 4024 3456 4094">
     <span class='ocr_line' id='line_1_95' title="bbox 1891 4024 3456 4094; baseline -0.003 -9"><span class='ocrx_word' id='word_1_548' title='bbox 1891 4041 1996 4086; x_wconf 87' lang='lat' dir='ltr'><strong>tem</strong></span> <span class='ocrx_word' id='word_1_549' title='bbox 2022 4048 2118 4086; x_wconf 87' lang='lat' dir='ltr'><strong>seu</strong></span> <span class='ocrx_word' id='word_1_550' title='bbox 2151 4031 2355 4085; x_wconf 83' lang='lat' dir='ltr'><strong>victore</strong></span> <span class='ocrx_word' id='word_1_551' title='bbox 2397 4027 2465 4083; x_wconf 84' lang='lat' dir='ltr'><strong>ad</strong></span> <span class='ocrx_word' id='word_1_552' title='bbox 2513 4026 2926 4094; x_wconf 87' lang='lat' dir='ltr'><strong>impressionem</strong></span> <span class='ocrx_word' id='word_1_553' title='bbox 2959 4039 3134 4092; x_wconf 83' lang='lat' dir='ltr'><strong>usque</strong></span> <span class='ocrx_word' id='word_1_554' title='bbox 3159 4024 3371 4078; x_wconf 85' lang='lat' dir='ltr'><strong>sublata</strong></span> <span class='ocrx_word' id='word_1_555' title='bbox 3400 4035 3456 4080; x_wconf 84' lang='lat' dir='ltr'><strong>et</strong></span> 
     </span>
    </p>
   </div>
   <div class='ocr_carea' id='block_1_96' title="bbox 1888 4124 2084 4177">
    <p class='ocr_par' dir='ltr' id='par_1_96' title="bbox 1888 4124 2084 4177">
     <span class='ocr_line' id='line_1_96' title="bbox 1888 4124 2084 4177; baseline -0.02 0"><span class='ocrx_word' id='word_1_556' title='bbox 1888 4124 2084 4177; x_wconf 86' lang='lat' dir='ltr'><strong>deleta.</strong></span> 
     </span>
    </p>
   </div>
   <div class='ocr_carea' id='block_1_97' title="bbox 2479 4231 2879 4293">
    <p class='ocr_par' dir='ltr' id='par_1_97' title="bbox 2479 4231 2879 4293">
     <span class='ocr_line' id='line_1_97' title="bbox 2479 4231 2879 4293; baseline -0.005 -8"><span class='ocrx_word' id='word_1_557' title='bbox 2479 4232 2727 4293; x_wconf 84' lang='lat' dir='ltr'><strong>Scholion</strong></span> <span class='ocrx_word' id='word_1_558' title='bbox 2789 4231 2879 4284; x_wconf 79' lang='lat'><strong>7&#39;5.</strong></span> 
     </span>
    </p>
   </div>
   <div class='ocr_carea' id='block_1_98' title="bbox 1959 4321 3448 4393">
    <p class='ocr_par' dir='ltr' id='par_1_98' title="bbox 1959 4321 3448 4393">
     <span class='ocr_line' id='line_1_98' title="bbox 1959 4321 3448 4393; baseline -0.005 -13"><span class='ocrx_word' id='word_1_559' title='bbox 1959 4326 2244 4382; x_wconf 82' lang='lat' dir='ltr'><strong>Peccatum</strong></span> <span class='ocrx_word' id='word_1_560' title='bbox 2286 4336 2369 4382; x_wconf 86' lang='lat' dir='ltr'><strong>est</strong></span> <span class='ocrx_word' id='word_1_561' title='bbox 2400 4327 2578 4380; x_wconf 88' lang='lat' dir='ltr'><strong>onmis</strong></span> <span class='ocrx_word' id='word_1_562' title='bbox 2628 4324 2793 4377; x_wconf 86' lang='lat' dir='ltr'><strong>divini</strong></span> <span class='ocrx_word' id='word_1_563' title='bbox 2849 4324 3100 4393; x_wconf 63' lang='lat' dir='ltr'><strong>praecepti</strong></span> <span class='ocrx_word' id='word_1_564' title='bbox 3143 4321 3307 4377; x_wconf 85' lang='lat' dir='ltr'><strong>etiam</strong></span> <span class='ocrx_word' id='word_1_565' title='bbox 3344 4323 3448 4374; x_wconf 86' lang='lat' dir='ltr'><strong>mi-</strong></span> 
     </span>
    </p>
   </div>
   <div class='ocr_carea' id='block_1_99' title="bbox 1889 4418 3447 4487">
    <p class='ocr_par' dir='ltr' id='par_1_99' title="bbox 1889 4418 3447 4487">
     <span class='ocr_line' id='line_1_99' title="bbox 1889 4418 3447 4487; baseline -0.006 -11"><span class='ocrx_word' id='word_1_566' title='bbox 1889 4422 2016 4476; x_wconf 87' lang='lat' dir='ltr'><strong>nimi</strong></span> <span class='ocrx_word' id='word_1_567' title='bbox 2048 4422 2268 4475; x_wconf 87' lang='lat' dir='ltr'><strong>violatio</strong></span> <span class='ocrx_word' id='word_1_568' title='bbox 2301 4436 2397 4475; x_wconf 89' lang='lat' dir='ltr'><strong>seu</strong></span> <span class='ocrx_word' id='word_1_569' title='bbox 2427 4419 2818 4487; x_wconf 76' lang='lat' dir='ltr'><strong>transgressio;</strong></span> <span class='ocrx_word' id='word_1_570' title='bbox 2842 4418 3100 4486; x_wconf 77' lang='lat' dir='ltr'><strong>segnities</strong></span> <span class='ocrx_word' id='word_1_571' title='bbox 3145 4425 3325 4469; x_wconf 89' lang='lat' dir='ltr'><strong>autem</strong></span> <span class='ocrx_word' id='word_1_572' title='bbox 3355 4431 3447 4467; x_wconf 88' lang='lat' dir='ltr'><strong>seu</strong></span> 
     </span>
    </p>
   </div>
   <div class='ocr_carea' id='block_1_100' title="bbox 1889 4506 3449 4580">
    <p class='ocr_par' dir='ltr' id='par_1_100' title="bbox 1889 4506 3449 4580">
     <span class='ocr_line' id='line_1_100' title="bbox 1889 4506 3449 4580; baseline -0.007 -13"><span class='ocrx_word' id='word_1_573' title='bbox 1889 4513 2058 4568; x_wconf 89' lang='lat' dir='ltr'><strong>otium</strong></span> <span class='ocrx_word' id='word_1_574' title='bbox 2088 4513 2155 4566; x_wconf 90' lang='lat' dir='ltr'><strong>ab</strong></span> <span class='ocrx_word' id='word_1_575' title='bbox 2179 4512 2431 4580; x_wconf 85' lang='lat' dir='ltr'><strong>operibus</strong></span> <span class='ocrx_word' id='word_1_576' title='bbox 2473 4511 2670 4565; x_wconf 86' lang='lat' dir='ltr'><strong>divinis</strong></span> <span class='ocrx_word' id='word_1_577' title='bbox 2699 4512 2953 4564; x_wconf 81' lang='lat' dir='ltr'><strong>cessatio.</strong></span> <span class='ocrx_word' id='word_1_578' title='bbox 3000 4506 3332 4578; x_wconf 84' lang='lat' dir='ltr'><strong>Negligeutia</strong></span> <span class='ocrx_word' id='word_1_579' title='bbox 3367 4513 3449 4557; x_wconf 87' lang='lat' dir='ltr'><strong>est</strong></span> 
     </span>
    </p>
   </div>
   <div class='ocr_carea' id='block_1_101' title="bbox 1885 4600 3448 4676">
    <p class='ocr_par' dir='ltr' id='par_1_101' title="bbox 1885 4600 3448 4676">
     <span class='ocr_line' id='line_1_101' title="bbox 1885 4600 3448 4676; baseline -0.01 -14"><span class='ocrx_word' id='word_1_580' title='bbox 1885 4608 2072 4662; x_wconf 86' lang='lat' dir='ltr'><strong>eadem</strong></span> <span class='ocrx_word' id='word_1_581' title='bbox 2110 4602 2439 4676; x_wconf 78' lang='lat' dir='ltr'><strong>negligenter</strong></span> <span class='ocrx_word' id='word_1_582' title='bbox 2485 4613 2540 4659; x_wconf 88' lang='lat' dir='ltr'><strong>et</strong></span> <span class='ocrx_word' id='word_1_583' title='bbox 2592 4605 2819 4658; x_wconf 88' lang='lat' dir='ltr'><strong>remisse</strong></span> <span class='ocrx_word' id='word_1_584' title='bbox 2855 4602 3103 4670; x_wconf 82' lang='lat' dir='ltr'><strong>exsequi.</strong></span> <span class='ocrx_word' id='word_1_585' title='bbox 3151 4600 3340 4652; x_wconf 82' lang='lat' dir='ltr'><strong>Passio</strong></span> <span class='ocrx_word' id='word_1_586' title='bbox 3363 4607 3448 4648; x_wconf 78' lang='lat' dir='ltr'><strong>est</strong></span> 
     </span>
    </p>
   </div>
   <div class='ocr_carea' id='block_1_102' title="bbox 1883 4689 3448 4766">
    <p class='ocr_par' dir='ltr' id='par_1_102' title="bbox 1883 4689 3448 4766">
     <span class='ocr_line' id='line_1_102' title="bbox 1883 4689 3448 4766; baseline -0.012 -12"><span class='ocrx_word' id='word_1_587' title='bbox 1883 4702 2010 4763; x_wconf 80' lang='lat' dir='ltr'><strong>lixa,</strong></span> <span class='ocrx_word' id='word_1_588' title='bbox 2035 4709 2086 4752; x_wconf 90' lang='lat' dir='ltr'><strong>et</strong></span> <span class='ocrx_word' id='word_1_589' title='bbox 2110 4715 2172 4752; x_wconf 74' lang='lat' dir='ltr'><strong>ex</strong></span> <span class='ocrx_word' id='word_1_590' title='bbox 2204 4714 2306 4766; x_wconf 83' lang='lat' dir='ltr'><strong>qua</strong></span> <span class='ocrx_word' id='word_1_591' title='bbox 2341 4714 2479 4766; x_wconf 72' lang='lat' dir='ltr'><strong>aegre</strong></span> <span class='ocrx_word' id='word_1_592' title='bbox 2514 4712 2780 4766; x_wconf 88' lang='lat' dir='ltr'><strong>emergas,</strong></span> <span class='ocrx_word' id='word_1_593' title='bbox 2836 4697 3034 4749; x_wconf 89' lang='lat' dir='ltr'><strong>mentis</strong></span> <span class='ocrx_word' id='word_1_594' title='bbox 3080 4693 3144 4745; x_wconf 86' lang='lat' dir='ltr'><strong>ad</strong></span> <span class='ocrx_word' id='word_1_595' title='bbox 3180 4689 3339 4744; x_wconf 79' lang='lat' dir='ltr'><strong>noxia</strong></span> <span class='ocrx_word' id='word_1_596' title='bbox 3367 4689 3448 4738; x_wconf 90' lang='lat' dir='ltr'><strong>iu-</strong></span> 
     </span>
    </p>
   </div>
   <div class='ocr_carea' id='block_1_103' title="bbox 1882 4782 3449 4858">
    <p class='ocr_par' dir='ltr' id='par_1_103' title="bbox 1882 4782 3449 4858">
     <span class='ocr_line' id='line_1_103' title="bbox 1882 4782 3449 4858; baseline -0.011 -9"><span class='ocrx_word' id='word_1_597' title='bbox 1882 4794 2124 4849; x_wconf 86' lang='lat' dir='ltr'><strong>clinatio.</strong></span> <span class='ocrx_word' id='word_1_598' title='bbox 2159 4795 2330 4847; x_wconf 80' lang='lat' dir='ltr'><strong>Casus</strong></span> <span class='ocrx_word' id='word_1_599' title='bbox 2361 4802 2439 4845; x_wconf 88' lang='lat' dir='ltr'><strong>est</strong></span> <span class='ocrx_word' id='word_1_600' title='bbox 2461 4807 2571 4858; x_wconf 86' lang='lat' dir='ltr'><strong>quo</strong></span> <span class='ocrx_word' id='word_1_601' title='bbox 2591 4791 2675 4842; x_wconf 80' lang='lat' dir='ltr'><strong>vel</strong></span> <span class='ocrx_word' id='word_1_602' title='bbox 2700 4792 2750 4842; x_wconf 90' lang='lat' dir='ltr'><strong>iu</strong></span> <span class='ocrx_word' id='word_1_603' title='bbox 2780 4787 3207 4842; x_wconf 86' lang='lat' dir='ltr'><strong>incredulitatem</strong></span> <span class='ocrx_word' id='word_1_604' title='bbox 3233 4782 3311 4836; x_wconf 83' lang='lat' dir='ltr'><strong>vel</strong></span> <span class='ocrx_word' id='word_1_605' title='bbox 3329 4798 3449 4835; x_wconf 84' lang='lat' dir='ltr'><strong>cor-</strong></span> 
     </span>
    </p>
   </div>
   <div class='ocr_carea' id='block_1_104' title="bbox 1882 4882 2715 4956">
    <p class='ocr_par' dir='ltr' id='par_1_104' title="bbox 1882 4882 2715 4956">
     <span class='ocr_line' id='line_1_104' title="bbox 1882 4882 2715 4956; baseline -0.007 -18"><span class='ocrx_word' id='word_1_606' title='bbox 1882 4888 2030 4956; x_wconf 86' lang='lat' dir='ltr'><strong>poris</strong></span> <span class='ocrx_word' id='word_1_607' title='bbox 2060 4885 2364 4953; x_wconf 81' lang='lat' dir='ltr'><strong>voluptates</strong></span> <span class='ocrx_word' id='word_1_608' title='bbox 2390 4882 2715 4935; x_wconf 85' lang='lat' dir='ltr'><strong>devolvaris.</strong></span> 
     </span>
    </p>
   </div>
   <div class='ocr_carea' id='block_1_105' title="bbox 2514 4989 2806 5044">
    <p class='ocr_par' dir='ltr' id='par_1_105' title="bbox 2514 4989 2806 5044">
     <span class='ocr_line' id='line_1_105' title="bbox 2514 4989 2806 5044; baseline 0.007 -2"><span class='ocrx_word' id='word_1_609' title='bbox 2514 4989 2691 5042; x_wconf 81' lang='lat' dir='ltr'><strong>Isaaci</strong></span> <span class='ocrx_word' id='word_1_610' title='bbox 2722 4989 2806 5044; x_wconf 64' lang='grc'><strong>74.</strong></span> 
     </span>
    </p>
   </div>
   <div class='ocr_carea' id='block_1_106' title="bbox 1955 5080 3039 5155">
    <p class='ocr_par' dir='ltr' id='par_1_106' title="bbox 1955 5080 3039 5155">
     <span class='ocr_line' id='line_1_106' title="bbox 1955 5080 3039 5155; baseline -0.008 -14"><span class='ocrx_word' id='word_1_611' title='bbox 1955 5088 2144 5141; x_wconf 83' lang='lat' dir='ltr'><strong>Cavea</strong></span> <span class='ocrx_word' id='word_1_612' title='bbox 2177 5083 2374 5155; x_wconf 88' lang='lat' dir='ltr'><strong>parvis,</strong></span> <span class='ocrx_word' id='word_1_613' title='bbox 2422 5097 2486 5137; x_wconf 92' lang='lat' dir='ltr'><strong>ne</strong></span> <span class='ocrx_word' id='word_1_614' title='bbox 2510 5082 2730 5136; x_wconf 80' lang='lat' dir='ltr'><strong>excidas</strong></span> <span class='ocrx_word' id='word_1_615' title='bbox 2753 5096 2781 5134; x_wconf 88' lang='lat' dir='ltr'><strong>a</strong></span> <span class='ocrx_word' id='word_1_616' title='bbox 2811 5080 3039 5149; x_wconf 83' lang='lat' dir='ltr'><strong>magnis.</strong></span> 
     </span>
    </p>
   </div>
   <div class='ocr_carea' id='block_1_107' title="bbox 2374 5287 2952 5342">
    <p class='ocr_par' dir='ltr' id='par_1_107' title="bbox 2374 5287 2952 5342">
     <span class='ocr_line' id='line_1_107' title="bbox 2374 5287 2952 5342; baseline -0.002 -1"><span class='ocrx_word' id='word_1_617' title='bbox 2374 5288 2622 5342; x_wconf 85' lang='lat' dir='ltr'><strong>Scholion</strong></span> <span class='ocrx_word' id='word_1_618' title='bbox 2653 5287 2828 5342; x_wconf 82' lang='lat' dir='ltr'><strong>Isaaci</strong></span> <span class='ocrx_word' id='word_1_619' title='bbox 2867 5287 2952 5340; x_wconf 77' lang='grc'><strong>⁸75.</strong></span> 
     </span>
    </p>
   </div>
   <div class='ocr_carea' id='block_1_108' title="bbox 1953 5374 3440 5443">
    <p class='ocr_par' dir='ltr' id='par_1_108' title="bbox 1953 5374 3440 5443">
     <span class='ocr_line' id='line_1_108' title="bbox 1953 5374 3440 5443; baseline -0.005 -11"><span class='ocrx_word' id='word_1_620' title='bbox 1953 5380 2170 5435; x_wconf 76' lang='lat' dir='ltr'><strong>Amicos</strong></span> <span class='ocrx_word' id='word_1_621' title='bbox 2196 5398 2316 5436; x_wconf 90' lang='lat' dir='ltr'><strong>cum</strong></span> <span class='ocrx_word' id='word_1_622' title='bbox 2351 5382 2652 5435; x_wconf 81' lang='lat' dir='ltr'><strong>reverentia</strong></span> <span class='ocrx_word' id='word_1_623' title='bbox 2681 5391 2734 5434; x_wconf 87' lang='lat' dir='ltr'><strong>et</strong></span> <span class='ocrx_word' id='word_1_624' title='bbox 2759 5390 2916 5435; x_wconf 84' lang='lat' dir='ltr'><strong>caute</strong></span> <span class='ocrx_word' id='word_1_625' title='bbox 2961 5378 3157 5432; x_wconf 84' lang='lat' dir='ltr'><strong>accede</strong></span> <span class='ocrx_word' id='word_1_626' title='bbox 3183 5395 3196 5441; x_wconf 87' lang='lat'><strong>;</strong></span> <span class='ocrx_word' id='word_1_627' title='bbox 3220 5374 3440 5443; x_wconf 82' lang='lat' dir='ltr'><strong>quando</strong></span> 
     </span>
    </p>
   </div>
   <div class='ocr_carea' id='block_1_109' title="bbox 1885 5467 3437 5542">
    <p class='ocr_par' dir='ltr' id='par_1_109' title="bbox 1885 5467 3437 5542">
     <span class='ocr_line' id='line_1_109' title="bbox 1885 5467 3437 5542; baseline -0.006 -15"><span class='ocrx_word' id='word_1_628' title='bbox 1885 5476 1986 5528; x_wconf 84' lang='lat' dir='ltr'><strong>hoc</strong></span> <span class='ocrx_word' id='word_1_629' title='bbox 2015 5472 2227 5538; x_wconf 80' lang='lat' dir='ltr'><strong>feceris,</strong></span> <span class='ocrx_word' id='word_1_630' title='bbox 2257 5483 2310 5529; x_wconf 83' lang='lat' dir='ltr'><strong>et</strong></span> <span class='ocrx_word' id='word_1_631' title='bbox 2352 5475 2446 5529; x_wconf 89' lang='lat' dir='ltr'><strong>tibi</strong></span> <span class='ocrx_word' id='word_1_632' title='bbox 2475 5484 2530 5528; x_wconf 82' lang='lat' dir='ltr'><strong>et</strong></span> <span class='ocrx_word' id='word_1_633' title='bbox 2570 5474 2689 5528; x_wconf 86' lang='lat' dir='ltr'><strong>aliis</strong></span> <span class='ocrx_word' id='word_1_634' title='bbox 2741 5475 3004 5542; x_wconf 86' lang='lat' dir='ltr'><strong>proderis.</strong></span> <span class='ocrx_word' id='word_1_635' title='bbox 3057 5470 3246 5524; x_wconf 78' lang='lat' dir='ltr'><strong>Anima</strong></span> <span class='ocrx_word' id='word_1_636' title='bbox 3294 5467 3437 5518; x_wconf 83' lang='lat' dir='ltr'><strong>enim</strong></span> 
     </span>
    </p>
   </div>
   <div class='ocr_carea' id='block_1_110' title="bbox 1885 5556 3442 5637">
    <p class='ocr_par' dir='ltr' id='par_1_110' title="bbox 1885 5556 3442 5637">
     <span class='ocr_line' id='line_1_110' title="bbox 1885 5556 3442 5637; baseline -0.006 -18"><span class='ocrx_word' id='word_1_637' title='bbox 1885 5567 2172 5620; x_wconf 88' lang='lat' dir='ltr'><strong>occasione</strong></span> <span class='ocrx_word' id='word_1_638' title='bbox 2227 5566 2533 5637; x_wconf 71' lang='lat' dir='ltr'><strong>[prmtextu]</strong></span> <span class='ocrx_word' id='word_1_639' title='bbox 2588 5567 2867 5622; x_wconf 86' lang='lat' dir='ltr'><strong>cbaritatis</strong></span> <span class='ocrx_word' id='word_1_640' title='bbox 2919 5565 3124 5618; x_wconf 82' lang='lat' dir='ltr'><strong>l&#39;renuiu</strong></span> <span class='ocrx_word' id='word_1_641' title='bbox 3185 5556 3442 5613; x_wconf 76' lang='lat' dir='ltr'><strong>custodia:</strong></span> 
     </span>
    </p>
   </div>
   <div class='ocr_carea' id='block_1_111' title="bbox 1884 5657 2610 5727">
    <p class='ocr_par' dir='ltr' id='par_1_111' title="bbox 1884 5657 2610 5727">
     <span class='ocr_line' id='line_1_111' title="bbox 1884 5657 2610 5727; baseline 0.001 -18"><span class='ocrx_word' id='word_1_642' title='bbox 1884 5657 1964 5710; x_wconf 86' lang='lat' dir='ltr'><strong>sui</strong></span> <span class='ocrx_word' id='word_1_643' title='bbox 2001 5657 2168 5725; x_wconf 86' lang='lat' dir='ltr'><strong>ipsius</strong></span> <span class='ocrx_word' id='word_1_644' title='bbox 2194 5658 2426 5727; x_wconf 86' lang='lat' dir='ltr'><strong>abjiccre</strong></span> <span class='ocrx_word' id='word_1_645' title='bbox 2455 5657 2610 5712; x_wconf 83' lang='lat' dir='ltr'><strong>solet.</strong></span> 
     </span>
    </p>
   </div>
  </div>
