4030 6342
650 427 786 492 1055
1293 434 1298 437 ’
1881 431 1941 488 S.
1974 429 2191 489 JOANi‘

2306 428 2607 488 CLIMACI
3686 399 3693 404 ’
3719 421 3856 486 1056

1227 538 1478 594 Scholion
1526 539 1613 593 76.

2883 540 2927 590 Σ
2929 538 3137 605 χόλιον
3163 541 3267 599 ος¹.

711 629 854 683 Nihil
915 629 1156 684 animum
1210 616 1316 685 tam
1360 630 1636 684 turbidum
1697 629 1892 694 reddit,
1948 630 2192 698 adeoque

641 721 857 791 penitus
911 729 1162 787 excaecat,
1225 738 1389 791 quam
1448 722 1636 776 sordes
1657 721 1860 785 carnis,
1887 719 2089 789 quibus
2126 736 2192 775 ex

643 816 951 887 impuritate
992 814 1234 884 turpium
1278 814 1618 882 voluptatum
1658 813 1994 881 inquinatur.

1221 984 1473 1040 Scholion
1509 986 1542 1038 7
1547 985 1596 1040 'l.

711 1075 936 1141 Quando
961 1077 1052 1144 qui
1077 1089 1216 1145 mger
1241 1085 1321 1130 est
1346 1077 1414 1130 ab
1437 1069 1640 1140 animo,
1666 1075 1722 1129 in
1754 1075 1960 1130 morbis
1985 1086 2041 1130 et
2066 1082 2188 1130 ten-

643 1166 938 1221 tationibus
994 1167 1300 1235 patientiam
1350 1174 1652 1229 conservat,
1716 1166 1983 1233 intelligat
2041 1165 2187 1236 quod

642 1256 791 1308 illum
841 1255 1020 1310 divina
1071 1256 1282 1310 bonitas
1343 1256 1557 1312 invisat.
1585 1257 1699 1313 Hoc
1729 1257 1954 1328 perfecti
1980 1273 2046 1312 ex
2076 1259 2185 1312 alta

644 1344 826 1413 gratiae
847 1345 1156 1415 cognitione
1189 1361 1297 1400 non
1326 1347 1596 1416 ignorant.

1237 1509 1484 1566 Scholion
1506 1513 1594 1569 78.

712 1597 830 1652 Non
857 1599 1096 1670 cujusvis
1125 1611 1209 1658 est
1239 1604 1342 1671 hoc
1378 1606 1579 1671 facere,
1611 1605 1709 1662 sed
1751 1609 1981 1665 studiosi
2015 1617 2072 1666 et
2104 1611 2192 1668 di-

644 1688 880 1758 ligentis.
1676 1723 1678 1725 >

1281 1782 1546 1840 Scholion.

718 1869 941 1925 Vocanti
977 1872 1042 1925 ad
1067 1873 1310 1927 exitium.

1291 1963 1556 2022 Scholion.

713 2051 790 2105 Ad
814 2052 1062 2120 pietatem
1088 2053 1355 2110 invitanti.

1235 2127 1483 2204 Scholion
1529 2151 1616 2205 79.

716 2231 815 2287 llic
859 2236 1102 2306 utrisque
1160 2253 1356 2308 scopus
1392 2250 1498 2308 est,
1554 2240 1610 2296 l'u
1628 2259 1693 2314 εει
1720 2245 1870 2311 mali,
1918 2255 1974 2301 et
1997 2261 2191 2304 conse-
2252 2225 2256 2228 ’

645 2323 808 2377 ctatio
837 2323 980 2377 boni.

1113 2417 1274 2486 367
1333 2417 1578 2474 Scholion
1625 2421 1712 2476 80.

715 2503 1113 2572 Separationcm
1141 2509 1243 2561 hoc
1277 2509 1395 2564 loco
1425 2521 1648 2566 mortem
1674 2514 1927 2582 appellat,
1952 2524 2006 2571 et
2043 2519 2189 2587 quod

641 2602 707 2640 ex
741 2591 1090 2646 morientibus
1120 2594 1208 2647 alii
1257 2596 1370 2650 sola
1407 2599 1588 2652 anima
1617 2601 1814 2656 ccelum
1849 2614 2035 2673 petant
2065 2607 2190 2660 reli-

641 2683 730 2728 cto
753 2676 805 2729 in
851 2686 992 2732 terra
1035 2695 1281 2760 corpore,
1337 2684 1430 2738 alii
1465 2687 1557 2754 qui
1599 2694 1818 2742 terrena
1875 2703 2187 2760 sapuerunt,

642 2774 764 2833 post
799 2778 1022 2822 mortem
1041 2771 1107 2824 ad
1138 2754 1334 2827 inl‘eros
1354 2775 1699 2840 descendant,
1725 2780 1961 2833 medium
1985 2781 2187 2848 locum,

644 2855 697 2908 id
737 2865 841 2922 est,
884 2858 937 2911 in
991 2860 1092 2914 hoc
1141 2865 1364 2924 mundo,
1403 2876 1525 2933 post
1575 2865 1720 2920 illam
1769 2870 2186 2938 separationem,

645 2945 858 3027 nullum
880 2948 1131 3019 deinceps
1169 2953 1422 3022 relinqui.

1220 3126 1466 3185 Scholion
1519 3133 1581 3188 81
1952 3201 1954 3203 μ

711 3209 786 3266 De
830 3212 1043 3278 anima,
1076 3215 1286 3284 opinor,
1330 3219 1584 3289 loquitur,
1616 3240 1735 3294 quae
1783 3242 1882 3283 nec
1917 3238 2042 3285 ante
2088 3247 2186 3286 nec

642 3310 760 3387 post
788 3303 983 3373 corpus
1009 3306 1273 3373 subsistit,
1297 3311 1388 3364 sed
1419 3313 1576 3367 simul
1615 3330 1739 3370 cum
1779 3333 2005 3387 corpore
2035 3336 2187 3376 crea-

644 3385 731 3444 tur
751 3401 805 3445 et
833 3394 970 3461 ipsa.
1001 3395 1150 3450 Unde
1178 3397 1442 3454 homicida
1468 3401 1740 3471 judicatur
1763 3385 1925 3461 etiam
1949 3411 2041 3480 qui
2067 3425 2185 3464 em-

530 3520 532 3523 .
643 3480 896 3548 bryonem
930 3497 1024 3536 seu
1075 3486 1307 3552 primum
1345 3489 1412 3554 gin
1455 3499 1608 3545 utero
1650 3493 1966 3564 conoeptum
2017 3486 2186 3551 fetum

647 3571 926 3637 postquam
944 3572 1213 3626 animatus
1233 3582 1334 3640 est,
1356 3577 1573 3633 occidit.
1600 3581 1833 3636 Tantum
1859 3593 2036 3637 autem
2061 3593 2190 3640 tunc

644 3672 698 3714 et
721 3663 900 3715 anima
938 3664 1068 3734 agit,
1093 3675 1353 3733 quantum
1393 3683 1522 3722 caro
1558 3688 1571 3724 :
1617 3683 1741 3725 nam
1786 3652 1851 3727 ad
1880 3669 2186 3745 augendum

645 3767 840 3820 corpus
872 3769 998 3809 suas
1043 3756 1261 3823 perinde
1284 3760 1422 3812 vires
1464 3770 1624 3829 atque
1669 3761 1757 3815 illa
1803 3763 2029 3818 confert.
2062 3764 2189 3820 Per-

645 3845 840 3898 mirum
887 3842 1014 3916 ergo
1055 3847 1530 3919 dicit,-quomodo
1577 3853 1662 3906 illa
1697 3869 1816 3922 qua:
1868 3855 1920 3907 in
1963 3870 2188 3923 corpore

644 3946 823 3987 creata
858 3945 938 3990 est
962 3935 1082 4005 post
1118 3938 1530 4006 disjunctionem
1573 3941 1768 3996 durare
1802 3953 1856 3997 et
1895 3944 2189 4000 subsistere

647 4024 788 4078 nuda
811 4033 864 4079 ct
891 4026 1008 4079 sine
1033 4041 1256 4096 corpore
1281 4031 1491 4098 possit?
1517 4032 1607 4086 sed
1655 4033 1756 4088 hoc
1791 4043 1873 4088 est
1911 4034 2185 4092 decretum

649 4110 760 4164 Dei.
789 4111 1048 4166 Caeterum
1090 4115 1136 4168 si
1160 4117 1370 4184 quidem
1394 4118 1534 4174 hanc
1578 4123 1906 4190 propositam
1932 4131 2187 4194 quaestio-

650 4214 793 4268 nem,
824 4205 890 4257 ad
919 4206 1094 4273 ignem
1127 4205 1386 4272 referunt,
1412 4210 1623 4277 videant
1650 4214 1794 4291 quod
1835 4229 1903 4268 ex
1931 4217 2105 4284 lapide
2132 4227 2188 4273 et

651 4289 794 4346 ferro
823 4295 967 4364 (nam
1001 4313 1064 4350 ex
1094 4297 1177 4351 his
1197 4298 1407 4352 duobus
1431 4302 1700 4354 excutitur
1728 4289 1910 4371 ignis),
1943 4317 2190 4375 progres-

653 4394 767 4442 sus,
797 4385 1087 4448 subsistere
1117 4386 1232 4441 sine
1275 4388 1379 4442 alia
1422 4389 1646 4443 materia
1678 4405 1785 4443 non
1817 4394 2008 4460 possit.
2050 4393 2184 4449 Nam

2358 628 2522 680 Οὐδὲν
2573 627 2714 680 οὕτω
2756 625 2901 679 θολοί
2925 625 3015 678 τὸν
3062 623 3186 679 νοῦν
3221 616 3323 676 καὶ
3372 621 3662 676 ἀϐλεπτειν
3714 623 3851 684 ὅλως

2292 717 2719 786 παρασκευάζει,
2771 716 2846 779 ὡς
2885 718 2914 768 6
2941 716 3042 785 τῆς
3089 713 3286 784 σαρκὸς
3321 713 3489 784 ῥύπος
3535 717 3566 766 6
3620 731 3847 784 προσγι-

2292 809 2515 876 νόμενος
2540 808 2678 879 αὐτῇ
2707 808 2771 861 ἐκ
2799 807 2895 876 τῆς
2928 805 3265 876 ἀκαθαρσίας
3293 803 3404 857 τῶν
3429 804 3674 874 αἰσχρῶν
3725 804 3846 873 ἠδο-

2291 897 2420 951 νῶν.
3029 909 3032 911 “
3361 923 3367 927 ί

2880 989 2926 1040 Σ
2927 988 3132 1054 χόλιον
3177 984 3273 1049 οζν.

2361 1081 2490 1134 Ὅτε
2517 1082 2545 1134 6
2568 1083 2638 1151 τῇ
2670 1077 2835 1149 ψυχῇ,
2869 1078 3022 1147 φησὶ,
3055 1074 3282 1144 ἀσθενὴς
3316 1073 3374 1127 ὲν
3413 1076 3522 1138 τοῖς
3548 1075 3841 1145 νοσήμασι,

2292 1171 2386 1225 καὶ
2465 1172 2790 1241 πειρασμοῖς
2850 1166 3119 1238 ὑπομονὴν
3185 1166 3471 1236 κτήσηται,
3518 1165 3844 1236 διακρινέτω

2288 1261 2369 1314 ὃτι
2413 1259 2535 1320 θεία
2562 1259 2710 1328 αὐτῷ
2739 1257 3013 1327 ἐπισκοπὴ
3046 1255 3290 1324 ἐγένετο·
3325 1255 3375 1306 οί
3415 1254 3474 1306 δὲ
3527 1252 3719 1305 τέλειοι
3775 1254 3843 1306 ὲκ

2284 1343 2398 1404 ’τῶν
2440 1350 2661 1423 ὑψηλῶν
2682 1349 2784 1421 τῆς
2834 1350 3052 1420 χάριτος
3112 1344 3364 1416 γνώσεων
3422 1344 3844 1412 ἐπιγινώσκωσι

2289 1441 2465 1496 τοῦτο.
3082 1473 3090 1481 ν

2865 1531 3123 1600 Σχόλιον
3158 1528 3258 1600 οη’.

2357 1623 2432 1676 Οὐ
2470 1622 2562 1676 τοῦ
2611 1621 2882 1695 τυχόντος,
2929 1621 3066 1675 ἀλλά
3108 1619 3203 1674 τοῦ
3251 1619 3664 1683 σπουδάζοντος.

2923 1795 2970 1847 Σ
2970 1793 3202 1862 χόλων.
3293 1798 3299 1803 ⁷

2109 1939 2112 1943 .
2212 1860 2268 1923 ’Β
2353 1883 2444 1955 Τῷ
2474 1872 2724 1939 καλοῦντι
2753 1884 2887 1956 πρὸς
2919 1860 3210 1940 ἀπώλειαν.

2917 1977 3191 2044 Σχόλιον.

2352 2063 2441 2136 Τῷ
2477 2065 2568 2118 ἐπὶ
2592 2065 2689 2136 τὴν
2730 2065 3034 2120 εὗσέὸειαν.

2640 2151 2642 2157 ’
2807 2224 2809 2226 η
2869 2157 3123 2224 Σχόλιον
3155 2155 3250 2212 σθ’.

2368 2245 2428 2298 '0
2457 2245 2544 2297 ἐπ’
2571 2245 2904 2317 ἀμφοτέροις
2933 2247 3132 2309 σκοπὸς
3167 2246 3267 2316 τῆς
3299 2246 3476 2317 φυγῆς
3528 2248 3623 2300 τοῦ
3663 2263 3849 2302 κακον

2288 2336 2381 2390 καὶ
2421 2335 2519 2405 τῆς
2547 2335 2855 2406 συνδρομῆς
2895 2337 2987 2389 τοῦ
3020 2325 3206 2392 καλοῦ.

2873 2427 3128 2496 Σχόλιον
3173 2434 3246 2484 π’.

2356 2519 2644 2592 Χωρισμὸν
2681 2517 2914 2572 ἐνταῦθα
2959 2513 3050 2571 τὸν
3117 2519 3342 2573 θάνατόν
3392 2533 3555 2588 φησι·
3615 2518 3710 2572 καὶ
3750 2518 3846 2571 ὅτι

2287 2613 2738 2682 ἀποθνήσκοντες,
2783 2609 2930 2664 ἄλλοι
2980 2609 3077 2681 μὲν
3137 2612 3246 2664 ἄνω
3295 2609 3614 2680 ἀνέρχονται
3638 2613 3705 2680 τῇ
3732 2610 3844 2678 ψυ-

2289 2703 2357 2769 χῇ
2407 2700 2562 2770 μόνῃ,
2600 2699 2694 2751 ἐπὶ
2735 2698 2950 2768 γῆςτὸ
2987 2699 3143 2769 σῶμα
3198 2701 3691 2769 καταλιμπάνοντες
3716 2717 3730 2731 ο
3783 2704 3841 2753 οἱ

2287 2787 2345 2839 δὲ
2391 2788 2460 2840 τὰ
2491 2789 2655 2858 γήϊνα
2705 2787 3062 2857 φρονήσαντες
3117 2787 3254 2857 μετὰ
3325 2788 3552 2842 θάνατον
3607 2790 3699 2841 ἐπὶ
3740 2789 3844 2841 τὸν

2288 2875 2419 2946 ᾅδην
2453 2861 2799 2946 κατέρχονται
2825 2893 2841 2908 ο
2879 2877 3037 2946 μέσον
3069 2877 3147 2942 δὲ,
3177 2877 3319 2930 τοῦτ’
3373 2879 3488 2932 ἐστι
3515 2880 3574 2931 ὲν
3617 2879 3695 2948 τῷ
3740 2879 3842 2932 κό-

2226 2969 2228 2971 ’
2289 2983 2409 3036 σμῳ
2453 2968 2647 3036 τούτῳ,
2681 2969 2816 3037 μετά
2853 2967 2941 3020 τὸν
2991 2967 3261 3051 χωρισμὸν
3284 2969 3506 3036 ἐκεῖνον,
3537 2969 3689 3023 οὐδὲν
3724 2969 3844 3022 λα.-

2287 3057 2386 3109 πὺν
2417 3057 2646 3116 ἵσταται,
3316 3120 3318 3122 τ

2874 3147 3128 3214 Σχόλιον
3159 3151 3272 3199 παν.

2355 3233 2465 3304 Τὴν
2505 3234 2700 3305 ψυχὴν,
2733 3234 2808 3298 ὡς
2853 3229 3025 3305 οἶμαι,
3065 3235 3247 3302 λέγει·
3293 3233 3415 3288 οὔτε
3462 3235 3569 3307 γὰρ
3617 3239 3838 3307 προῡφ-

2289 3325 2498 3379 ίσταται
2528 3325 2622 3378 τοῦ
2666 3325 2934 3394 σώματος,
2979 3323 3099 3377 οὔτε
3135 3325 3546 3395 μεθυφίσταται,
3577 3327 3692 3379 ἀλλ’
3715 3327 3841 3396 ἅμα

2285 3419 2350 3488 τῇ
2378 3418 2587 3485 γενέσει
2635 3417 2824 3470 τούτου
2857 3407 3094 3480 κτίζεται
3135 3419 3228 3469 καὶ
3272 3419 3408 3488 αὐτή
3443 3435 3456 3448 ·
3490 3418 3612 3471 ὅθεν
3639 3421 3839 3487 φονεὺς

2287 3507 2380 3558 καὶ
2416 3508 2444 3559 6
2478 3506 2719 3576 ἔμϐρυον
2781 3504 3124 3570 ἀπεκτακὼς,
3153 3505 3276 3556 ἐπεὶ
3345 3507 3402 3556 ὲν
3455 3488 3524 3576 τῇ
3573 3505 3839 3576 συλλήψει

2287 3597 2591 3667 ὲψύχωταν
2619 3596 2870 3650 τοσοῦτον
2915 3596 2970 3647 δὲ
2993 3597 3027 3665 ή
3054 3594 3216 3665 ψυχὴ,
3258 3596 3469 3664 ἐνεργεῖ
3507 3597 3648 3662 τότε,
3707 3595 3838 3651 ὅσον

2287 3689 2381 3740 καὶ
2425 3689 2459 3757 ἡ
2513 3686 2646 3756 σάρξ
2670 3702 2683 3715 ·
2722 3686 2841 3739 κατ’
2870 3684 3097 3755 αὔξησιν
3138 3686 3245 3756 γὰρ
3270 3685 3366 3753 τὴν
3417 3684 3510 3744 τοῦ
3552 3687 3835 3756 σώματος,

2287 3779 2381 3830 καὶ
2413 3778 2546 3847 αὕτη
2584 3778 2680 3839 τὰς
2713 3776 2914 3839 οἰκείας
2937 3776 3209 3847 ἐνεργείας
3233 3776 3556 3830 διαδείκνυσι
3589 3819 3605 3832 .
3632 3777 3835 3847 Θαῦμα

2287 3865 2398 3934 οὖν,
2443 3871 2592 3939 φησὶ,
2649 3868 2820 3937 πῶςή
2865 3869 2922 3920 ἐν
2975 3866 3053 3937 τῷ
3081 3866 3288 3937 σώματι
3327 3866 3563 3929 λαϐοῦσα
3588 3869 3648 3920 τὸ
3690 3865 3834 3922 εἶναι

2288 3961 2498 4026 πέφυκε
2546 3958 2726 4027 γυμνὴ
2759 3957 2896 4026 μετὰ
2937 3957 3034 4027 τὴν
3085 3955 3352 4022 διάζευξιν
3417 3958 3650 4026 στέγειν,
3695 3959 3836 4059 δῖοι

2290 4049 2674 4101 συνίστασθαι·
2710 4048 2843 4103 ἀλλὰ
2884 4047 3038 4101 τοῦτο
3068 4048 3165 4118 μὲν
3188 4047 3252 4100 τὸ
3303 4047 3398 4102 τοῦ
3453 4047 3586 4101 Θεοῦ
3630 4047 3831 4119 δόγμα.

2287 4139 2425 4193 mae
2469 4156 2609 4202 τινες
2670 4139 2797 4210 περὶ
2853 4139 3018 4207 πυρὸς
3069 4139 3338 4208 εἰρῆσθαι,
3369 4138 3432 4192 τὸ
3471 4139 3836 4210 προκείμενον

2289 4228 2726 4297 ὑπολαμϐάνουσι
2808 4227 3046 4298 ζήτημα,
3098 4228 3530 4294 γινωσκέτωσαν,
3587 4230 3660 4291 ὡς
3735 4226 3834 4281 τοῦ

2289 4320 2543 4386 φέροντος
2585 4315 2731 4369 λίθου
2761 4333 2820 4368 τε
2871 4319 2966 4368 καὶ
2993 4315 3208 4386 σιδήρου
3257 4314 3524 4388 (γέννημα
3557 4318 3668 4390 γὰρ
3719 4317 3835 4371 τῶν

2287 4405 2380 4457 δύο
2407 4398 2644 4457 τούτων’·
2667 4404 2728 4457 τὸ
2766 4404 2899 4473 πῦρ)
2948 4404 3207 4474 προελθὸν
3269 4408 3329 4460 οὐ
3379 4407 3596 4461 δύναται
3651 4405 3837 4476 μένειν

656 4467 760 4520 nisi
784 4469 904 4536 quis
931 4487 1012 4531 rex
1052 4475 1114 4529 iis
1156 4477 1248 4544 qui
1289 4492 1576 4531 excussum
1619 4478 1796 4545 ignem
1847 4481 2094 4550 excipere
2138 4493 2191 4538 et

2293 4494 2458 4564 Χωρῖς
2491 4495 2684 4564 ἐτέρας
2714 4467 2887 4564 ὕλης-’⁷
2930 4467 3021 4549 καζι
3049 4496 3155 4567 γὰρ
3183 4499 3232 4550 εἰ
3262 4496 3337 4567 μὴ
3388 4491 3572 4567 τάχιον

653 4566 861 4613 nutrire
888 4574 1144 4628 possunt,
1183 4567 1426 4620 celeriter
1451 4566 1592 4620 adsit
1619 4577 1672 4622 et
1707 4567 1974 4636 excipiat,
2007 4569 2188 4624 statim

2293 4583 2414 4635 σθαί
2465 4599 2547 4646 τις
2591 4584 2780 4651 φθάσει
2811 4583 2916 4636 τῶν
2951 4566 3238 4652 φυλάσσειν
3267 4566 3404 4639 dies
3447 4566 3684 4649 εἰδότων,
3731 4584 3834 4636 εὐ·-

653 4651 822 4728 perit;
846 4651 1024 4705 anima
1047 4652 1222 4710 autem
1260 4673 1430 4727 usque
1464 4660 1530 4713 ad
1564 4654 1787 4714 alteram
1814 4660 1994 4714 divina
2021 4661 2074 4714 vi
2107 4661 2195 4715 fu-

656 4756 832 4796 turam
867 4742 951 4795 sui
986 4757 1109 4796 cum
1153 4760 1373 4814 corpore
1399 4749 1792 4820 colligationem
1830 4761 2104 4822 exspectat
2139 4762 2194 4807 et

654 4849 927 4918 perdurat.
1797 4850 1807 4859 ’

2292 4672 2386 4736 οὺς
2421 4673 2750 4728 ἀπόλλυται·
2794 4676 2826 4743 ή
2862 4674 2920 4727 δὲ
2984 4673 3128 4746 ψυχὴ
3189 4675 3348 4745 μέχρι
3388 4674 3489 4743 τῆς
3532 4675 3720 4744 ἑτέρας
3766 4673 3836 4725 ιν

2291 4763 2408 4834 Θεῷ
2443 4765 2744 4837 συνδήσεως
2777 4765 2943 4835 αὐτῆς
2972 4765 3108 4835 πρὸς
3136 4766 3197 4819 τὸ
3237 4767 3435 4819 οἰκεῖον
3482 4765 3639 4834 σῶμα
3675 4762 3834 4816 ἔτιδὲ-

2231 4867 2234 4869 ‘
2290 4872 2459 4924 χεται.

2052 5033 2431 5048 *-

1064 5153 1134 5208 De
1171 5155 1396 5213 discreta
1450 5152 1772 5210 discretione.

2584 5161 2721 5230 Περὶ
2753 5160 3098 5229 διακρίσεως
3134 5156 3522 5227 οὐδιακριτου.
3629 5182 3634 5186 δ
3665 5213 3674 5220 ,

1738 5300 1859 5363 (Sub
1881 5303 2056 5353 eodem
2077 5307 2236 5367 capite
2257 5309 2312 5354 et
2341 5305 2492 5366 gradu
2523 5305 2714 5366 XXVI.)

727 5423 1187 5493 Quemadmodum
1217 5427 1413 5483 ardens
1443 5435 1576 5481 aestu
1611 5411 1800 5483 cervus
1831 5431 2045 5486 anhelat
2073 5431 2195 5487 fon-

658 5527 742 5574 tes
765 5532 1046 5587 aquarum,
1089 5517 1164 5570 ita
1199 5518 1268 5571 ab
1293 5517 1558 5586 religiosis
1579 5517 1711 5572 viris
1745 5519 2078 5576 desideratur
2097 5536 2192 5577 co-

663 5609 832 5675 gnitio
855 5621 947 5661 seu
974 5606 1382 5674 comprehensio
1406 5607 1559 5663 bona:
1580 5616 1635 5661 et
1652 5606 1846 5662 divinae
1865 5612 2189 5677 voluntatis;

668 5712 762 5750 nec
788 5698 890 5752 hoc
910 5706 1138 5760 tantum,
1167 5696 1257 5751 sed
1287 5705 1340 5749 et
1369 5696 1657 5763 permistae,
1682 5698 1810 5765 quin
1843 5703 2193 5756 etcontrarizc

670 5788 917 5856 cognitio.
951 5788 1023 5846 De
1062 5789 1258 5859 quibus
1291 5785 1445 5842 nobis
1483 5786 1699 5856 grandis
1734 5803 1910 5845 sermo
1953 5802 2003 5847 et
2053 5793 2192 5848 inin-

2301 5433 2396 5487 Ὃν
2433 5435 2630 5505 τρόπον
2657 5430 2905 5487 ἐπιποθεῖ
2949 5430 2984 5500 ή
3022 5427 3215 5498 ἔλαφος
3273 5429 3571 5502 φλεγομένη
3628 5430 3693 5485 τὰ
3721 5433 3824 5487 νά-

2297 5539 2458 5591 ματα,
2482 5523 2652 5586 οὔτως
2691 5520 2840 5590 παρὰ
2867 5521 3112 5589 μοναχοϊς
3136 5518 3470 5576 ὲπιποθεῖται
3493 5524 3526 5593 ή
3564 5521 3650 5578 τοῦ
3668 5522 3822 5576 θείου

2294 5610 2388 5663 καὶ
2437 5612 2638 5680 ἀγαθοῦ
2671 5611 2967 5680 θελήματος
2999 5608 3294 5679 κατάληψις
3321 5626 3336 5639 ·
3373 5611 3434 5664 οὐ
3466 5611 3569 5683 μὴν
3595 5612 3650 5666 δὲ
3676 5608 3822 5664 ἀλλὰ

2294 5707 2385 5759 καὶ
2417 5707 2508 5758 τοῦ
2553 5704 2992 5773 συγκεκραμένου
3022 5701 3118 5770 (1),
3147 5703 3307 5756 ἔτιδὲ
3336 5705 3429 5759 καὶ
3457 5705 3547 5760 τοῦ
3574 5705 3820 5762 ἐναντίου

2293 5800 2323 5866 ή
2361 5798 2668 5866 ἐπίγνωσις.
2715 5794 2849 5864 Περὶ
2887 5785 2960 5847 ὧν
3009 5792 3136 5847 πολὺ
3195 5796 3324 5866 ήμῖν
3369 5797 3535 5862 ὅντως
3585 5799 3614 5852 6
3655 5793 3822 5864 λόγος
