4030 6342
172 469 303 534 1057

1110 414 1353 524 .SCALA
1380 462 1755 525 PARADISI.
1785 489 1855 501 ·-
1877 466 2178 528 GRADUS
2206 468 2412 530 XXVI.

3228 469 3361 536 1058

167 580 262 632 καὶ
306 576 736 645 δυσερμήνευτος
766 591 780 603 ·
832 574 926 628 καὶ
955 572 1079 628 ποῖά
1102 588 1163 624 τε
1194 573 1300 624 τῶν
1357 573 1715 643 πραγμάτων,

1821 576 2175 643 terpretabilis
2197 588 2281 633 est
2312 579 2381 643 ⁸⁵,
2411 593 2531 648 qua:
2572 593 2763 649 nempe
2794 594 2882 636 res
2915 581 2969 635 in
2998 591 3180 638 nostra
3213 595 3363 653 pote-

167 668 288 723 καθ⁹
328 670 475 737 ἡμᾶς
544 665 922 736 ἀνυπερθέτως
972 662 1239 731 ὀφείλουσι
1290 663 1560 730 γίνεσθαιο
1618 664 1713 716 καὶ

167 761 345 829 πάσης
373 759 648 828 ἀναμονῆς
673 756 955 828 ὀξυτέρως,
990 755 1127 807 κατά
1149 754 1238 806 τὸν
1264 744 1488 823 λέγοντα
1512 770 1529 785 ο
1570 752 1715 809 Οὐαὶ

167 852 200 902 d
225 848 713 917 ἀναϐαλλόμενος
754 844 977 915 ἡμέραν
1008 844 1077 909 ἐξ
1104 842 1345 912 ἡμέρας,
1377 842 1475 897 καὶ
1526 842 1715 913 καιρὸν

172 940 235 991 ἑκ
294 936 508 1007 καιροῦ.
566 939 699 991 Ποῖα
749 938 805 989 δὲ
863 935 1019 989 πάλιν
1074 934 1211 1005 μετὰ
1274 937 1573 999 ἐπιεικείας
1622 934 1715 990 καὶ

169 1028 539 1100 περισκέψεως
576 1029 695 1090 ’,ὡς
725 1016 979 1096 παραινεῖ
1030 1028 1057 1079 ὁ
1098 1025 1354 1096 εἰρηκώς,
1402 1026 1560 1081 Μετὰ
1612 1044 1716 1080 κυ-

166 1118 503 1186 ϐερνήσεως
530 1119 751 1188 γίνεται
797 1119 1076 1185 πόλεμος,
1127 1118 1223 1171 καὶ
1267 1118 1426 1171 πάλιν
1445 1133 1459 1148 ·
1515 1117 1715 1173 Πάντα

166 1213 567 1281 εὐσχημόνως,
620 1208 897 1262 καὶκατὰ
942 1207 1111 1271 τάξιν
1127 1207 1395 1277 γινέσθω.
1457 1208 1567 1259 Οὐκ
1600 1206 1715 1258 ἔστι

166 1306 414 1374 γάρ,οὺκ
443 1303 557 1355 ἔστι
597 1301 705 1353 τῶν
737 1302 1003 1370 τυχόντων
1032 1299 1099 1352 τὰ
1149 1298 1322 1351 τοιάδε
1368 1298 1717 1366 δυσδιάκριτα

170 1392 365 1449 θᾶττον
394 1394 655 1465 εὐκρινῶς
681 1394 986 1460 διαγνωναι,
1019 1393 1174 1461 εἴπερ
1208 1390 1301 1442 καὶ
1348 1392 1375 1442 ὁ
1436 1389 1713 1459 θεοφόρος,

172 1484 348 1537 καὶτὸ
386 1482 597 1552 πνεῦμα
618 1484 674 1535 έν
705 1481 879 1551 ἑαυτῷ
907 1481 1109 1545 λαλοῦν,
1143 1479 1302 1547 ἔχων,
1330 1477 1487 1530 τοῦτο
1519 1476 1717 1529 πολλά·

173 1592 255 1636 κις
286 1572 532 1643 φαίνεται
583 1566 1014 1641 προσευχόμενος
1044 1586 1059 1598 ·
1087 1570 1180 1622 καὶ
1207 1568 1337 1619 ποτὲ
1373 1567 1473 1636 μὲν
1505 1567 1713 1634 λέγων·

171 1665 423 1728 Δίδαξόν
455 1680 528 1732 με
558 1662 663 1715 τοῦ
688 1662 878 1716 ποιεῖν
904 1661 970 1713 τὸ
1003 1658 1227 1727 θέλημά
1261 1676 1404 1722 σου,
1446 1658 1531 1711 ὅτι
1556 1657 1635 1721 σὺ
1664 1654 1723 1711 εἷ

172 1758 206 1808 ό
256 1753 401 1817 Θεός
427 1769 542 1820 μου
573 1767 588 1781 ·
625 1750 760 1804 ποτὲ
785 1749 844 1803 δὲ
873 1748 1033 1801 πάλιν
1062 1763 1075 1776 ·
1138 1747 1474 1815 Ὀδήγησόν
1494 1763 1568 1813 με
1618 1747 1716 1799 ἐπὶ

171 1846 283 1911 τὴν
312 1843 598 1911 ἀλήθειάν
664 1859 780 1896 σου
808 1857 822 1872 ’
868 1841 962 1893 καὶ
997 1840 1151 1893 πάλιν
1177 1856 1192 1870 ο
1247 1839 1551 1906 Γνώρισόν
1594 1855 1714 1907 μοι,

1812 672 1951 720 state
1992 666 2109 721 sita:
2138 667 2257 722 sine
2300 667 2556 724 dilatione
2599 681 2652 725 et
2687 672 2834 724 omni
2867 686 3019 726 mora
3061 675 3363 740 expeditius

1813 754 2056 809 facienda
2106 756 2218 811 sint
2257 758 2441 829 368,
2494 771 2553 813 ut
2585 770 2767 815 monet
2798 762 2886 815 ille
2924 763 3016 832 qui
3061 764 3235 819 dicit:
3279 765 3365 818 Va:

1812 844 1902 913 qui
1929 843 2188 913 diﬁ'ertde
2215 846 2301 900 die
2333 849 2389 900 in
2420 848 2558 902 diem
2579 850 2648 915 ⁸⁵,
2686 852 2831 905 et'de
2864 861 3107 920 tempore
3140 856 3192 907 in
3226 862 3364 907 tem-

1813 948 1934 1003 pus.
1964 934 2095 1000 Quaa
2132 934 2259 990 item
2278 946 2489 1005 contra,
2517 952 2638 993 cum
2664 939 2897 1009 quodam
2921 950 3364 1010 temperamento,
3460 985 3466 991 .

1815 1024 2246 1081 consideratione
2308 1036 2364 1080 et
2424 1029 2914 1098 circumspectione
2984 1033 3244 1100 agendae,
3308 1042 3368 1086 ut

1815 1122 1998 1169 monet
2039 1115 2131 1183 qui
2165 1115 2301 1169 dixit
2330 1136 2343 1171 :
2382 1118 2515 1171 Cum
2562 1119 2927 1201 gubernatione
2954 1121 3015 1186 ﬁt
3062 1119 3251 1173 bellum
3280 1123 3363 1188 l“7;

1814 1211 1868 1257 et
1900 1219 2113 1259 rursum
2145 1220 2157 1256 :
2186 1207 2373 1258 Omnia
2401 1208 2608 1261 honeste
2648 1224 2742 1262 seu
2778 1210 3047 1273 decenter,
3078 1220 3126 1262 et
3173 1226 3364 1262 secun-

1815 1295 1941 1347 dum
1967 1295 2196 1348 ordinem
2220 1297 2350 1364 ﬁant
2369 1299 2435 1349 ⁵⁵⁸.
2473 1298 2589 1351 Non
2618 1308 2701 1353 est
2728 1302 2895 1364 enim,
2922 1316 3027 1353 non
3057 1309 3139 1355 est
3182 1301 3366 1370 cujus‘

1814 1385 1917 1449 vis,
1941 1386 2087 1451 talia,
2122 1402 2345 1455 qureque
2372 1387 2669 1456 dijudicatu
2702 1399 2831 1445 sunt
2857 1392 3119 1455 difﬁcilia,
3142 1406 3205 1446 ex
3234 1402 3369 1445 tem-

1814 1489 1947 1543 pore
1968 1476 2111 1531 clare
2135 1486 2187 1532 et
2216 1478 2369 1531 facile
2396 1494 2725 1549 cognoscere
2754 1490 2808 1535 et
2840 1482 3136 1552 dijudicare
3155 1483 3370 1552 quando

1815 1577 1867 1619 et
1900 1565 2007 1620 Deo
2040 1569 2248 1637 plenus,
2276 1580 2328 1624 et
2356 1572 2448 1641 qui
2496 1570 2757 1640 Spiritum
2798 1584 3048 1628 sanctum
3096 1575 3151 1628 in
3197 1590 3254 1632 se
3291 1577 3371 1629 lo-

1817 1668 2068 1726 quentem
2102 1659 2307 1725 habuit,
2350 1662 2451 1715 hoc
2491 1678 2633 1730 saepe
2681 1664 2825 1718 visus
2858 1675 2938 1718 est
2978 1667 3207 1733 precari,
3247 1681 3372 1721 cum

1818 1751 2109 1819 aliquando
2132 1753 2262 1808 dicit
2291 1772 2305 1806 :
2338 1755 2477 1809 Doce
2525 1773 2604 1809 me
2630 1757 2798 1825 facere
2827 1758 3143 1810 voluntatem
3204 1769 3370 1821 tuam,
3456 1758 3459 1762 ’

1817 1841 1940 1908 quin
1965 1840 2100 1893 Deus
2127 1859 2268 1896 mens
2296 1861 2349 1897 es
2389 1855 2443 1897 tu
2466 1848 2533 1898 ⁵9.
2569 1846 2717 1900 Alias
2740 1862 2866 1901 vero
2898 1863 3108 1901 rursum
3144 1864 3157 1900 :
3199 1848 3373 1917 Dirige

172 1937 365 2002 Κύριε,
396 1934 649 1996 ὀδὸν,ἐν
680 1932 719 2000 ᾖ
750 1933 1129 1999 πορεύσομαι,
1157 1930 1245 1983 ὅτι
1288 1931 1433 1998 πρὸς
1486 1931 1562 1983 σὲ
1607 1932 1714 1982 ἀπὸ

1823 1946 1901 1982 me
1938 1932 1991 1983 in
2018 1933 2230 1984 veritate
2270 1943 2360 1987 tua
2388 1935 2468 2000 ‘°;
2505 1948 2558 1989 et
2586 1953 2795 1990 rursum
2822 1956 2834 1990 :
2881 1936 3074 1990 Notum
3112 1938 3195 2005 fac
3222 1938 3371 2002 mihi,

170 2028 355 2097 πάσης
384 2026 649 2097 μερίμνης
701 2024 976 2094 βιωτικῆς,
1008 2023 1101 2075 καὶ
1125 2022 1327 2084 πάθους
1358 2040 1389 2075 τ
1396 2022 1471 2089 ἢν
1502 2021 1713 2091 ψυχήν

166 2137 282 2187 μου
310 2115 425 2188 ἦρα
455 2121 551 2171 καὶ
581 2108 793 2185 ὕψωσα.
834 2116 983 2169 Ὀσοι
1031 2114 1093 2167 τὸ
1145 2114 1238 2167 τοῦ
1267 2104 1472 2186 Κυρίου
1529 2115 1716 2185 μαθεῖν

170 2208 545 2280 ἠϐουλήθησαν
574 2206 791 2275 θέλημα
817 2205 915 2275 (2),
947 2207 1004 2257 ἑν
1046 2204 1225 2266 αὐτοῖς
1257 2204 1433 2258 θανεῖν
1481 2220 1717 2276 κεχρεω-

172 2301 437 2370 στήκασιν
460 2297 555 2370 [αι.
590 2296 651 2352 τὸ
680 2296 865 2351 ἑαυτὸν
891 2296 1152 2368 πρότερον
1207 2295 1532 2367 θανατῶσαι]
1557 2314 1572 2327 ·
1628 2296 1717 2348 πί-

175 2409 291 2444 στει
333 2392 511 2450 τοίνυν
547 2391 640 2444 καὶ
676 2390 933 2460 ἀπονήρῳ
972 2388 1068 2459 [αι.
1109 2390 1333 2451 ἑαυτοὺς
1373 2388 1719 2458 ἀπαρνούμε-

170 2499 250 2535 νοι
281 2480 486 2547 πίστει,
517 2478 648 2555 ct_c.J
684 2477 946 2548 ἁπλότητι
982 2474 1431 2545 προσευξάμενοι,
1471 2476 1563 2527 καὶ
1617 2475 1717 2543 ψυ-

172 2573 270 2643 χὰς
298 2572 552 2643 πατέρων
575 2571 608 2642 ἢ
641 2571 734 2623 καὶ
759 2568 1000 2638 ἀδελφῶν
1047 2569 1103 2619 ἑν
1132 2565 1458 2619 ταπεινώσει
1485 2566 1579 2618 καὶ
1621 2567 1715 2617 ἀν-

172 2664 465 2733 ενὼιάστῳ
496 2662 692 2733 καρδίᾳ
716 2661 1105 2731 ἐρωτήσαντες,
1133 2657 1207 2720 ὼς
1234 2658 1299 2711 ὲκ
1336 2657 1470 2709 Θεοῦ
1519 2658 1717 2725 στόμα-

172 2771 263 2819 τος
286 2756 358 2808 τὰ
406 2755 535 2823 παρ’
562 2751 740 2804 αὐτῶν
798 2749 1269 2820 συμβουλευόμενα
1334 2747 1673 2819 δεχέσθωσαν
1697 2764 1712 2776 ·

171 2845 223 2896 εἰ
272 2845 368 2896 καὶ
396 2843 612 2895 ἐναντία
642 2840 719 2911 τῷ
764 2840 967 2895 ἑαυτῶν
994 2840 1177 2909 σκοπῷ
1205 2838 1273 2901 τὰ
1302 2838 1569 2909 εἰρημένα
1590 2855 1718 2909 τυγ⁹

173 2935 443 3004 κάνουσιν,
484 2934 534 2985 εί
564 2933 658 2985 καὶ
694 2930 769 3003 μὴ
820 2931 957 2985 πάνυ
999 2930 1356 3000 πνευματικοὶ
1403 2931 1452 2982 οἱ
1515 2932 1716 3001 ἐρωτη-

174 3026 357 3088 θέντες
388 3025 783 3095 καθεστήκασιν
809 3041 821 3053 ·
851 3024 947 3075 οὐκ
980 3022 1095 3075 ἔστι
1144 3021 1249 3090 γὰρ
1283 3021 1462 3083 ἄδικος
1508 3024 1535 3075 ὁ
1588 3022 1717 3084 Geo;

173 3116 347 3186 ψυχας
378 3116 557 3168 πίστει
595 3115 689 3168 καὶ
734 3114 936 3180 ἀκακία
983 3112 1180 3175 ἑαυτὰς
1218 3115 1280 3184 τῇ
1340 3114 1431 3165 τοῦ
1493 3113 1716 3183 πλησίον

176 3208 450 3277 συμϐουλῇ
478 3206 574 3259 καὶ
626 3206 800 3276 κρίσει
824 3206 1230 3267 ταπεινωσάσας
1285 3206 1579 3274 ἀπατῆσαι,
1615 3206 1717 3259 κᾶν

1824 2020 2058 2083 Domine,
2088 2023 2245 2085 viam,
2283 2026 2336 2077 in
2365 2042 2466 2094 qua
2492 2027 2769 2092 ambulem,
2805 2030 2928 2098 quia
2952 2032 3018 2082 ad
3053 2040 3099 2082 te
3138 2032 3373 2082 animam

1821 2128 1990 2164 meam
2008 2113 2073 2177 εί,
2097 2114 2165 2168 ab
2186 2118 2329 2167 outui
2354 2132 2485 2171 cura
2519 2120 2679 2185 hujus
2704 2120 2824 2174 vitm
2857 2121 3097 2179 mortalis
3112 2130 3165 2175 et
3193 2122 3372 2175 vitiosi

1822 2200 2047 2255 allectus
2104 2203 2263 2256 levavi
2288 2206 2331 2236 ⁶²
2418 2214 2471 2260 et
2520 2207 2746 2262 exaltavi
2797 2208 3112 2279 Quicunque
3162 2210 3373 2264 Domini

1821 2294 2149 2346 voluntatem
2183 2308 2508 2363 cognoscere
2543 2297 2846 2362 voluerunt,
2888 2314 3039 2353 suam
3077 2301 3229 2369 prius
3262 2316 3375 2352 ma-

1821 2392 1968 2439 ctare
2010 2400 2235 2455 seseque
2279 2386 2895 2457 abnegare‘debuerunt,
2931 2401 2983 2445 et
3022 2406 3143 2445 cum
3186 2392 3290 2445 ﬁde
3322 2401 3376 2445 et

1822 2474 2163 2543 simplicitate
2187 2477 2407 2531 exclusa
2433 2478 2581 2530 onmi
2606 2460 2827 2545 malitia,
2857 2481 3082 2548 precari,
3110 2490 3162 2533 et
3194 2490 3375 2548 patres

1821 2564 2080 2620 fratresve
2110 2582 2231 2620 cum
2276 2583 2404 2621 vera
2440 2568 2760 2633 humilitate,
2812 2581 2864 2622 et
2900 2571 3015 2623 siue
3050 2570 3154 2621 ulla
3190 2568 3373 2622 cordis

1819 2657 2151 2711 dubitatione
2209 2659 2560 2727 interrogare,
2623 2675 2852 2727 quorum
2909 2661 3131 2714 consilia
3189 2674 3243 2712 et
3292 2676 3374 2712 rc-

1820 2764 2017 2817 spousa
2059 2759 2311 2816 tanquam
2359 2750 2426 2801 ab
2464 2765 2558 2803 ore
2609 2750 2701 2803 Dei
2744 2751 2949 2818 prolata
3025 2734 3370 2818 suscipienda

1820 2850 1978 2905 sunt;
2013 2840 2257 2908 quamvis
2307 2841 2575 2893 contraria
2622 2841 2888 2894 destinato
2942 2842 3031 2894 lini
3083 2843 3373 2911 quaerentis

1820 2932 1961 2986 dicta
1997 2932 2300 2995 vidcantur,
2333 2940 2426 2986 aut
2461 2932 2772 3001 interrogati
2809 2950 2916 2987 non
2949 2934 3103 2988 valde
3132 2934 3372 3003 religiosi

1822 3025 1947 3077 sint.
1980 3023 2115 3077 Deus
2152 3023 2294 3077 enim
2319 3039 2424 3077 non
2448 3033 2530 3078 est
2568 3025 2786 3094 iniquus
2821 3036 2879 3079 ut
2908 3028 3114 3079 animas
3140 3041 3259 3094 qua:
3281 3041 3375 3094 per

1823 3115 1976 3169 ﬁdem
2002 3122 2054 3169 et
2071 3116 2466 3184 simplicitatem
2493 3118 2715 3171 alterius
2742 3133 2798 3171 se
2824 3117 3052 3171 consilio
3084 3126 3137 3170 ct
3166 3117 3372 3185 judicio

1822 3205 2095 3259 humiliter
2116 3205 2439 3272 subjiciunt,
2472 3207 2645 3275 decipi
2674 3210 2910 3276 patiatur
2940 3226 2953 3259 :
2993 3223 3113 3259 nam
3160 3208 3371 3260 etiamsi

173 3270 450 3365 Moein
475 3270 839 3367 ἐρωτηθέντες
893 3296 1254 3365 τυγχάνωσιν
1308 3270 1483 3349 ἀλλό
1546 3297 1715 3351 λαλῶν

1818 3298 1890 3349 illi
1921 3298 2011 3365 qui
2039 3297 2414 3359 consuluntur,
2442 3297 2807 3365 imprudentes
2848 3297 3060 3361 fuerint,
3083 3307 3165 3349 est
3190 3305 3371 3349 tamen

142 3420 146 3427 -
174 3388 336 3450 ᾶῡλος
363 3387 460 3440 καὶ
499 3386 752 3457 ἀόρατος.

241 3591 452 3662 Πολλῆς
480 3590 983 3664 ,ταπεινοφροσύνης
1015 3591 1269 3645 ἀνάπλεοι
1301 3579 1716 3662 καθεστήκασιν,

172 3684 223 3737 οἱ
247 3682 326 3754 τῷ
370 3680 747 3753 προειρημένῳ
800 3683 930 3751 ἡμῖν
969 3681 1345 3744 ἀνενδοιάστως
1393 3680 1720 3751 ποιχοῦντες

176 3777 374 3830 κανόνι.
400 3775 464 3829 Εἰ
494 3774 600 3845 γὰρ
630 3777 688 3827 ὲν
709 3772 986 3844 ψαλτηρίῳ
1014 3772 1074 3825 τὸ
1100 3774 1174 3842 (3)
1204 3771 1391 3825 ἑαυτοῦ
1430 3763 1512 3835 τις
1541 3774 1721 3842 ήνοιγε

174 3866 463 3937 πρόϐλημα
493 3864 591 3935 (4),
628 3865 791 3917 πόσον
819 3864 992 3916 οἴεσθε
1028 3863 1240 3931 λογικὸν
1269 3864 1386 3916 νοῦν
1420 3865 1512 3916 καὶ
1545 3862 1721 3933 ψυχὴν

176 3956 361 4028 νοερὰν
399 3955 605 4025 ἀψύχου
643 3955 915 4025 διαφέρειν
949 3954 1365 4023 ἀποφθέγματος
1390 3972 1425 4020 ;'
1448 3954 1634 4006 Πολλοὶ
1671 3956 1720 4007 oi

179 4051 340 4120 μήπω
368 4047 431 4100 τὺ
457 4048 661 4100 τέλειον
684 4045 842 4099 τοῦτο
865 4045 955 4098 καὶ
976 4046 1177 4113 κοῦφον
1209 4044 1409 4112 ἀγαθὸν
1440 4045 1500 4096 τὸ
1533 4062 1720 4113 προει-

178 4136 407 4209 ρημένον
449 4136 509 4203 ἑξ
540 4136 932 4206 αὐταρεσκείας
959 4134 1338 4205 κατειληφότες
1360 4134 1435 4203 (5)
1464 4151 1476 4163 ο
1507 4134 1619 4186 ἀλλ’
1663 4135 1719 4200 ἐξ

175 4228 379 4283 ἑαυτῶν
413 4228 507 4281 καὶ
542 4228 608 4280 ὲν
652 4229 859 4291 ἑαυτοῖς
905 4227 967 4280 τὸ
1025 4226 1117 4281 τοῦ
1159 4227 1365 4297 Κυρίου
1401 4226 1721 4280 καταλαϐεῖν

176 4323 465 4391 εὐάρεστον
502 4321 941 4390 ἐπιχειρήσαντες
965 4359 979 4383 ,
1020 4319 1267 4383 ποικίλας
1298 4321 1427 4390 ἡμῖν
1466 4320 1582 4372 λίαν
1628 4320 1722 4373 καὶ

178 4411 429 4472 πλείστας
457 4409 553 4472 τὰς
576 4408 702 4478 περὶ
726 4407 917 4461 τούτου
944 4408 1151 4479 κρίσεις
1177 4409 1542 4478 ὐφηγήσαντο.
1592 4410 1723 4462 Ἀπ-

178 4503 408 4573 έστησάν
433 4518 578 4564 τινες
623 4499 729 4554 τῶν
771 4499 1082 4569 συζητητῶν
1114 4500 1293 4570 πάσης
1332 4501 1719 4571 προσπαθείας,

1767 3453 1773 3459 ⁸
1817 3387 1979 3458 369
2001 3387 2087 3439 ille
2116 3387 2205 3453 qui
2247 3400 2337 3453 per
2375 3384 2494 3439 illos
2544 3386 2786 3454 loquitur
2832 3387 2948 3440 sine
2985 3400 3230 3455 corpore,
3272 3402 3372 3439 nec
3400 3387 3417 3401 ’”

1820 3478 1991 3530 oculis
2015 3475 2308 3544 subjectus.

1887 3588 1990 3656 Qui
2042 3589 2181 3643 hanc
2212 3589 2471 3657 regulam,
2501 3603 2664 3658 quam
2700 3589 2956 3654 diximus,
3010 3590 3211 3659 Optima
3270 3591 3373 3647 ﬁde

1820 3691 2139 3751 sequuntur,
2185 3691 2312 3736 sunt
2356 3682 2497 3751 pleni
2532 3681 2853 3736 humilitate.
2889 3682 2944 3735 Si
2978 3683 3118 3736 enim
3151 3683 3370 3751 quidam

1808 3767 1873 3827 "in
1902 3774 2154 3843 psalterio
2192 3790 2343 3828 suam
2396 3762 2816 3842 propositionem
2850 3775 3057 3842 aperuit
3103 3775 3371 3844 [Aperiant

1818 3867 1873 3919 in
1933 3867 2183 3934 psalterio
2247 3868 2651 3933 propositionem
2703 3882 2891 3919 meam.
2952 3866 3095 3919 Psal.
3155 3867 3368 3937 xum],

1818 3966 2019 4025 quanto
2047 3957 2245 4025 putatis
2274 3966 2506 4009 mentem
2538 3955 2765 4008 rationis
2796 3955 3028 4023 plenam,
3064 3958 3366 4010 ctanimam

1819 4047 2199 4116 intelligentem
2227 4047 2413 4101 ﬁdium
2449 4062 2584 4101 sono
2609 4056 2861 4115 praestare
2888 4048 2908 4101 ?
2937 4046 3085 4099 Multi
3116 4048 3209 4115 qui
3233 4063 3373 4101 non-

1818 4140 1946 4194 dum
1973 4138 2269 4209 perfectum
2305 4141 2408 4193 hoc
2434 4149 2487 4193 et
2532 4139 2690 4193 facile
2714 4179 2729 4202 ,
2759 4138 2907 4210 quod
2946 4148 3218 4193 ostensqu
3264 4152 3370 4207 est,

1820 4233 2017 4287 bonum
2050 4232 2189 4303 quod
2217 4234 2322 4287 sibi
2368 4234 2593 4287 nimium
2624 4234 2912 4304 placerent,
2939 4234 3168 4290 assocuti
3220 4246 3369 4299 sunt,

1822 4326 1913 4380 sed
1953 4325 2052 4380 sibi
2084 4325 2419 4394 przeﬁdentes
2442 4367 2455 4387 ,
2491 4326 2728 4380 divinum
2761 4336 2947 4380 nutqu
2978 4342 3042 4379 ex
3078 4343 3135 4381 se
3165 4343 3371 4382 couan-o

1823 4426 1911 4470 tur
1938 4418 2279 4486 investigare,
2307 4418 2457 4472 valde
2502 4419 2712 4471 diversa
2743 4418 2899 4471 nobis
2940 4426 2993 4471 et
3032 4419 3263 4486 plurima
3305 4423 3373 4475 de

1824 4510 1927 4563 hoc
1956 4508 2153 4577 judicia
2184 4517 2237 4562 et
2273 4508 2565 4562 sententias
2594 4519 2978 4575 exposuerunt.
3018 4508 3273 4565 Nonnulli
3303 4528 3370 4575 ex

176 4591 264 4645 τὸν
286 4590 477 4644 ἑαυτὸν
518 4589 775 4660 λογισμὸν
808 4589 897 4641 ἐπὶ
926 4590 1044 4651 ταῖς
1069 4588 1352 4657 ἑκατέραις
1386 4588 1597 4657 βουλαῖς
1621 4592 1717 4660 τῆς

1823 4601 1909 4665 iis,
1942 4601 2032 4669 qui
2061 4600 2297 4653 divinam
2335 4600 2663 4651 voluntatem
2702 4599 3067 4669 inquirebant,
3110 4604 3374 4659 abdicatis

175 4680 368 4752 ψυχῆς,
402 4679 547 4748 λέγω
654 4684 725 4752 τῇ
755 4679 1167 4750 ἐπιχειρουμένῃ
1191 4680 1286 4731 καὶ
1315 4682 1379 4749 τῇ
1408 4680 1717 4747 ἀντιλεγού-

180 4785 264 4841 οη,
302 4768 398 4822 καὶ
430 4770 634 4839 γυμνὸν
670 4772 761 4823 τὸν
797 4772 985 4825 ἑαυτὸν
1029 4769 1151 4823 νοῦν
1193 4770 1389 4821 οἰκείου
1421 4770 1720 4841 θελήματος

180 4861 234 4914 ἑν
267 4860 466 4933 ζεούσῃ
488 4860 667 4931 δεήσει
703 4864 795 4915 ἐπὶ
839 4864 1003 4933 ῥητὰς
1036 4862 1246 4934 ήμέρας
1272 4866 1718 4935 παραστήσαντες

177 4951 253 5022 τῷ
281 4951 471 5022 Κυρίῳ
497 4950 596 5020 τῆς
626 4948 968 5021 ἑπιγνώσέως
992 4954 1086 5008 τοῦ
1118 4954 1413 5025 θελήματος
1438 4955 1600 5009 αὐτοῦ
1623 4958 1722 5011 έπ-

178 5042 363 5113 έτυχον
396 5059 412 5073 ο
444 5040 480 5114 ἢ
508 5042 624 5106 νοὸς
652 5043 837 5112 νοεροῦ
875 5044 1072 5115 νοερῶς
1100 5046 1177 5117 τῷ
1205 5046 1455 5118 ἡμετέρῳ
1485 5046 1564 5099 νοῒ
1600 5050 1724 5102 συλ-

178 5131 523 5201 λαλήσαντος,
573 5130 607 5201 ἢ
637 5131 739 5201 τῆς
768 5135 897 5201 μιᾶς
939 5137 1143 5201 ἑννοίας
1180 5138 1375 5200 τελέως
1418 5137 1519 5208 τῆς
1544 5138 1721 5212 ψυχῆς

179 5222 641 5295 ὲξαφανισθείσης.
685 5225 866 5279 Ἄλλοι
908 5229 971 5279 ἑκ
1011 5229 1106 5298 τῆς
1152 5231 1605 5302 ἐπακολουθείσης
1644 5235 1723 5307 τῷ

179 5315 536 5388 ἐγχειρήματι
564 5318 790 5389 θλίψεως
826 5320 921 5373 καὶ
957 5321 1352 5396 διασκεδασμοῦ
1395 5324 1551 5379 τοῦτο
1581 5325 1723 5382 θεῖον

180 5400 311 5459 εἶναι
350 5410 648 5464 κατέλασον
696 5410 833 5465 κατά
880 5411 972 5466 τὸν
1014 5414 1233 5469 εἰπόντα
1262 5432 1278 5445 '
1323 5416 1723 5487 Ἠθελήσαμεν

178 5494 373 5550 ἐλθεῖν
414 5500 565 5565 πρὸς
607 5502 783 5572 ὑμᾶς,
821 5503 916 5556 καί
958 5503 1118 5568 ἅπαξ
1144 5544 1159 5569 ,
1209 5507 1309 5560 καὶ
1343 5508 1457 5575 δίς,
1487 5509 1583 5562 καί
1622 5509 1720 5561 ἐν-

179 5589 398 5660 έκοψεν
418 5593 573 5662 ἡμᾶς
597 5599 631 5650 o'
652 5597 937 5665 Σατανᾶς.
972 5600 1182 5671 Ἓτεροι
1207 5601 1266 5653 τὸ
1294 5602 1531 5661 ἐναντίον
1558 5603 1717 5658 πάλιν

1819 4692 2072 4747 omnibus
2106 4690 2386 4745 all'ectibus
2414 4690 2551 4753 suis,
2598 4690 2957 4760 cogitationes
2987 4709 3135 4758 suas,
3177 4696 3249 4749 ob
3296 4696 3373 4747 al-

1817 4794 2052 4838 terutras
2071 4782 2263 4836 anime
2282 4781 2587 4836 voluntates
2612 4783 2715 4851 (vel
2745 4785 3107 4855 aggrediendi,
3127 4786 3371 4855 inquam,

1820 4876 1962 4945 quod
1987 4882 2104 4928 erat
2129 4872 2484 4942 propositum,
2520 4873 2603 4928 vel
2650 4884 2838 4929 contra
2877 4875 3198 4942 niteudi)et
3250 4876 3371 4928 ani-

1826 4982 1970 5021 mum
2010 4980 2168 5018 suum
2206 4980 2237 5019 a
2291 4969 2508 5035 propria
2569 4967 2847 5021 voluntate
2895 4969 3106 5036 penitus
3148 4975 3371 5022 exutum

1824 5075 1919 5130 per
1951 5057 2360 5112 ardentissimus
2413 5073 2596 5127 preces
2641 5057 2708 5110 ad
2754 5066 2929 5112 certos
2957 5055 3071 5111 dies
3100 5056 3210 5112 Deo
3242 5075 3373 5129 sup-

1828 5152 1990 5221 plices
2033 5148 2190 5203 aﬂ‘usi
2235 5149 2597 5220 cognitionem
2640 5148 2833 5203 divinae
2862 5146 3153 5201 voluntatis
3189 5164 3375 5216 perce-

1825 5252 2035 5313 perunt,
2084 5240 2197 5294 sive
2235 5250 2414 5295 mente
2450 5241 2632 5311 aliqua
2676 5237 3002 5306 intelligente
3044 5253 3137 5308 per
3175 5240 3373 5294 intelli-

1826 5332 2056 5403 gentiam
2086 5344 2211 5384 cum
2240 5339 2423 5386 nostra
2452 5338 2630 5385 mente
2655 5327 3011 5395 colloquente,
3043 5330 3157 5383 sive
3183 5330 3368 5389 altera

1825 5422 2146 5491 cositatione
2183 5422 2442 5492 propositi
2473 5436 2539 5475 ex
2573 5419 2755 5472 animo
2785 5418 3000 5487 penitus
3026 5419 3219 5473 deleta.
3262 5418 3369 5471 Alii

1824 5530 1889 5570 ex
1916 5529 1976 5567 ea
2009 5529 2127 5582 qua:
2179 5524 2361 5571 secuta
2399 5522 2480 5568 est
2512 5519 2787 5576 conatum,
2824 5512 3104 5566 vexatione
3150 5518 3204 5564 et
3253 5510 3368 5563 dis-

1824 5603 2086 5658 tractione
2108 5616 2359 5661 conatum
2392 5605 2566 5672 ipsum
2611 5600 2718 5655 Deo
2769 5611 2978 5672 gratum
3008 5599 3124 5653 fore
3155 5598 3367 5654 intelle-

247 5789 293 5871 ξ’
324 5789 487 5871 Hebr.
513 5806 568 5851 v.
601 5791 690 5871 ll.
729 5794 979 5871 ,ξς-Βρίξιὶ
1020 5814 1069 5863 v,
1092 5798 1144 5854 8.
1218 5798 1261 5830 "
1284 5797 1440 5854 Prov.
1466 5816 1557 5865 xx,
1585 5802 1669 5856 l8.

1818 5800 1834 5853 l
1863 5798 1986 5856 Cor.
2022 5816 2129 5862 xw,
2161 5801 2248 5857 40.
2323 5796 2524 5855 "Psal.
2550 5817 2714 5871 CXLII,
2746 5803 2831 5857 10.
2905 5801 2946 5831 ⁶⁰
2976 5798 3114 5854 Psal.
3139 5815 3284 5867 xxiv,
3309 5800 3362 5855 5.

182 5855 379 5916 "Psal.
407 5876 572 5923 CXLII.
600 5860 653 5915 8.
727 5863 772 5893 θ’
792 5864 913 5919 ibid.
