4030 6342
546 463 683 528 1059

1788 457 1845 515 s.
1871 434 2185 516 JOANNIS
2212 453 2525 514 CUMACI

3567 446 3576 450 ’
3633 451 3772 515 1060

476 637 485 652 ,
547 588 762 643 xerunt,
789 584 946 647 prout
977 572 1266 640 Apostolus
1289 572 1427 626 dixit
1468 587 1482 622 :
1523 568 1792 623 Voluimus
1828 571 1998 623 venire
2029 572 2096 621 ad

2222 558 2268 619 κ
2307 566 2406 635 τῆς
2450 564 2855 636 ἀπροσδοκήτου
2905 566 2962 616 ἐν
3002 565 3080 634 τῷ
3126 567 3411 636 πράγματι
3467 569 3773 637 συνεργίας

545 689 634 725 eos
663 667 819 722 semel
863 676 910 718 et
958 665 1168 726 iterum,
1214 671 1262 714 et
1311 659 1578 728 impedivit
1629 675 1719 712 nos
1762 657 1993 711 Satanas
2031 659 2094 708 ⁸³.

544 761 652 817 Alii
684 766 872 813 contra
920 767 1138 807 rursum
1187 767 1252 804 ex
1305 750 1674 820 inexspectato
1707 747 1782 802 rei
1837 757 2103 816 suscepta:

471 917 474 920 ,
545 850 748 907 auxilio
775 847 881 902 Deo
903 854 1114 916 gratum
1139 843 1279 912 quod
1302 839 1768 912 aggrediebantur,
1797 847 2101 902 senserunt,

546 943 679 997 illud
709 937 1061 996 memorando
1093 951 1106 988 :
1143 935 1300 989 Omni
1337 931 1656 1002 proponenti
1703 931 1905 986 bonum
1961 929 2105 984 Deus

547 1041 868 1101 cooperator
889 1030 956 1083 “.
997 1027 1101 1094 Qui
1136 1025 1300 1080 Deum
1337 1025 1500 1094 370
1525 1023 1577 1077 in
1605 1038 1663 1077 se
1688 1022 1807 1091 ipso
1845 1037 1940 1091 per
1976 1021 2103 1074 illu-

552 1122 900 1175 minationem
936 1119 1172 1170 divinam
1201 1114 1462 1184 possidet,
1497 1119 1552 1166 et
1597 1111 1651 1164 in
1677 1111 1837 1164 rebus
1869 1109 2107 1177 urgenti-

551 1212 676 1275 bus,
715 1219 770 1264 et
801 1210 852 1262 in
883 1207 1045 1261 rebus
1071 1219 1274 1259 moram
1323 1200 1666 1270 patientibus,
1716 1199 1887 1250 altero
1922 1195 2104 1258 modo,

548 1317 736 1356 verum
763 1301 878 1356 sine
897 1312 1050 1351 mora
1076 1312 1106 1348 a
1143 1294 1253 1348 Deo
1289 1293 1488 1347 certior
1517 1289 1630 1344 lieri
1655 1298 1710 1344 et
1731 1287 1912 1343 doceri
1943 1286 2105 1342 solet.

550 1392 762 1446 llaarcre
791 1391 883 1443 diu
921 1390 975 1441 in
1015 1386 1193 1441 dubiis
1227 1385 1388 1438 rebus
1427 1393 1480 1436 et
1517 1367 1758 1450 judiciis,
1794 1379 1994 1447 diuque
2026 1376 2110 1429 in-

549 1492 756 1536 certum
785 1493 1022 1542 manere,
1045 1487 1128 1532 est
1158 1492 1268 1530 non
1302 1475 1610 1537 illustratae,
1637 1471 1728 1526 sed
1753 1485 1904 1523 vanae
1926 1467 2112 1538 gloria:

552 1572 683 1625 vitio
718 1569 1006 1624 laborantis
1050 1567 1246 1621 anima:
1288 1573 1684 1634 argumentum.
1728 1560 1848 1614 Non
1890 1569 1973 1614 est
2024 1560 2112 1611 in-

549 1664 727 1734 justns
751 1664 910 1725 Dens,
935 1677 1031 1715 nec
1049 1675 1143 1715 eos
1172 1658 1262 1729 qni
1295 1673 1418 1714 cum
1451 1656 1754 1710 humilitate
1779 1653 1997 1722 pulsant
2043 1651 2113 1705 ab

554 1772 612 1811 se
641 1755 891 1809 excludit.
921 1752 1072 1806 Finis
1104 1752 1154 1805 in
1195 1749 1340 1805 omni
1366 1765 1422 1802 re
1457 1757 1729 1817 spectatur
1757 1762 1786 1799 a
1827 1744 1959 1808 Deo,
1997 1743 2112 1798 sive

556 1850 609 1903 in
640 1849 799 1902 rebus
829 1860 949 1914 qua:
975 1859 1099 1897 mox
1125 1839 1489 1911 exsequenda:
1511 1846 1659 1902 sunt,
1681 1837 1795 1892 sive
1817 1837 1871 1890 in
1902 1837 1968 1892 iis
1992 1850 2112 1904 qua:

2198 655 2358 709 τοῦτο
2376 657 2495 725 Θεῷ
2523 658 2877 711 εύαπὸδεκτον
2901 658 3145 728 ᾔσθοντο,
3171 657 3419 723 λέξαντες
3446 659 3644 722 ἐκεῖνο,
3673 661 3734 711 τὸ
3756 703 3774 724 ,

2203 748 2374 801 Παντὶ
2403 749 2482 819 τῷ
2514 749 2931 820 προαιρουμένῳ
2954 749 3014 801 τὸ
3045 748 3243 816 ἀγαθὸν
3271 751 3581 819 συνεργεῖὸ
3608 750 3770 812 Θεός.

2215 839 2275 892 '0
2301 839 2436 892 Θεὸν
2465 840 2523 891 ἐν
2557 839 2735 908 ἑαυτῷ
2772 839 2861 893 διὰ
2897 839 3177 910 φωτισμοῦ
3225 839 3570 909 κτησάμενος
3598 881 3615 905 ,
3678 841 3779 892 καὶ

2205 933 2264 983 ἐν
2287 933 2399 1003 τοῖς
2443 932 2848 999 κατεπείγουσι,
2881 930 2975 983 καὶ
3012 932 3068 983 ἐν
3100 932 3215 992 τοῖς
3256 929 3587 1000 ἀναμένουσι
3627 928 3776 997 πρά.-

2205 1040 2376 1092 γμασι
2424 1022 2503 1092 τῷ
2531 1022 2766 1094 δευτέρῳ
2805 1023 2990 1093 τρόπῳ
3015 1023 3077 1075 ού
3113 1023 3296 1093 μέντοι
3343 1023 3519 1093 χρόνῳ
3567 1021 3780 1092 πληρο-

2208 1111 2490 1182 φορείσθαι
2517 1113 2750 1180 πέφυκε.
2772 1113 2843 1164 Τδ
2868 1111 3156 1176 ἐνδοιάζειν
3187 1113 3242 1164 ὲν
3267 1115 3386 1175 ταῖς
3416 1111 3654 1181 κρίσεσι,
3677 1109 3782 1162 καὶ

2207 1205 2656 1276 ἀπληροφόρητον
2699 1205 2794 1256 ἐπὶ
2829 1205 2964 1257 πολὺ
2993 1204 3288 1274 διαμένειν,
3331 1204 3634 1272 ἀφωτίστου
3678 1202 3781 1255 καὶ

2209 1297 2482 1365 φιλοδόξου
2505 1298 2684 1368 ψυχῆς
2713 1298 3030 1368 τεκμήριον.
3067 1298 3180 1350 Οὐκ
3225 1297 3372 1349 ἐστιν
3402 1297 3432 1348 ὁ
3475 1295 3608 1357 Θεὸς
3656 1294 3780 1347 ἄδι-

2211 1403 2325 1450 κος,
2362 1388 2438 1450 ὡς
2463 1389 2575 1450 τοῖς
2609 1388 2747 1456 μετά
2788 1386 3164 1450 ταπεινώσεως
3195 1385 3483 1454 κρούουσιν
3517 1383 3781 1437 ἀποκλείρ

2212 1476 2441 1530 σασθαι·
2491 1479 2520 1529 ὁ
2567 1476 2768 1539 σκοπὸς
2816 1477 2875 1528 ὲν
2920 1475 3509 1551 πᾶσιδζητεῖταιπαρὰ
3542 1474 3776 1546 Κυρίου,

2212 1569 2306 1620 καὶ
2337 1569 2394 1620 ἐν
2424 1570 2537 1631 τοῖς
2565 1568 2950 1635 κατεπείγουσι
2971 1607 2988 1633 ,
3022 1568 3116 1622 καὶ
3145 1569 3202 1622 ὲν
3228 1570 3340 1630 τοῖς
3370 1564 3776 1620 ἀναϐάλλεσθαι

2217 1660 2512 1729 ὀφείλουσι.
2549 1659 2741 1714 Πάντα
2781 1658 2890 1730 γὰρ
2924 1660 2994 1713 τά
3033 1659 3245 1730 καθαρὰ
3278 1659 3648 1730 προσπαθείας
3674 1659 3777 1709 καὶ

2213 1751 2415 1814 παντὸς
2451 1749 2751 1820 μολυσμοῦ,
2798 1750 3001 1822 κυρίως
3048 1750 3136 1804 διὰ
3183 1750 3410 1820 Κύριον,
3464 1752 3557 1804 καὶ
3599 1751 3662 1804 ού
3702 1749 3778 1802 δι’

2216 1845 2399 1914 ἕτερον
2420 1860 2540 1896 τινα
2569 1843 2846 1913 γινόμενα,
2878 1845 2926 1896 εί
2961 1845 3051 1897 καὶ
3083 1845 3146 1898 οὐ
3179 1845 3394 1906 πάντως
3422 1843 3624 1910 ἀγαθὰ,
3653 1844 3781 1897 ἀλλ’

557 1912 861 1994 diﬂ‘erendze
902 1944 1048 1992 sunt.
1107 1934 1299 1988 Omnia
1336 1931 1478 1986 enim
1515 1946 1637 2001 qua:
1677 1929 1869 1984 vitioso
1918 1927 2111 1982 affectu

2222 1912 2365 2002 ὅμως
2421 1933 2513 1984 καὶ
2568 1933 2648 1996 εἰς
2699 1931 2901 2000 ἀγαθὸν
2932 1935 3064 2003 ἡμῖν
3108 1933 3540 2004 λογισθήσονται.
3579 1934 3643 1986 Ἠ
3669 1935 3783 2004 γάρ

554 2038 763 2092 carent,
820 2039 1063 2097 puraque
1108 2038 1209 2078 nec
1248 2022 1528 2091 inquinata
1572 2026 1722 2082 sunt,
1777 2026 1831 2072 et
1893 2025 2113 2086 propter

556 2119 845 2172 Dominum
894 2132 1020 2170 vcrc
1067 2123 1385 2182 tantumque
1448 2112 1602 2174 ﬁunt,
1641 2119 1698 2162 et
1731 2123 1842 2162 non
1897 2118 2114 2178 propter

554 2212 725 2275 aliud,
759 2208 969 2262 etiamsi
1016 2222 1122 2260 non
1170 2204 1389 2258 omnino
1426 2203 1568 2256 bona
1613 2202 1743 2266 sint,
1798 2212 1974 2254 tamen
2020 2215 2116 2269 pro

557 2301 713 2357 bonis
739 2301 896 2354 nobis
929 2299 1354 2368 imputabuntur.
1409 2293 1524 2349 Non
1581 2302 1730 2349 caret
1764 2291 2025 2362 periculo,
2067 2292 2114 2348 si

554 2395 686 2465 quid
745 2393 1106 2463 inquiramns,
1153 2391 1296 2459 quod
1341 2402 1501 2456 supra
1547 2401 1645 2441 nos
1696 2394 1798 2442 est.
1845 2380 2113 2440 J'udicium

562 2487 772 2541 Domini
825 2487 892 2540 de
956 2485 1113 2538 nobis
1172 2496 1431 2538 arcanum
1478 2489 1533 2536 et
1581 2480 1956 2549 inexplicabile
2010 2488 2112 2533 cst.

558 2579 943 2648 Saepenumero
978 2591 1133 2631 suam
1165 2575 1494 2628 voluntatem
1518 2585 1615 2641 pro
1646 2572 1873 2640 sapienti
1901 2586 1997 2625 sua
2025 2571 2120 2625 ad-

2220 2025 2359 2094 ύπὲρ
2391 2022 2596 2095 ἑαυτῶν
2621 2025 2869 2095 ζήτησις,
2894 2026 2990 2079 ούκ
3011 2025 3290 2081 ἀκίνδυνον
3318 2024 3578 2095 κέκτηται
3605 2026 3781 2087 τέλος.

2224 2116 2495 2186 Ἀρῤητον
2526 2116 2586 2169 τὺ
2613 2118 2741 2187 περὶ
2769 2120 2915 2188 ἡμᾶς
2943 2118 3036 2171 τοῦ
3059 2119 3262 2191 Κυρίου
3289 2121 3481 2189 κρῖμα.
3505 2117 3784 2178 Πολλάκις

2223 2205 2330 2274 γὰρ
2370 2207 2432 2258 τὸ
2465 2207 2658 2260 ἑαυτοῦ
2691 2207 2902 2278 θέλημα
2944 2207 3301 2277 οἰκονομικῶς
3345 2207 3406 2272 ἐξ
3453 2207 3607 2278 ἡμῶν
3641 2207 3785 2258 ἁπο-

2219 2296 2422 2367 κρύψαι
2483 2298 2750 2369 βούλεται,
2803 2301 3207 2368 ἐπιστάμενος,
3256 2300 3330 2362 ὡς
3384 2299 3478 2352 καὶ
3523 2298 3789 2368 μαθόντες

2220 2390 2352 2444 αὐτὸ
2388 2390 2579 2457 τούτου
2612 2390 2997 2463 παρηκούομεν
3022 2408 3038 2423 ο
3065 2392 3159 2445 καὶ
3188 2390 3374 2443 λοιπὸν
3395 2391 3609 2454 πλείους
3640 2391 3789 2460 πλη-

2222 2485 2323 2551 γάς
2344 2475 2646 2554 ληψόμεθα.
2691 2485 3056 2555 Ἀπήλλακται
3085 2484 3247 2555 εύθὴς
3285 2484 3480 2556 καρδία
3510 2483 3792 2547 ποικιλίας

2225 2578 2586 2647 πραγμάτων,
2623 2577 2922 2640 ἀκινδύνως
2961 2575 3208 2629 πλέουσα
3233 2577 3291 2629 ὲν
3324 2575 3494 2645 πλοίῳ
3526 2575 3791 2638 ἀκακίας.

563 2674 961 2729 ministratione
996 2688 1095 2728 nos
1160 2671 1383 2726 celatam
1444 2670 1590 2736 vult,
1629 2667 1773 2736 quod
1820 2667 1956 2721 sciat
1998 2682 2099 2721 nos
2139 2666 2188 2721 ei
2226 2685 2331 2724 non
2380 2671 2871 2742 obtemperaturos,
2913 2672 2958 2726 si
3012 2671 3156 2726 illam
3197 2685 3674 2742 cognosceremus.
3721 2684 3795 2724 ac

563 2768 786 2837 proinde
820 2765 1052 2835 majores
1076 2774 1129 2818 et
1184 2763 1366 2833 plures
1423 2777 1609 2834 pmnas
1654 2761 1898 2815 daturos.
1955 2759 2270 2815 Correcuzm
2319 2764 2386 2817 ab
2418 2765 2565 2818 omni
2604 2765 2820 2819 curiosa
2879 2779 3056 2818 rerum
3097 2764 3356 2820 varietate
3410 2763 3638 2819 liberum
3681 2771 3791 2818 esti

559 2877 615 2920 ct
636 2865 688 2918 in
731 2862 945 2932 navigio
978 2861 1296 2916 innocentiae
1325 2873 1514 2913 secure
1543 2857 1779 2926 navigat.

635 2957 773 3012 Sunt
841 2970 1115 3027 generosa:
1181 2954 1428 3024 quaadam
1485 2954 1681 3008 anima:
1745 2968 1867 3022 quae
1917 2951 2127 3008 cmlesti

562 3062 746 3101 amore
778 3062 901 3101 cum
932 3045 1231 3099 humilitate
1258 3043 1436 3098 cordis
1467 3041 1701 3096 incensa:
1728 3040 1933 3107 majora
1960 3053 2123 3107 quam

568 3149 825 3209 praestare
845 3139 1073 3208 possint,
1095 3149 1380 3192 conantur.
1413 3134 1475 3189 Et
1496 3141 1624 3188 sunt
1654 3132 1899 3202 superba:
1920 3138 2127 3184 mentes

2295 2955 2447 3010 Εἰσὶν
2472 2956 2710 3026 ἀνδρεῖαι
2746 2955 2916 3026 ψυχαὶ
2949 2955 3110 3026 ἔρωτι
3151 2954 3248 3008 καὶ
3278 2953 3621 3025 ταπεινότητι
3649 2969 3797 3024 καρ-

2222 3044 2339 3107 δίας
2365 3048 2422 3097 ὲν
2445 3047 2563 3126 ταῖς
2611 3046 2752 3114 ὑπὲρ
2794 3045 3022 3108 ἑαυτοὺς
3053 3045 3336 3115 ἐργασίαις
3368 3042 3745 3112 ἑπιχειροῦσαι
3767 3059 3786 3074 °

2224 3135 2318 3185 καὶ
2339 3133 2478 3187 εἰσὶν
2507 3135 2844 3206 ὑπερήφανοι
2869 3134 3088 3205 καρδίαι
3109 3135 3170 3187 τὸ
3190 3135 3324 3188 αὐτὸ
3350 3133 3797 3206 διαπράττουσαι.

565 3248 689 3300 qua:
712 3231 849 3285 idem
880 3230 1106 3284 faciunt.
1142 3226 1390 3282 Hostium
1419 3228 1617 3297 quippe
1657 3235 1969 3280 nostrorum
1999 3241 2120 3280 sco-

2225 3223 2432 3288 Σκοπὸς
2468 3225 2576 3296 γὰρ
2620 3226 2880 3291 πολλάκις
2914 3229 3027 3290 τοῖς
3080 3226 3295 3299 ἐχθροῖς
3335 3225 3492 3297 ήμῶν
3526 3225 3596 3281 τὰ
3642 3227 3792 3298 ὑπὲρ

569 3340 671 3391 pus
701 3331 756 3378 et
792 3322 914 3376 finis
939 3331 1040 3387 est,
1073 3320 1149 3374 uti
1185 3334 1286 3373 nos
1313 3317 1383 3372 ad
1427 3333 1490 3372 ea
1534 3318 1788 3373 tentanda
1823 3315 2124 3386 impellant,

565 3430 688 3486 quae
707 3423 959 3485 superant
981 3413 1121 3466 vires
1136 3419 1370 3476 nostras,
1388 3419 1445 3464 ut
1466 3424 1562 3479 per
1579 3408 1666 3462 illa
1690 3408 1849 3462 etiam
1869 3424 1931 3463 ea
1959 3406 2129 3477 negli-

566 3520 758 3575 gamus
771 3514 823 3558 ct
839 3503 1145 3574 perdamus,
1167 3517 1286 3571 qua:
1300 3509 1424 3554 sunt
1440 3499 1708 3556 facultatis
1725 3499 1881 3571 37],
1908 3509 2126 3566 nostrae,

571 3607 629 3649 ut
671 3597 740 3649 ita
773 3611 869 3648 nos
909 3594 1150 3646 maximo
1177 3590 1412 3645 ludibrio
1442 3590 1690 3646 hostibus
1727 3592 1932 3646 nostris
1957 3605 2129 3660 expo-

571 3701 784 3740 namus.
836 3683 954 3739 Vidi
993 3685 1152 3739 etiam
1203 3682 1448 3737 infirmas
1507 3681 1772 3750 quasdam
1825 3681 2038 3736 animas
2076 3691 2130 3736 et

570 3793 821 3848 corpora,
864 3783 1085 3847 propter
1115 3773 1514 3828 multitudinem
1553 3773 1827 3843 lapsuum,
1875 3788 1963 3828 res
1999 3773 2130 3827 viri-

571 3873 672 3928 bus
722 3871 958 3940 impares
1003 3875 1059 3922 et
1100 3866 1336 3937 majores
1381 3864 1620 3937 aggredi,
1651 3880 1787 3936 quas
1816 3879 1940 3920 cnm
1989 3863 2130 3922 ferre

573 3981 679 4021 non
711 3972 964 4035 possent,
995 3961 1153 4018 docui
1190 3959 1520 4031 poenitentia:
1560 3959 1777 4038 labores
1806 3968 1858 4015 et
1899 3966 2130 4015 conatus

572 4067 786 4109 nostros
816 4070 845 4107 a
879 4053 987 4108 Deo
1029 4069 1138 4108 non
1181 4052 1552 4123 magnitudine
1579 4039 2028 4108 exercitationum
2074 4059 2130 4108 et

571 4144 853 4207 sudorum,
893 4158 986 4198 seu
1010 4143 1333 4199 humilitatis
1371 4143 1535 4198 modo
1563 4142 1818 4214 judicari.
1862 4142 1959 4199 Est
2001 4158 2126 4198 cum

572 4233 820 4289 educatio
865 4233 1179 4288 ultimorum
1226 4234 1496 4288 malorum
1541 4249 1706 4290 causa
1747 4235 1994 4303 exsistit;
2043 4243 2128 4292 est

570 4341 694 4380 cum
723 4323 1091 4394 improborum
1117 4323 1531 4378 contubernium
1561 4331 1616 4380 et
1653 4326 1958 4394 convictus,
1987 4327 2121 4396 quin

585 4419 759 4488 ipsius
789 4418 982 4472 anima:
1014 4417 1359 4486 {perversitas
1391 4431 1533 4487 saepe
1570 4415 1649 4472 illi
1693 4417 1758 4471 ad
1798 4418 2124 4488 perdendam

573 4507 743 4578 ipsam
769 4506 993 4563 sufficit.
1017 4506 1121 4574 Qui
1160 4509 1212 4561 in
1244 4507 1535 4563 solitudine
1562 4507 1714 4573 vivit,
1745 4523 1775 4562 a
1805 4509 2040 4572 duobus,
2073 4518 2127 4563 et

572 4601 802 4656 fortasse
827 4601 985 4654 etiam
1008 4616 1040 4656 a
1079 4601 1237 4668 tertio
1274 4601 1412 4656 liber
1454 4611 1558 4656 est.
1591 4601 1692 4668 Qui
1743 4611 1921 4657 autem
1971 4603 2128 4658 tertio

571 4693 701 4747 vitio
744 4691 951 4746 laborat
989 4691 1182 4760 quovis
1228 4692 1281 4745 in
1327 4692 1448 4746 loco
1486 4692 1768 4761 improbus
1807 4701 1910 4758 cst,
1947 4693 2129 4749 nullus

570 4785 714 4839 enim
777 4784 930 4839 locus
977 4783 1117 4837 cmlo
1177 4783 1347 4836 tutior
1391 4791 1491 4838 est.
1551 4784 1675 4839 lllos
1724 4785 1815 4856 qui
1847 4801 1948 4840 nos
1988 4786 2128 4840 mala

572 4884 751 4932 mente
799 4883 1132 4946 oppugnant,
1160 4889 1256 4930 seu
1299 4876 1488 4946 pagani
1545 4877 1675 4940 sint,
1720 4891 1815 4931 seu
1865 4878 2128 4943 haeretici,

571 4979 692 5039 post
730 4982 893 5023 unam
915 4977 969 5021 et
999 4967 1222 5023 alteram
1251 4967 1699 5032 admonitionem,
1733 4968 2126 5040 relinquamus.

571 5064 624 5114 In
658 5063 725 5117 iis
763 5069 940 5115 autem
976 5059 1343 5126 instituendis,
1393 5061 1488 5129 qui
1519 5075 1704 5115 verum
1732 5075 1801 5116 ex
1836 5063 2018 5118 animo
2047 5064 2131 5120 di-

572 5170 726 5208 scere
764 5153 1028 5223 cupiunt,
1079 5152 1282 5206 bonum
1327 5169 1464 5224 opus
1505 5154 1811 5224 praestando
1854 5171 2130 5228 nunquam

571 5246 905 5301 deficiamus.
935 5244 1190 5312 Quinimo
1217 5245 1284 5298 ad
1309 5247 1486 5303 cordis
1511 5246 1681 5302 nostri
1708 5246 2129 5304 stabilimentum

575 5339 820 5409 utrisque
843 5347 1077 5392 utamur.
1110 5338 1277 5392 Valde
1321 5338 1520 5394 stultus
1547 5347 1632 5395 est
1666 5341 1732 5402 is.
1764 5342 1878 5411 qui,
1912 5357 2035 5397 cum
2067 5342 2132 5397 de

573 5432 866 5489 uirtutibus
892 5442 1223 5496 sanctorum,
1253 5445 1376 5502 quae
1413 5440 1620 5486 natura:
1653 5432 1798 5489 vires
1841 5436 2128 5499 excedunt,

571 5524 744 5586 audit,
770 5520 892 5575 inde
923 5518 990 5573 de
1019 5534 1076 5572 se
1105 5520 1222 5589 ipso
1245 5521 1517 5588 desperat.
1541 5519 1680 5586 Quin
1707 5523 1886 5590 potius
1909 5537 1974 5581 ex
1998 5521 2132 5583 duo-

575 5616 678 5670 bus
705 5614 930 5668 alterum
977 5619 1028 5665 te
1073 5611 1274 5679 Optime
1303 5610 1516 5676 docent,
1560 5612 1640 5665 vel
1692 5621 1749 5666 nt
1793 5594 1844 5668 te
1883 5612 2132 5682 exemplo

576 5717 777 5761 sancta:
805 5719 1183 5775 generosaeque
1208 5703 1419 5760 virtutis
1441 5706 1506 5760 ad
1525 5704 1843 5761 imitandum
1864 5704 2129 5774 excitent;

639 5880 934 5937 "lThess.
970 5882 1132 5949 11,18.
1207 5880 1253 5913 “
1293 5880 1452 5937 Rom.
1486 5897 1601 5948 vni,
1630 5881 1718 5938 28.
1788 5855 1790 5858 θ

2227 3317 2456 3388 δύναμιν
2487 3321 2615 3390 ἡμῖν
2642 3318 3030 3384 ὑποτίθεσθαιτ
3065 3322 3150 3375 ἵνα
3182 3320 3251 3374 δι’
3276 3321 3498 3375 ἐκείνων
3537 3319 3800 3388 κατολιγ-

2227 3411 2558 3481 ωρήσαντες,
2615 3412 2708 3465 καὶ
2756 3412 2866 3465 τῶν
2930 3413 3071 3466 κατά
3123 3413 3353 3484 δύναμιν
3400 3413 3794 3485 ἀποπέσωμεν.

2227 3502 2324 3555 καὶ
2346 3503 2661 3572 ποιήσωμεν
2690 3503 2897 3573 γελοῖον
2933 3507 3048 3567 τοῖς
3101 3503 3315 3574 ἐχθροες
3351 3504 3510 3576 ἡμῶν
3557 3505 3795 3570 ἑαυτοὺς

2230 3594 2507 3666 μέγιστον.
2537 3589 2692 3648 Εἶδον
2717 3595 2814 3648 καὶ
2841 3595 3086 3658 ἀσθενεῖς
3111 3595 3288 3666 ψυχὰς
3312 3597 3406 3649 καὶ
3439 3595 3668 3666 σώματα
3693 3597 3792 3651 διὰ

2227 3683 2432 3754 πλῆθος
2465 3685 2823 3754 πταισμάτων
2851 3687 2909 3737 ὲν
2937 3688 3052 3750 τοῖς
3080 3686 3218 3758 ὑπὲρ
3261 3687 3462 3750 ἑαυτὰς
3508 3689 3795 3760 ἐπιχειρη-

2225 3777 2418 3843 σάσας,
2470 3779 2564 3831 καὶ
2615 3777 2692 3849 μὴ
2733 3779 3143 3847 ὐπενεγκάσας,
3189 3774 3279 3844 αἶς
3317 3781 3494 3850 ἔγωγε
3534 3783 3796 3853 ποσότητι

2227 3869 2622 3936 ταπεινώσεως,
2651 3871 2745 3924 καὶ
2786 3871 2847 3924 ού
2873 3873 3155 3942 καμάτων,
3193 3873 3292 3946 τὴν
3330 3875 3615 3946 μετάνοιαν
3641 3875 3799 3947 παρά

2226 3958 2346 4030 Θεῷ
2373 3959 2586 4031 ἔφρασα
2621 3961 2920 4034 κρίνεσθαι.
2950 3963 3138 4018 Ἔστιν
3158 3965 3283 4020 ὅταν
3313 3966 3347 4037 ὴ
3378 3967 3653 4039 ἀνατροφὴ
3681 3968 3794 4020 τῶν

2225 4054 2470 4126 ἐσχάτων
2493 4053 2681 4112 κακῶν
2698 4058 2864 4122 αἴτιος
2889 4058 3143 4128 τυγχάνει
3166 4058 3242 4128 (ϐ)
3269 4075 3284 4089 ·
3325 4058 3470 4114 ἐστιν
3497 4060 3586 4113 ὅτε
3617 4061 3713 4113 καὶ
3756 4061 3793 4130 ὴ

2227 4148 2602 4219 συνδιαγωγήο
2653 4147 2790 4219 πλὴν
2845 4148 3103 4213 πολλάκις
3148 4151 3242 4203 καὶ
3298 4152 3332 4222 ή
3383 4150 3791 4223 διεστραμμένη

2227 4238 2373 4311 ψυχὴ
2425 4239 2689 4308 αύταρκεῖ
2714 4240 2880 4310 ἑαυτῇ
2906 4239 3040 4311 πρὸς
3065 4238 3356 4296 ἀπώλειαν.
3390 4242 3459 4295 'U'
3482 4241 3792 4314 χωρισθεὶς,

2223 4329 2333 4382 τῶν
2363 4328 2476 4393 δύο,
2514 4329 2608 4382 καὶ
2637 4326 2731 4380 τοῦ
2772 4327 2956 4397 τρίτου
2991 4328 3120 4394 ἴσως
3152 4331 3514 4404 ἀπήλλακται.
3557 4332 3613 4384 ’0
3639 4331 3697 4384 δὲ
3727 4331 3795 4385 τὸ

2224 4426 2402 4494 τρίτον
2424 4420 2583 4493 ἔχων,
2610 4422 2667 4476 ὲν
2687 4421 2851 4474 παντὶ
2876 4421 3025 4494 τόπῳ
3053 4424 3326 4497 ἀδόκιμος·
3355 4424 3526 4487 οὐδεὶς
3553 4423 3660 4494 γὰρ
3700 4425 3796 4477 τό-

2229 4534 2329 4579 πος
2360 4515 2452 4569 τοῦ
2489 4515 2717 4588 ούρανοῦ
2766 4517 3187 4587 ἀσφαλέστερος.
3225 4520 3313 4575 Ἐν
3354 4519 3466 4581 τοῖς
3497 4517 3594 4588 μὲν
3621 4535 3796 4572 κακο-

2159 4591 2204 4647 Ῑ)
2234 4607 2402 4670 θελῶς
2462 4609 2593 4679 ἡμῖν
2654 4607 2976 4678 μαχομένοις
3026 4611 3295 4674 ἀπίστοις,
3350 4607 3385 4679 ἢ
3441 4609 3796 4674 κακοπίστοις

2236 4702 2372 4777 μετά
2413 4699 2634 4773 πρώτην
2659 4699 2756 4753 καὶ
2795 4700 3053 4775 δευτέραν
3095 4701 3375 4758 νουθεσίαν
3430 4701 3791 4772 παυσώμεθα.

2245 4794 2336 4848 Ἐν
2379 4793 2436 4845 δὲ
2466 4792 2578 4854 τοῖς
2619 4791 2719 4862 τὴν
2769 4791 3028 4864 ἀλήθειαν
3075 4791 3265 4863 μαθεῖν
3312 4792 3656 4864 βουλομένοις
3680 4833 3696 4856 ,
3730 4794 3793 4848 τὸ

2234 4883 2397 4939 καλὸν
2448 4881 2724 4948 ποιοῦντες
2768 4886 2871 4949 ἕως
2902 4885 3094 4947 αἰῶνος
3138 4883 3214 4953 μὴ
3265 4883 3610 4956 ὲκκακῶμεν.
3645 4883 3810 4956 Πλὴν,

2233 4974 2327 5026 καί
2354 4971 2490 5040 πρὸς
2528 4973 2618 5026 τὸν
2663 4975 2964 5045 στηριγμὺν
2995 4973 3151 5043 ἡμῶν
3191 4973 3290 5043 τῆς
3321 4975 3544 5047 καρδίας
3588 4975 3646 5025 ὲν
3678 4975 3794 5042 ἀμ’

2233 5065 2477 5134 φοτέροις
2504 5066 2853 5136 χρησώμεθα.
2890 5064 3115 5133 ”Δλογος
3141 5065 3259 5121 λίαν
3299 5069 3328 5120 ὁ
3371 5067 3509 5132 ὑπὲρ
3545 5064 3706 5135 φύσιν
3731 5067 3794 5120 ἐν

2230 5158 2343 5219 τοῖς
2373 5157 2544 5226 ἁγίοις
2561 5157 2775 5212 ἀκούων
2800 5156 3016 5224 ἀρετὰς,
3045 5157 3136 5210 καὶ
3158 5157 3350 5212 ἑαυτοῦ
3372 5155 3790 5225 ἀπολεγόμενος.

2235 5248 2450 5303 Μᾶλλον
2478 5249 2534 5304 δὲ
2566 5249 2710 5303 δυοῖν
2745 5247 2968 5317 θάτερόν
2998 5264 3058 5301 σε
3095 5251 3331 5322 ἀρίστως
3352 5247 3716 5316 παιδεύουσιν,
3752 5250 3787 5321 ἢ

2237 5340 2370 5409 πρὸς
2398 5340 2594 5412 πολλὴν
2637 5339 2861 5399 σεαυτοῦ
2910 5340 3234 5409 ἐπίγνωσιν·
3283 5340 3376 5394 καὶ
3419 5340 3517 5412 τῆς
3564 5341 3794 5414 ἐνούσης

2239 5449 2320 5484 σοι
2358 5431 2636 5492 ἀσθενείας
2657 5431 2963 5501 φανέρωσιν
2998 5431 3379 5504 ἐπιστρέφουσι
3404 5431 3491 5486 διὰ
3519 5434 3614 5504 τῆς
3639 5451 3794 5505 τρισ-

2237 5524 2383 5577 οσίου
2408 5521 2802 5586 ταπεινώσεως.
2832 5524 2982 5577 Εἰσὶν
3011 5526 3309 5594 ἀκάθαρτοι
3336 5526 3584 5595 πονηρῶν
3625 5541 3762 5594 πονη
3780 5556 3791 5565 -

2241 5617 2452 5687 θάτερον·
2469 5611 2740 5683 δαίμονες,
2766 5616 2815 5667 οῗ
2844 5618 2941 5687 τὴν
2975 5617 3245 5687 ἁμαρτίαν
3280 5617 3423 5687 ἡμᾶς
3453 5616 3794 5687 κατεργάζε-

2241 5709 2365 5762 σθαι
2408 5705 2599 5779 μόνους
2658 5709 2719 5762 οὐ
2769 5708 3265 5780 συμϐουλεύουσιν·
3319 5709 3456 5764 ἀλλά
3509 5696 3798 5774 κοινωνοὺς
