4030 6342
176 429 297 492 1061

1097 427 1325 486 SCALA
1361 427 1735 487 PARADISI.
1770 433 2165 495 --.GRADUS
2200 438 2419 499 XXVI.

3244 453 3379 541 i062

172 548 307 619 ἡμᾶς
334 545 467 617 πρὸς
496 545 560 599 τὸ
584 545 773 608 κακὸν,
796 543 892 596 καὶ
918 542 1134 611 ἑτέρους
1156 543 1300 611 ἔχειν
1326 544 1714 614 συμϐουλεύου-

1821 548 1904 601 vel
1934 558 1994 603 ut
2033 558 2085 603 te
2115 565 2209 619 per
2236 554 2635 609 sanctissimam
2686 558 3038 614 humilitatem
3072 559 3138 615 ad
3176 563 3254 617 tui
3283 580 3377 617 eo-

173 658 269 700 σιν.
308 638 393 691 ἵνα
428 637 812 708 χαλεπωτέραν
837 637 971 705 ἡμῖν
1001 634 1102 705 τὴν
1146 634 1365 687 κόλασιν
1401 637 1716 703 ποιήσωσιν.

180 728 422 800 Ἑώρακα
459 728 751 799 συνήθειαν
777 720 1019 797 πονηρὰν
1058 724 1119 789 ἐξ
1144 725 1332 796 ἑτέρου
1365 727 1720 798 μεμαθηκότα

169 820 343 891 ἕτερον
368 834 385 849 ⁸
424 820 521 874 καὶ
572 818 757 889 μέντοι
799 821 829 870 ό
869 818 967 888 μὲν
996 817 1217 882 διδάξας
1258 820 1337 881 είς
1372 818 1721 888 συναίσθησιν

170 906 430 977 ἐληλυθὼς
460 909 741 978 μετανοεῖν
771 905 996 977 ἧρξατο,
1035 908 1131 959 κα)⁵
1158 905 1251 959 τοῦ
1277 905 1446 959 κακοῦ
1477 907 1720 960 ἐπαύσα-

168 1015 260 1050 τοο
290 998 376 1051 διὰ
400 998 458 1052 δὲ
483 998 582 1069 τῆς
610 997 703 1051 τοῦ
734 997 976 1068 μαθητοῦ
1010 998 1272 1067 ἐργασίας
1311 999 1596 1071 άνίσχυρος
1626 1000 1721 1051 αὐ-

166 1088 253 1141 τοῦ
279 1089 312 1158 ἡ
340 1088 599 1158 μετάνοια
626 1089 839 1157 γέγονε.
864 1088 1063 1155 Πολλὴ,
1094 1089 1265 1151 ὅντως
1292 1088 1461 1156 πολλὴ
1488 1090 1580 1140 καὶ
1600 1088 1721 1141 δυσ·

168 1179 504 1250 κατάληπτος
526 1182 560 1250 ή
588 1180 695 1232 τῶν
731 1181 1057 1249 πνευμάτων
1083 1180 1339 1250 πονηρία,
1386 1180 1479 1232 καὶ
1522 1179 1721 1247 ὀλίγοις

165 1272 325 1341 ὁρατή
355 1288 371 1301 ’
412 1267 567 1339 οἶμαι
595 1271 653 1323 δὲ
702 1271 824 1323 οὐδὲ
864 1272 1065 1340 ὀλίγοις
1103 1273 1269 1325 πᾶσα.
1303 1271 1427 1333 Πῶς
1477 1272 1534 1323 δὲ
1586 1289 1719 1340 τρυ-

169 1364 364 1431 φῶντες
419 1364 516 1417 καὶ
561 1363 942 1433 κορεννύμενοι
989 1363 1374 1433 ἁγρυπνοῦμεν
1422 1362 1718 1432 νηφόντως.

168 1452 510 1522 νηστεύοντες
532 1454 696 1508 δὲκαὶ
718 1454 1184 1524 ταλαιπωροῦντες
1204 1453 1280 1523 τῷ
1306 1453 1454 1523 ὕπνῳ
1475 1454 1721 1517 ἐλεεινῶς

167 1545 597 1617 καταφερόμεθα,
644 1547 678 1617 ἢ
729 1544 1095 1616 ἡσυχάζοντες
1144 1545 1589 1615 σκληρυνόμεθα,
1625 1546 1720 1599 καὶ

169 1637 538 1705 συνδιάγοντες
605 1636 1085 1706 κατανυσσόμεθα;
1162 1635 1539 1705 Λιμώττοντες
1601 1637 1720 1689 καθ’

166 1722 355 1786 ὕπνους
393 1724 792 1796 πειραζόμεθα,
832 1725 927 1777 καὶ
969 1725 1365 1794 ἐμφορούμενοι
1402 1726 1718 1795 ἁπείραστοι

164 1814 479 1883 διαμένομεν
508 1831 523 1843 ·
576 1816 635 1868 ὲν
683 1815 859 1887 ἐνδείᾳ
891 1815 1153 1868 οκοτεινοί
1206 1833 1350 1878 τινες
1392 1817 1486 1869 καὶ
1514 1818 1719 1871 ἀκατά-

1819 641 2137 710 gnitionem,
2164 653 2379 714 tuaeque
2426 647 2807 705 imbecillitatis
2849 653 3176 719 agnitionem
3208 655 3378 709 dedu-

1819 740 1963 786 cant.
2001 731 2139 787 Sunt
2167 749 2231 790 ex
2258 736 2488 807 impuris
2512 738 2849 797 daemonibus
2880 744 2969 796 alii
2994 745 3117 812 aliis
3150 749 3378 815 nequio-

1819 837 1927 887 res,
1960 825 2052 892 qui
2092 825 2375 895 impellunt
2425 844 2527 885 nos
2567 846 2635 885 ne
2668 832 2766 886 soli
2795 848 3100 902 peccemus,
3150 837 3244 891 sed
3287 854 3379 892 so-

1820 914 1933 969 cios
1984 915 2147 986 372
2191 919 2258 972 ad
2312 920 2710 989 improbitatem
2758 926 2896 980 alios
2944 928 3099 983 nobis
3144 931 3381 985 ascisca-

1815 1020 1964 1074 mus,
1993 1018 2052 1061 ut
2092 1012 2308 1077 gravius
2344 1012 2466 1067 inde
2497 1015 2654 1069 nobis
2677 1018 3022 1086 'supplicium
3065 1022 3373 1075 concilient.

1823 1095 1941 1151 Vidi
1978 1100 2069 1168 qui
2094 1100 2163 1154 ab
2203 1102 2371 1156 altero
2404 1104 2600 1158 malam
2645 1111 2897 1175 peccandi
2930 1113 3377 1166 consuetudinem

1818 1187 2071 1251 disceret,
2125 1190 2384 1260 illumque
2427 1196 2519 1262 qui
2566 1196 2794 1251 alterum
2847 1214 3067 1268 peccare
3095 1201 3375 1266 docuerat,

1820 1278 1885 1331 ad
1914 1295 2132 1335 sensum
2162 1284 2385 1337 rediisse
2405 1295 2458 1338 et
2481 1288 2860 1354 pmnitentiam
2911 1304 3071 1359 agere
3118 1293 3375 1361 cmpisse,‘

1819 1372 2154 1442 omninoque
2183 1390 2211 1427 a
2245 1377 2388 1428 malo
2417 1378 2670 1441 desiisse,
2704 1381 2796 1434 sed
2828 1391 3047 1451 propter
3075 1384 3220 1437 illius
3252 1400 3375 1453 pec-

1818 1471 1939 1516 cata
1970 1478 2130 1530 quem
2165 1466 2444 1531 docuerat,
2491 1471 2653 1523 etiam
2693 1473 2863 1539 ipsius
2893 1474 3259 1541 pomitentiam
3292 1477 3375 1529 ἰη-

1820 1554 2151 1610 fructuosam
2186 1567 2241 1611 et
2274 1558 2487 1613 inanem
2530 1562 2791 1615 redditam
2820 1564 2916 1630 (τι).
2956 1564 3110 1619 Varia
3138 1567 3377 1635 profecto

1818 1651 1871 1695 et
1900 1645 2064 1697 multa
2089 1655 2250 1715 atque
2274 1658 2433 1718 captu
2456 1650 2687 1705 difﬁcilis
2713 1660 2798 1705 est
2829 1655 3065 1722 nequitia
3091 1656 3375 1724 spirituum

1821 1734 2214 1802 improborum,
2257 1740 2554 1809 paucisque
2603 1754 2903 1812 perSpecta,
2949 1746 3054 1798 imo
3091 1748 3273 1807 nullis,
3318 1758 3379 1801 ut

1819 1824 2031 1892 opinor,
2066 1834 2198 1879 tota.
2237 1826 2521 1893 Quomodo
2554 1831 2835 1887 delicatius
2873 1838 3119 1890 viventes
3158 1849 3210 1890 et
3239 1838 3377 1893 cibis

161 1923 334 1960 νυκτοι
366 1907 663 1977 γιγνόμεθα
686 1925 700 1939 ’
741 1909 801 1961 ὲν
833 1908 1109 1978 οίνοποσία
1138 1908 1195 1961 δὲ
1231 1909 1401 1979 ἱλαροὶ
1435 1909 1528 1961 καὶ
1552 1910 1714 1963 εὐκα-

1818 1914 2055 1977 distenti,
2086 1925 2339 1987 tanquam
2363 1920 2527 1973 sobrii
2552 1924 2933 1991 pervigilamus
2961 1926 3164 1993 ;jejuni
3196 1937 3375 1981 autem

162 1997 402 2050 τάνυκτοι
431 1998 532 2066 (7);
565 1998 700 2067 πρὸς
727 1997 898 2051 ταῦτα
925 1999 954 2050 ὁ
971 1998 1278 2068 ’δυνάμενος
1303 2001 1361 2052 ἐν
1387 2000 1575 2069 Κυρίῳ
1607 2018 1717 2069 φω-

162 2090 290 2143 τίσει
334 2091 691 2159 ἁφωτίστους.
737 2092 928 2161 Ἡμεῖς
975 2092 1082 2162 γὰρ
1126 2091 1420 2159 άφώτιστοι
1467 2093 1601 2161 πρὸς
1648 2093 1717 2145 τὰ

162 2179 329 2233 τοιάδε
352 2181 695 2251 τυγχάνομεν
711 2194 725 2208 ⁶
748 2181 889 2251 πλὴν
912 2182 1088 2233 έκεῖνο
1118 2181 1366 2251 λέγομεν,
1391 2183 1472 2234 ὃτι
1497 2184 1554 2235 οὐ
1582 2185 1717 2237 πάν-

160 2287 270 2323 τοτε
298 2272 360 2323 ὲκ
386 2271 661 2341 δαιμόνων
682 2273 716 2341 ἡ
743 2270 968 2339 τοιαύτη
1002 2272 1267 2341 μεταόολὴ
1299 2272 1526 2339 γίνεται.
1578 2275 1713 2327 Ἀλλ’

159 2360 298 2414 ἔστιν
329 2362 421 2415 ὅτε
454 2363 551 2415 καὶ
591 2364 657 2414 ὲκ
696 2361 796 2431 τῆς
828 2364 1182 2432 συγκράσεως
1210 2363 1307 2433 τῆς
1343 2363 1587 2435 δοθείσης
1625 2383 1713 2435 μοι

159 2454 372 2524 ταύτης.
410 2456 506 2508 καὶ
536 2454 909 2524 περιδεθείσης
946 2470 1056 2523 μοι,
1091 2454 1209 2517 πῶς
1234 2456 1334 2507 ούκ
1360 2451 1494 2519 οἶδα,
1540 2460 1713 2529 ῥυπα-

160 2545 255 2613 ρᾶς
291 2545 384 2616 καὶ
417 2543 704 2613 λιχνώδους
730 2543 1057 2611 παχύτητος.
1103 2542 1241 2611 Περὶ
1281 2543 1375 2595 τοῦ
1407 2544 1714 2616 δυσδιακρί-

161 2652 247 2688 του
281 2636 381 2707 τῆς
423 2634 692 2704 τυχούσης
726 2633 836 2686 τῶν
874 2633 1286 2723 προειρημένων
1318 2634 1714 2704 μεταπτώσεως

161 2726 459 2799 εἰλικρινῶς
481 2727 581 2779 καὶ,
596 2723 863 2786 ταπεινῶς
901 2722 994 2775 τὸν
1022 2722 1224 2793 Κύριον
1267 2724 1674 2795 δυσωπήσωμεν
1694 2741 1708 2755 ·

162 2815 257 2868 κᾶν
300 2814 439 2885 μετὰ
483 2814 580 2885 τὴν
611 2812 836 2876 ἱκεσίαν,
889 2811 983 2864 καὶ
1021 2811 1113 2863 τὸν
1145 2812 1347 2882 ταύτης
1383 2814 1571 2882 χρόνον
1598 2815 1709 2866 ὡσ-

162 2907 331 2969 αύτως
358 2905 612 2976 εὕρωμεν
666 2902 920 2973 ἐνεργοῦν
955 2902 1015 2955 τὸ
1040 2902 1321 2971 γινόμενον
1347 2943 1362 2967 ,
1393 2904 1713 2974 γνωσόμεθα

160 2996 233 3059 ὼς
256 2996 355 3050 οὐκ
386 2996 453 3047 ὲκ
490 2992 776 3063 δαιμόνων,
815 2991 953 3045 ἀλλὰ
984 2991 1196 3058 φύσεώς
1243 2993 1358 3044 ἐστι
1393 2992 1455 3045 τὸ
1500 2994 1713 3063 γινόμε-

162 3104 265 3142 νον.
293 3085 561 3148 Πολλάκις
593 3084 651 3137 δὲ
682 3084 776 3139 καὶ
817 3083 936 3136 θεία
980 3083 1259 3153 οἰκονομία
1289 3083 1379 3136 διὰ
1413 3080 1518 3145 τῶν
1552 3086 1708 3138 ἐναν-

162 3181 282 3234 τίων
333 3179 639 3248 εὐεργετεῖν
685 3176 834 3247 qua;
880 3174 1150 3244 βούλεται,
1202 3175 1290 3229 διὰ
1335 3176 1550 3230 πάντων
1603 3176 1704 3249 τὴν

1816 2013 1869 2056 et
1901 2004 2079 2059 aﬂlicti
2105 2009 2470 2062 miserandum
2502 2010 2555 2064 in
2590 2013 2806 2066 modum
2837 2032 3025 2069 somno
3049 2017 3378 2087 mergimur?

1816 2101 1909 2147 aut
1938 2098 2214 2164 quomodo
2248 2099 2299 2151 in
2338 2101 2554 2156 silentio
2596 2112 2649 2157 et
2682 2107 2862 2173 quiete
2897 2107 3149 2175 degentes
3196 2109 3376 2163 cordis

1815 2185 2011 2240 duritia
2062 2188 2390 2256 laboramus,
2421 2202 2475 2248 et
2513 2210 2636 2249 cum
2685 2198 2803 2251 aliis
2834 2200 3029 2253 versati
3061 2203 3376 2271 compungi-

1815 2280 1987 2332 mur?
2024 2279 2189 2336 Fame
2212 2284 2444 2340 confecti
2477 2286 2529 2339 in
2566 2289 2795 2344 somniis
2826 2306 3104 2353 vexamur,
3146 2294 3375 2361 saginati

1814 2386 1942 2425 vero
1986 2372 2234 2428 intentati
2263 2377 2570 2433 duramus?
2604 2380 2660 2434 In
2711 2398 2891 2436 rerum
2932 2385 3155 2454 penuria
3180 2396 3234 2438 et
3285 2401 3375 2439 so-

1815 2463 2037 2518 brietate
2082 2466 2293 2522 confusi
2325 2479 2379 2523 et
2422 2471 2540 2525 duri
2579 2481 2808 2538 sumus;
2854 2490 2976 2530 cum
3006 2477 3189 2530 vinum
3222 2488 3375 2547 pota-

1814 2572 1955 2623 mus,
1988 2558 2185 2615 hilares
2206 2570 2259 2614 et
2290 2563 2444 2631 proni
2485 2565 2536 2617 in
2582 2566 2870 2635 lacrymas,
2917 2577 2971 2621 et
3004 2568 3376 2636 compnnctio—

1812 2665 1933 2703 nem
1963 2653 2355 2708 evadimuan
2388 2657 2471 2710 his
2502 2658 2595 2726 qui
2626 2674 2723 2713 nos
2753 2660 2805 2712 in
2842 2659 3070 2714 Domino
3101 2661 3377 2714 illustrare

1811 2748 2008 2807 potest,
2036 2743 2265 2798 illustret
2294 2754 2348 2799 et
2384 2746 2593 2812 doceat,
2618 2764 2718 2803 nos
2746 2750 2888 2803 enim
2916 2751 2968 2803 in
3002 2750 3374 2820 hujuscemodi

1810 2832 1972 2885 rebus
2001 2834 2123 2887 caeci
2150 2849 2359 2891 sumus.
2389 2837 2499 2892 Etsi
2525 2841 2629 2894 hoc
2650 2840 3002 2906 aiiirmamus,
3037 2858 3140 2896 non
3165 2858 3378 2912 semper

1809 2921 1879 2977 ab
1913 2925 2065 2980 malis
2096 2926 2266 2994 geniis
2306 2928 2680 2998 hujuscemodi
2729 2933 3163 2990 vicissitudinum
3198 2947 3377 2988 muta-

1809 3016 1984 3071 tiones
2015 3021 2312 3087 provenire.
2345 3020 2410 3074 Et
2433 3033 2510 3077 est
2542 3038 2665 3078 cum
2714 3026 2909 3080 accidit
2939 3028 3068 3080 mihi
3114 3029 3238 3091 hoc,
3280 3044 3376 3082 ne-

1811 3107 1923 3161 scio
1961 3111 2249 3177 quomodo,
2282 3113 2351 3166 ob
2380 3117 2777 3171 concretionem
2808 3118 2941 3171 mihi
2967 3119 3170 3184 datam,
3193 3130 3244 3174 et
3268 3121 3375 3173 cir-

1733 3214 1776 3276 α
1809 3201 2115 3257 cumfusam
2168 3205 2297 3258 mihi
2338 3208 2718 3277 sordidamque
2748 3218 2802 3263 et
2852 3211 3221 3267 illecebrosam
3253 3211 3375 3279 pin-

156 3274 328 3345 οἴησιν
362 3273 520 3343 η’μῶν
552 3270 1009 3326 καταστέλλουσα.
1047 3268 1294 3323 Χαλεπὸν
1329 3269 1427 3339 μὲν
1448 3269 1540 3322 τὸν
1579 3273 1707 3341 περὶ

1811 3285 2116 3353 guedinem.
2163 3286 2269 3341 Pro
2322 3290 2443 3353 hac,
2494 3268 2790 3358 dijudicatu
2843 3294 3063 3359 difﬁcili,
3116 3268 3371 3364 quae-usu

159 3365 438 3436 κριμάτων
488 3363 648 3434 βυθὸν
705 3360 1205 3433 περιεργάζεσθαιο
1267 3361 1325 3413 ὲν
1377 3360 1707 3435 πλοίῳλγὰρ

154 3457 381 3527 οἰήσεως
404 3453 684 3525 περίεργοι
710 3452 980 3504 πλέουσιν.

1810 3371 1997 3424 venire
2023 3371 2163 3426 solet
2184 3374 2238 3426 in
2268 3389 2429 3444 supra
2460 3376 2867 3445 demonstratis,
2907 3382 3280 3437 vicissitudine
3319 3394 3374 3435 et

1812 3458 2121 3515 mulatione
2134 3478 2288 3532 pure,
2339 3465 2548 3519 sincere
2575 3476 2627 3520 et
2649 3469 2919 3525 submisse
2948 3469 3234 3526 Dominum
3282 3474 3374 3526 de-

158 3522 459 3627 precemur,
485 3522 539 3603 et
567 3522 612 3603 si
645 3555 765 3617 post
784 3544 943 3616 373
969 3522 1236 3615 supplices
1259 3558 1449 3613 preces
1482 3552 1538 3598 et
1568 3549 1823 3615 temporis
1888 3567 2096 3609 moram
2134 3522 2222 3611 .id
2286 3558 2431 3628 quod
2469 3560 2529 3613 tit
2590 3562 2944 3619 nihilominus
2980 3566 3169 3619 eodem
3214 3566 3374 3620 modo

146 3640 267 3696 ‘leri
317 3620 673 3708 senserimus,
720 3647 836 3694 tum
866 3636 1073 3717 veroid
1101 3650 1210 3691 non
1240 3636 1545 3691 daemonum
1600 3638 1951 3709 improbitati,
1982 3669 1988 3675 -
2018 3647 2111 3701 sed
2170 3658 2379 3705 naturae
2435 3653 2803 3709 ascribemus.
2874 3654 3253 3726 Saepenumero
3291 3656 3376 3711 ιιι»

158 3738 277 3791 vina
304 3734 638 3806 providentia
669 3748 785 3788 rem
819 3732 893 3787 ita
930 3730 1225 3800 dispenSat,
1258 3739 1318 3786 ut
1363 3746 1456 3801 per
1493 3734 1765 3790 contraria
1830 3738 1988 3795 nobis
2025 3743 2344 3801 benefacere
2405 3747 2533 3802 velit
2564 3788 2580 3813 ,
2643 3758 2700 3803 ut
2747 3739 3003 3807 omnibus
3065 3753 3240 3807 modis
3283 3768 3379 3805 su—

156 3808 387 3899 perbum
416 3834 925 3884 sensuminostrum
953 3827 1225 3880 retundat.
1269 3825 1492 3882 Diiiicile
1519 3835 1603 3882 est
1655 3831 1930 3890 curiosius
1989 3837 2057 3894 de
2116 3839 2422 3909 divinorum
2443 3842 2772 3914 iudiciorum
2829 3852 3041 3904 arcanis
3080 3849 3374 3923 inquirere,

156 3916 353 3971 curiosi
376 3916 523 3970 enim
551 3914 803 3969 eiationis
838 3912 964 3967 navi
996 3913 1289 3968 vehuntur.

226 4006 425 4078 Ἥρετό
441 4006 525 4070 τίς
556 4022 675 4059 τινα
696 4006 804 4059 τῶν
834 4005 1053 4077 βλέπειν
1070 4006 1397 4078 δυναμένων,
1424 4009 1476 4061 τί
1503 4010 1700 4077 δήποτε

154 4102 433 4172 γινώσκων
462 4102 491 4153 ό
517 4101 647 4165 Θεός
681 4118 842 4155 τινων
878 4101 947 4154 τὰ
978 4101 1310 4172 πταίσματα,
1339 4102 1559 4166 τούτους
1601 4122 1701 4174 χα-

158 4196 379 4268 ρίσμασι
428 4194 525 4247 καὶ
564 4193 754 4265 τέρασι
802 4191 1231 4264 κατεκόσμησεν.
1284 4193 1345 4247 '0
1380 4193 1437 4245 δέ
1484 4211 1651 4264 φησιν
1686 4209 1703 4225 ⁶

158 4288 269 4341 Ἵνα
291 4286 386 4341 καὶ
410 4284 625 4351 λοιποὺς
660 4285 1058 4356 πνευματικοὺς
1088 4285 1448 4355 άσφαλίσηται
1473 4300 1488 4314 ·
1518 4285 1612 4338 καὶ
1642 4284 1703 4338 τὺ

158 4376 488 4444 αὐτεξούσιον
521 4374 669 4447 δείξῃ
714 4375 809 4429 καὶ
849 4375 1281 4447 ἀναπολογήτους
1334 4378 1392 4429 ὲν
1432 4378 1498 4447 τῇ
1529 4376 1706 4447 κρίσει

155 4471 275 4532 τοὺς
308 4465 659 4529 πεπτωκότας
706 4469 927 4539 ποιήσῃ.
1001 4467 1061 4521 '0
1114 4468 1210 4538 μὲν
1258 4467 1417 4539 νόμος
1473 4468 1548 4530 ὡς
1581 4469 1706 4522 άτεο

156 4560 248 4633 λης
271 4561 372 4631 (8),
403 4560 671 4628 Πρόσεχε
700 4558 952 4624 σεαυτῷ.
997 4558 1057 4612 '0
1072 4560 1129 4614 δὲ
1154 4562 1355 4631 Κύριος
1382 4561 1457 4626 ὡς
1482 4562 1708 4633 ὑπερτε-

1872 4009 1997 4066 Fuit
2033 4027 2099 4067 ex
2151 4016 2642 4083 providentioribus
2689 4018 2909 4090 quidam
2948 4025 3040 4095 qui
3084 4031 3372 4098 quemdam

1804 4102 2015 4170 rogavit
2050 4106 2403 4172 quamobrem
2434 4107 2596 4176 Deus,
2627 4126 2751 4166 cum
2783 4118 3141 4184 quorumdam
3183 4121 3372 4193 lapsus

1805 4192 2085 4261 provideat
2110 4205 2162 4250 et
2212 4198 2385 4263 sciat,~
2412 4200 2535 4257 illos
2566 4204 2713 4273 ipsos
2743 4214 2922 4265 tamen
2947 4218 3000 4265 et.
3026 4214 3217 4283 gratiis
3240 4192 3368 4273 7cm-

1810 4282 2036 4339 lestibus
2074 4294 2129 4340 et
2157 4288 2544 4346 miraculorum
2577 4310 2793 4367 quoque
2834 4299 3004 4369 signis
3038 4282 3375 4362 illustrarit?

1814 4374 1899 4438 Ut,
1959 4375 2153 4446 inquit,
2189 4379 2427 4451 reliquos
2448 4383 2594 4440 viros
2627 4386 2911 4456 religiosos
2953 4393 3221 4449 cautiores
3247 4397 3373 4450 red-

1808 4466 1975 4533 deret,
2017 4468 2284 4540 simulque
2323 4473 2615 4531 voluntatis
2654 4490 2855 4535 nostra:
2909 4483 3210 4545 libertatem
3280 4503 3371 4543 os—

1811 4558 2074 4625 tenderet,
2135 4572 2302 4634 utque
2356 4565 2476 4623 illos
2530 4569 2625 4639 qui
2686 4573 3018 4641 ceciderunt,
3055 4578 3107 4632 in
3165 4580 3371 4649 judicio

156 4649 266 4720 λῆς,
306 4648 402 4703 καὶ
425 4646 525 4718 τὴν
573 4644 669 4700 τοῦ
718 4646 945 4715 ἀδελφοῦ
974 4649 1104 4719 ἡμῖν
1146 4648 1427 4720 διόρθωσιν
1467 4666 1705 4721 προσπε-

1811 4649 2209 4731 inexcusabiles
2272 4655 2492 4713 faceret.
2547 4659 2657 4716 Lex
2712 4674 2770 4718 ut
2829 4644 3365 4736 imperfecta'dicit:

156 4742 399 4813 φώνηκεν
442 4738 609 4792 είπὼν
627 4754 641 4769 ’
675 4737 818 4792 Ἐὰν
845 4738 1171 4806 ἁμαρτήσει
1199 4742 1232 4793 ὀ
1268 4739 1531 4810 ἁδελφός
1561 4756 1701 4807 σου,

156 4834 336 4887 καὶτὰ
371 4830 518 4900 ἑξῆς.
552 4830 612 4881 El
646 4828 743 4899 μὲν
782 4828 1018 4899 καθαρός
1048 4846 1138 4882 σου
1175 4831 1204 4882 ό
1245 4830 1462 4901 ἔλεγχος
1485 4832 1582 4887 καὶ
1610 4851 1706 4887 τα.

154 4925 331 4988 πανὸς
354 4964 372 4990 ,
408 4922 603 4994 μᾶλλον
626 4921 683 4974 δὲ
714 4918 1035 4991 ὑπόμνησις,
1064 4921 1125 4975 τὸ
1159 4922 1253 4975 τοῦ
1286 4924 1494 4995 Κυρίου
1533 4928 1705 4979 ποιεῖν

158 5013 231 5088 μὴ
273 5034 386 5089 παρ
408 5016 606 5089 ιιτήσῃ,
649 5013 743 5069 καὶ
774 5012 1003 5083 μάλιστα
1034 5015 1092 5067 ὲν
1128 5015 1238 5077 τοῖς
1268 5014 1575 5085 δεχομένοις
1603 5034 1617 5046 ’
1654 5019 1703 5071 εἰ

154 5101 208 5155 δὲ
228 5104 381 5158 οὔπω
406 5105 531 5175 πέφι
554 5120 704 5169 ακας,
734 5103 835 5157 κᾶν
858 5103 955 5172 τὴν
987 5104 1212 5174 νομικὴν
1245 5103 1401 5159 deus:
1427 5108 1697 5179 λατρείαν.

154 5191 243 5264 Μὴ
273 5193 484 5266 σαμόοῦ
525 5198 617 5250 καὶ
665 5195 792 5259 τοὺς
828 5194 952 5257 σοὺς
979 5192 1290 5264 προσφιλεῖς
1325 5196 1702 5266 ὲχθραίνοντάς

155 5298 236 5337 σοι
254 5284 522 5355 θεώμενος
555 5286 632 5357 (ὑ)
660 5303 672 5315 ·
702 5285 964 5357 δαιμόνων
1002 5283 1106 5355 γάρ
1135 5283 1386 5354 ἐργαλεῖα
1424 5288 1473 5339 οί
1503 5290 1703 5359 κουφό-

154 5390 320 5445 τεροι,
364 5377 457 5430 καὶ
492 5381 727 5449 μάλιστα
764 5381 821 5433 ὲν
856 5379 967 5441 τοῖς
1004 5375 1214 5447 ἐχθροῖς
1244 5375 1442 5430 αὐτῶν.
1484 5378 1703 5450 Θαυμάο

156 5464 268 5529 ζειν
287 5483 382 5538 μοι
408 5468 492 5539 ἐφ’
518 5470 601 5524 lvi.
628 5469 735 5525 τῶν
762 5473 821 5525 έν
842 5472 971 5542 ἡμῖν
992 5468 1110 5522 λίαν
1133 5467 1427 5538 ὑπέρχεται
1449 5483 1462 5497 ·
1491 5468 1611 5535 πῶς
1639 5489 1698 5525 τε

1804 4739 2276 4814 Attendetibiipsi
2309 4747 2374 4799 “.
2416 4746 2679 4805 Dominus
2736 4761 2916 4807 autem
2971 4755 3128 4823 longe
3193 4754 3368 4823 perfe-

1807 4830 2083 4888 ctissimus
2099 4849 2283 4889 curam
2312 4838 2471 4893 nobis
2486 4849 2539 4895 et
2566 4843 2998 4899 emendationem
3029 4844 3209 4898 fratris
3226 4860 3371 4899 rom-

1809 4922 2114 4978 mendavit:
2162 4925 2245 4994 Si,
2276 4928 2471 4998 inquit,
2503 4937 2788 4999 peccaverit
2840 4936 3039 5003 {ratrer
3068 4944 3185 4988 tuus
3222 4937 3287 5001 °“,
3318 4949 3370 4991 et

1808 5028 1928 5082 qua:
2016 5028 2339 5085 sequuntur.
2430 5021 2487 5074 Si
2572 5032 2663 5077 tua
2735 5026 3079 5093 reprehensio
3157 5028 3367 5082 sincera

1808 5117 1857 5162 et
1945 5108 2206 5172 modesta,
2304 5119 2359 5165 et
2439 5111 2620 5180 potius
2710 5114 3007 5169 admonitio
3058 5116 3366 5188 familiaris,

1807 5214 1967 5269 quam
2004 5200 2348 5269 reprehensio
2387 5200 2567 5267 fuerit,
2596 5202 2828 5257 officium
2868 5204 3045 5267 facere
3097 5225 3195 5278 pro
3260 5212 3364 5263 Do-

1808 5290 1939 5345 mini
1970 5289 2262 5356 voluntate,
2284 5302 2404 5346 ‘non
2439 5294 2742 5361 recusabis,
2773 5300 3069 5363 prazsertim
3103 5300 3242 5369 apud
3272 5318 3363 5356 eos

1808 5383 1900 5454 qui
1934 5381 2090 5436 facile
2142 5382 2560 5439 admonitionem
2627 5387 2910 5455 recipiunt.
2956 5388 3011 5442 Si
3055 5399 3229 5442 autem
3296 5392 3361 5442 ad

1805 5490 1925 5531 eam
1961 5473 2345 5546 perfectionem
2375 5478 2616 5534 nondum
2668 5482 2941 5550 aspirasti,
2984 5482 3170 5536 saltem
3212 5484 3361 5550 quod

221 5644 269 5678 ⁸³
292 5644 459 5701 Eccli.
486 5620 797 5716 “1:37;!
831 5648 973 5705 Tim.
1007 5646 1179 5712 Iv,l6.
1252 5646 1295 5678 “
1322 5645 1510 5701 Matth.
1550 5663 1707 5713 xvnt,
1742 5651 1832 5705 15.

222 5764 300 5831 (ιι)
324 5760 429 5818 Sed
452 5761 544 5843 qui
562 5772 791 5845 secutus
812 5777 894 5824 est
917 5774 1252 5838 peccantem,
1280 5778 1445 5835 quare
1478 5778 1587 5820 non
1652 5778 1875 5829 secutus
1902 5783 1985 5828 est
2039 5773 2427 5844 panitentem?
2458 5776 2538 5829 An
2602 5784 2933 5845 peccantem,
2971 5771 3126 5837 vidit,
3178 5769 3359 5841 pinni-

156 5841 347 5888 tentem
364 5831 627 5889 non—vidit
639 5831 674 5901 2,
