4030 6342
613 409 752 500 1063
1843 448 1902 507 s.
1929 447 2245 509 JOANNIS
2263 453 2570 514 CLIMACI
3682 457 3823 522 106i

610 543 695 598 lex
723 544 972 612 imperat,
999 544 1179 600 facito.
1208 544 1286 605 Ne
1315 547 1529 604 mireris
1574 565 1696 605 cum
1731 553 1931 610 videris
1993 556 2150 610 etiam

2259 561 2352 613 ἐπὶ
2375 567 2493 626 ταῖς
2529 565 2744 634 ἀρεταῖς
2772 563 2901 617 Θεὸν
2925 563 3019 615 τὸν
3059 564 3479 634 παντοδύναμον,
3517 566 3613 618 καὶ
3653 569 3822 636 ἀγγέο

611 632 908 687 familiares
953 641 1077 688 tuos
1102 635 1509 712 amantissimos
1540 639 1633 694 tibi
1677 640 1927 699 inimicos
1979 647 2150 700 reddi-

2261 648 2406 713 λους,
2444 654 2538 705 καὶ⁵
2557 632 2742 718 ἀγίους
2791 654 2868 714 είς
2911 652 3192 720 συνεργίαν
3227 632 3460 722 ἔχοντες,
3503 653 3596 706 ἐπὶ
3619 655 3678 708 δὲ
3700 632 3820 716 τοῖς

608 727 715 788 ωε,
744 733 871 778 sunt
901 725 1044 778 enim
1073 725 1130 778 hi
1173 726 1404 783 leviores
1429 729 1788 788 instrumenta
1824 734 2150 798 daemonum.

2262 742 2519 802 ἐναντίοις
2549 743 2640 796 τὸν
2667 743 2918 812 πονηρὸν,
2950 746 3043 796 καὶ
3075 743 3233 814 μόνον
3253 743 3500 813 δαίμονα,
3533 746 3813 816 εὐπρεπε-

607 815 905 882 praesertim
930 815 1190 872 adversus
1236 832 1332 872 eos
1368 833 1506 888 quos
1573 821 1827 877 oderunt.
1874 823 2058 879 Mirari
2105 835 2150 881 el

2266 832 2467 902 στέρως
2508 833 2599 885 καὶ
2643 832 2909 902 ὀξυτέρως
2949 833 3085 903 πρὸς
3129 835 3200 886 τά
3235 833 3382 903 πάθη
3415 815 3815 906 ικαμπτόμεθα.

608 907 762 961 valde
816 908 1030 977 quidem
1065 910 1253 965 mirari
1301 912 1473 967 habeo
1499 929 1660 983 super
1694 932 1797 971 una
1846 933 1905 972 re
1930 933 2050 987 quae
2102 921 2150 974 lil

2267 922 2400 991 Περὶ
2426 922 2524 990 μὲν
2554 907 2874 989 τούτουξγὼ
2914 925 2990 985 εἰς
3027 923 3305 992 ἀκρίὸειαν
3345 924 3524 990 λέγειν
3557 925 3620 978 ού
3661 925 3819 977 δύναο

607 998 661 1052 in
682 1000 833 1055 nobis
853 1042 866 1054 .
885 999 1165 1065 Quomodo
1191 1019 1314 1058 cum
1340 1005 1394 1059 in
1425 1005 1714 1062 virtutibus
1739 1010 2052 1066 exercendis
2070 1011 2150 1066 ad-

2271 1026 2387 1078 μαι,
2411 1009 2529 1061 οὐδὲ
2561 1008 2835 1078 βούλομαι.
2861 1010 2939 1062 Τὰ
2961 1011 3059 1078 μὲν
3084 1011 3340 1080 γεγονότα
3363 1013 3558 1077 πάντα,
3594 1014 3642 1065 εί
3670 1013 3816 1065 οὕτω

601 1094 811 1162 jutores
831 1096 1128 1161 habeamus
1156 1107 1209 1152 et
1231 1099 1402 1169 ipsum
1423 1102 1516 1169 qui
1535 1103 1715 1156 omnia
1749 1115 1942 1172 potest,
1972 1104 2159 1170 Deum,

604 1194 662 1240 et
696 1187 916 1257 angelos
943 1197 998 1242 et
1026 1201 1263 1254 sanctos,
1303 1190 1463 1263 374
1488 1193 1540 1246 in
1561 1195 1848 1248 contrariis
1865 1205 2040 1250 autem
2072 1213 2164 1252 so-

2267 1102 2388 1155 καθ⁹
2423 1102 2452 1154 ὃ
2486 1103 2735 1170 γεγόνασι
2773 1103 2982 1170 φύσεως
3014 1103 3227 1178 ἔχουσι,
3269 1105 3386 1168 πῶς
3413 1121 3473 1158 τε
3509 1104 3672 1158 είκὼν
3696 1104 3816 1171 εἰμι

2265 1193 2358 1246 τοῦ
2393 1194 2548 1260 Θεοῦ,
2595 1195 2688 1248 καὶ
2726 1198 2792 1265 τῇ
2827 1195 2980 1264 πηλῷ
3029 1197 3414 1267 συμφύρομαι;
3464 1197 3537 1259 ὦς
3573 1211 3737 1265 φησιν
3783 1195 3816 1246 ὁ

605 1277 715 1331 lum
743 1287 796 1332 et
822 1280 1126 1349 improbum
1152 1281 1469 1344 daemonem.
1510 1284 1722 1338 facilius
1743 1295 1919 1341 tamen
1941 1295 1995 1342 et
2023 1289 2150 1343 cele-

2269 1285 2439 1355 μέγας
2465 1286 2778 1355 Γρηγόριος.
2820 1286 2880 1339 Et
2927 1287 2981 1340 δὲ
3022 1287 3220 1357 ἑτέρως
3251 1287 3365 1351 πώς
3403 1305 3524 1340 τινα
3564 1287 3671 1340 τῶν
3695 1302 3815 1338 κτι-

603 1369 717 1422 rius
757 1371 825 1423 ad
855 1370 1054 1424 malum
1087 1381 1140 1425 et
1170 1371 1295 1426 vitia
1351 1373 1725 1428 inclinemur?
1790 1375 1862 1430 De
1899 1393 2006 1447 quo
2057 1394 2159 1447 ego

601 1461 912 1516 accuratius
987 1462 1282 1531 disputare'
1337 1479 1444 1518 non
1488 1480 1733 1534 possum,
1792 1482 1965 1537 neque
2013 1469 2156 1522 volo.

604 1547 661 1603 Si
694 1553 874 1606 omnia
907 1551 1000 1607 Dei
1025 1569 1187 1623 opera
1225 1564 1432 1610 natura:
1489 1572 1601 1610 suae
1657 1559 2031 1615 convenienter
2079 1560 2159 1614 af-

2262 1377 2490 1429 σοέντων
2518 1378 2646 1446 παρ’
2675 1375 2703 1427 ὃ
2730 1377 2918 1444 γέγονε
2945 1376 3265 1446 καθέστηκε,
3303 1378 3518 1439 πάντως
3549 1378 3646 1446 τῆς
3675 1377 3810 1428 ἑαυ-

2260 1469 2353 1521 τοῦ
2411 1467 2723 1536 συγγενείας
2755 1469 3040 1539 ἀπλήστως
3079 1469 3362 1538 ὁρέγεταις
3420 1467 3507 1521 Ἐν
3538 1467 3685 1537 πάσῃ
3723 1484 3814 1529 τις

2265 1560 2473 1628 μηχανῇ
2508 1559 2778 1627 χρησάτω.
2808 1557 2873 1612 ἵν’
2900 1556 3068 1620 οὕτως
3097 1557 3253 1620 εἴπω,
3283 1558 3430 1620 ὅπως
3459 1559 3517 1610 ὲν
3535 1556 3612 1626 τῷ
3632 1555 3812 1626 θρόνῳ

601 1639 740 1695 fecta
777 1651 922 1708 sunt,
951 1646 1227 1714 quomodo
1261 1660 1362 1716 ego
1398 1647 1577 1716 imago
1601 1647 1694 1702 Dei
1756 1665 1895 1713 sum,
1923 1660 1979 1705 et
2033 1665 2150 1705 cum

2262 1648 2354 1700 τοῦ
2381 1648 2513 1700 Θεοῦ
2541 1647 2636 1718 τὴν
2657 1647 2824 1717 πηλὸν
2847 1649 3138 1716 ἀνενέγκας
3160 1649 3493 1720 ὲνθρονιάσῃ.

601 1731 716 1786 luto
779 1735 1137 1790 commisceor
1199 1747 1254 1791 et
1315 1735 1650 1792 fermenlor?
1709 1742 2157 1810 quemadmodum
2196 1739 2481 1809 Gregorius
2545 1740 2636 1794 ille
2703 1754 2928 1808 magnus
2967 1740 3116 1794 dicit.
3145 1740 3200 1794 Si
3237 1749 3414 1793 autem
3463 1738 3708 1808 quaedam
3737 1753 3809 1793 ex

599 1828 801 1882 creatis
835 1827 994 1882 rebus
1021 1828 1176 1884 aliter
1197 1845 1357 1898 quam
1385 1840 1578 1886 natura
1607 1834 1843 1901 ipsarum
1871 1833 1995 1898 fert,
2033 1833 2236 1888 alii-cla:
2271 1843 2414 1897 sunt,
2448 1834 2704 1889 omnibus
2731 1833 2908 1887 modis
2959 1833 3026 1887 ad
3053 1843 3292 1902 cognata:
3317 1847 3429 1887 suae
3450 1841 3655 1885 natura:
3691 1842 3812 1885 sta-1

600 1930 714 1974 tum
756 1920 931 1974 redire
967 1921 1339 1978 contendunt?
1365 1921 1523 1980 Omni
1547 1940 1674 1996 ergo
1705 1936 1818 1982 arte
1865 1937 1921 1982 et
1949 1927 2002 1982 vi
2065 1937 2264 1994 utatur,
2307 1935 2363 1981 ut
2424 1927 2498 1981 ita
2566 1928 2776 1996 loquar,
2836 1941 2944 1997 quo
2975 1927 3150 1982 lutum
3202 1926 3305 1981 hoc
3351 1926 3552 1980 elatum
3614 1940 3670 1978 in
3710 1918 3811 1978 Dei

602 2013 798 2068 throno
841 2013 1086 2069 collocet.

560 2147 579 2165 "
667 2145 836 2200 Nemo
861 2161 992 2216 ergo
1018 2162 1076 2201 se
1117 2147 1185 2201 ab
1210 2163 1436 2204 ascensu
1461 2159 1705 2218 excuset,
1763 2152 1848 2207 via
1901 2153 2048 2208 enim
2101 2163 2150 2209 et

2266 2125 2269 2128 Ι
2321 2149 2527 2202 Οὐκοῦν
2556 2151 2738 2220 μηδεὶς
2772 2150 2907 2219 πρὸς
2931 2150 3029 2220 τὴν
3061 2150 3322 2204 ἀνάϐασιν
3349 2149 3767 2220 προφασιζέσθω
3789 2166 3805 2178 ⁶

597 2236 762 2305 janua
790 2245 989 2305 patent,
1029 2238 1403 2307 religiosorum
1441 2242 1664 2295 Patrum
1699 2243 1821 2298 vitae
1846 2253 1900 2299 et
1926 2246 2150 2300 virtutes

2252 2240 2295 2308 ἦ
2313 2239 2418 2307 γὰρ
2450 2240 2564 2301 ὁδὸς
2603 2241 2694 2293 καὶ
2722 2241 2757 2308 ἡ
2801 2239 2939 2307 θύρα
2974 2241 3240 2310 ἢνέῳκται
3278 2241 3390 2308 (10)
3427 2258 3443 2273 ο
3482 2242 3516 2310 ή
3559 2243 3657 2310 μὲν
3693 2240 3810 2293 τῶν

599 2326 797 2379 auditae
822 2342 912 2380 seu
954 2327 1190 2382 recitata:
1215 2339 1268 2384 et
1316 2330 1469 2384 lecta:
1522 2341 1752 2385 mentem
1815 2341 1866 2388 et
1919 2331 2150 2388 animam

2252 2329 2684 2400 κατορθωμάτων
2716 2329 2821 2382 τῶν
2860 2330 3235 2399 πνευματικῶν
3265 2331 3513 2400 πατέρων
3539 2333 3808 2403 ἀκρόασις

601 2427 840 2471 nostram
871 2417 936 2470 ad
970 2418 1214 2474 imitandi
1269 2421 1507 2475 studium
1569 2424 1826 2478 excitant.
1885 2423 2150 2479 Doctrina:

2251 2419 2342 2470 τὸν
2394 2420 2518 2474 νοῦν
2553 2421 2644 2474 καὶ
2685 2420 2779 2490 τὴν
2812 2419 2986 2490 ψυχὴν
3027 2421 3161 2490 πρὸς
3199 2421 3356 2490 ζῆλον
3397 2421 3761 2486 διυπνίζουσιν
3788 2440 3808 2456 ο

597 2522 728 2563 vero
764 2509 989 2574 auditio,
1024 2518 1107 2565 est
1134 2511 1354 2565 lucerna
1391 2528 1510 2581 qua:
1536 2515 1784 2568 tenebras
1809 2516 1979 2583 pellit,
2004 2532 2154 2585 qua:-

597 2613 704 2666 que
727 2609 972 2652 errantes
1003 2598 1055 2650 iu
1123 2600 1264 2652 viam
1317 2601 1545 2664 reducit,
1635 2603 1976 2658 czecutientes
2026 2603 2150 2658 illu-

596 2699 752 2742 strat.
783 2689 1056 2744 Discretus
1085 2699 1168 2745 est
1207 2699 1454 2759 repertor
1521 2693 1788 2758 sanitatis,
1821 2697 1991 2749 morbi
2053 2695 2150 2748 tle--

595 2781 803 2849 pulsor.
851 2779 996 2834 Duas
1034 2782 1105 2835 ob
1135 2798 1347 2845 causas,
1393 2783 1484 2851 qui
1532 2784 1752 2837 minima
1789 2802 2015 2855 quaeque
2048 2787 2136 2840 ad-

597 2870 883 2935 mirantur,
940 2872 1044 2926 hoc
1085 2874 1287 2941 perpeti
1334 2874 1530 2938 solent,
1574 2884 1663 2928 aut
1718 2885 1940 2945 propter
1996 2893 2150 2930 sunt-

598 2973 743 3012 mam
795 2959 1066 3013 inscitiam
1135 2946 1312 3014 studio
1381 2962 1698 3016 humilitatis
1734 2974 1864 3035 Quo
1919 2966 2147 3019 aliorum

595 3049 822 3104 virtutes
865 3049 1144 3119 magniﬁce
1182 3051 1476 3119 praedicant
1497 3061 1550 3106 et
1569 3053 1850 3108 extollunt.
1882 3053 2033 3110 Totis
2072 3057 2151 3109 vi-

594 3141 749 3195 ribus
792 3154 1054 3195 conemur
1086 3155 1192 3194 non
1222 3141 1395 3196 solum
1430 3142 1615 3196 luctari
1649 3159 1772 3198 cum
1821 3145 1994 3209 hoste,
2055 3146 2148 3200 sed

593 3247 659 3285 ex
703 3231 944 3301 professo
982 3231 1181 3285 bellum
1231 3248 1416 3302 gerere
1443 3250 1564 3288 cum
1598 3235 1951 3290 daemonibus.
2011 3234 2144 3289 Nam

592 3323 704 3386 ille,
761 3321 852 3390 qui
893 3322 1127 3375 luctatur
1191 3322 1472 3388 duntaxat,
1539 3340 1682 3379 nunc
1753 3324 1874 3378 ferit
1912 3326 2144 3390 hostem,

592 3427 739 3464 nunc
785 3411 974 3464 lcritur
1023 3411 1093 3466 ab
1142 3411 1297 3466 hoste
1343 3413 1434 3481 qui
1491 3429 1617 3467 vero
1668 3413 1862 3467 bellum
1917 3425 2140 3483 gerunt,
2170 3443 2214 3506 ε

595 3517 801 3569 semper
834 3502 1043 3556 hostem
1083 3513 1497 3570 persequuntur.
1528 3502 1631 3568 Qui
1682 3505 1848 3557 vincit
1919 3505 2145 3560 vitiosos

595 3592 842 3658 allectus,
881 3593 1128 3646 vulnerat
1188 3593 1480 3658 daemones,
1506 3595 1632 3647 dum
1676 3595 1766 3648 ille
1819 3596 2032 3663 quidem
2087 3613 2146 3652 se

531 3740 533 3743 ,
593 3683 773 3754 pravis
797 3682 1179 3751 cupiditatibus
1199 3682 1445 3736 laborare
1484 3684 1723 3748 simulat,
1754 3685 1914 3755 375
1937 3703 2027 3756 per
2044 3689 2147 3745 hoc

596 3776 802 3828 hostem
840 3772 995 3835 fallit,
1045 3783 1098 3828 et
1134 3774 1248 3843 ipse
1270 3773 1484 3829 interim
1541 3775 1967 3846 inexpugnabilis
2026 3794 2146 3848 per-

593 3868 752 3922 sistit.
784 3866 1022 3921 All‘ectus
1059 3867 1332 3935 quidame
1397 3867 1654 3922 fratribus
1721 3869 2033 3937 ignominia,
2093 3881 2148 3926 et

595 3961 726 4014 nihil
749 3960 962 4028 penitus
999 3959 1180 4012 animo
1235 3960 1602 4028 perturbatus,
1654 3970 2010 4030 precatusque
2059 3977 2146 4016 sc-

591 4067 715 4104 cum
748 4061 943 4116 mente,
974 4050 1098 4104 dein
1137 4051 1255 4105 ficte
1292 4051 1370 4106 sic
1397 4051 1467 4106 ob
1502 4052 1769 4121 irroxatas
1821 4052 2147 4123 ignominias

593 4143 871 4197 lamentari
906 4144 1094 4216 erepit,
1120 4152 1281 4212 atque
1327 4143 1373 4198 si
1411 4142 1602 4198 fuisset
1626 4146 1777 4198 valde
1805 4155 2004 4211 motus,
2034 4162 2144 4217 quo

596 4241 751 4299 pacto
775 4247 930 4308 suam
984 4234 1154 4288 animi
1195 4233 1638 4303 tranquillitatem
1681 4236 1748 4289 ab
1790 4237 1940 4290 omni
2013 4252 2139 4306 per-

599 4322 905 4376 turbatione
980 4323 1226 4389 liberam,
1299 4338 1394 4393 per
1417 4322 1595 4377 fictam
1681 4325 2142 4393 perturbationem

595 4411 903 4465 occultavit.
949 4412 1101 4466 Alius
1131 4412 1360 4466 fratrum
1390 4427 1421 4466 a
1473 4412 1644 4482 prima
1675 4412 1930 4467 cathedra
1982 4430 2144 4482 pror-

595 4519 691 4558 sus
730 4501 938 4556 alienus
968 4507 1210 4559 eamdem
1239 4515 1419 4558 tamen
1445 4519 1506 4559 se
1550 4503 1705 4557 valde
1762 4503 2013 4560 affectare
2068 4507 2144 4560 si-

598 4593 842 4648 mulavit.
868 4590 1148 4657 Quomodo
1175 4596 1275 4650 tibi
1318 4596 1463 4651 illius
1521 4596 1820 4651 castitatem
1857 4610 2144 4664 exponam.

592 4685 684 4756 qui
730 4683 890 4754 quasi
920 4692 1236 4752 peccaturus
1264 4686 1320 4739 in
1348 4688 1579 4756 lupanar
1609 4687 1792 4749 irruit,
1849 4695 1906 4741 et
1963 4688 2143 4756 lupam

2251 2512 2283 2578 ή
2305 2510 2360 2561 δὲ
2383 2509 2728 2578 διδασκαλική
2756 2509 3019 2579 ἀκρόασίς
3061 2510 3176 2560 ἐστι
3207 2509 3422 2570 σκοτίας
3451 2507 3659 2576 λύχνος,
3698 2526 3805 2562 πε-

2251 2601 2423 2670 πλανη
2433 2601 2603 2669 μένων
2627 2599 2898 2661 ἐπάνοδος,
2928 2600 3324 2668 μυωπαζόντων
3353 2599 3650 2668 φωτισμός.
3676 2602 3806 2652 Δια-

2247 2691 2488 2762 κριτικός
2521 2693 2666 2744 ἐστιν
2701 2690 2905 2756 ὑγιείας
2930 2690 3185 2758 εὑρετὴς,
3230 2690 3322 2741 καὶ
3353 2689 3506 2742 νόσου
3544 2689 3807 2758 καθαιρέ-

2245 2799 2366 2849 της.
2397 2781 2554 2834 Κατά
2583 2780 2676 2833 δύο
2706 2782 2934 2848 τρόπους
2975 2779 3172 2842 πάντες
3202 2780 3253 2831 oi
3289 2779 3569 2848 λεγόμενοι
3607 2794 3806 2848 μικρο-

2247 2871 2548 2940 Θαύμαστοι
2592 2871 2746 2922 τοῦτο
2791 2870 3016 2940 πάσχειν
3068 2869 3376 2938 πεφύκασι·
3429 2871 3463 2940 ἦ
3520 2869 3802 2936 ἀγνωσίας

2247 2961 2479 3029 ἐσχάτης
2520 2961 2708 3029 χάριν,
2745 2961 2779 3029 ἢ
2833 2960 3016 3029 σκοπῷ
3066 2960 3557 3031 ταπεινοφροσύνης
3598 2960 3667 3012 τά
3703 2958 3804 3012 τοῦ

2249 3053 2471 3122 πλησίον
2499 3051 2882 3120 μεγαλύνοντες
2907 3055 2999 3105 καὶ
3035 3052 3370 3122 ἐπαίροντες.
3415 3051 3800 3122 ’Δγωνισώμε-

2247 3141 2314 3195 Θα
2341 3143 2416 3212 μὴ
2440 3142 2597 3212 μόνον
2626 3141 2892 3204 παλαίειν,
2915 3143 3047 3196 ἀλλά
3070 3143 3320 3214 πολεμεῖν
3346 3144 3469 3205 τοὺς
3501 3144 3759 3211 δαίμονας
3782 3158 3799 3172 ο

2245 3234 2275 3284 ὁ
2316 3232 2415 3301 μὲν
2443 3232 2548 3302 γὰρ
2585 3233 2709 3284 ποτὲ
2742 3234 2837 3301 μὲν
2869 3231 3067 3301 βάλλει,
3095 3235 3224 3286 ποτὲ
3251 3234 3307 3286 δὲ
3336 3233 3606 3304 βάλλεται.
3645 3232 3711 3284 Οἱ
3735 3232 3800 3285 δὲ

2247 3334 2475 3379 πάντοτε
2508 3327 2595 3378 τὸν
2626 3325 2815 3395 ἐχθρὸν
2857 3324 3160 3382 διώκουσιν.
3201 3325 3261 3378 '0
3303 3327 3529 3394 νικήσας
3548 3325 3618 3377 τά
3648 3323 3803 3392 πάθη

2243 3416 2791 3486 τιτρώσκειδαίμονας
2805 3434 2818 3448 ο
2840 3416 2908 3469 τὰ
2925 3416 3066 3485 πάθη
3083 3417 3178 3483 μὲν
3193 3415 3610 3484 ὑποκρινόμενος
3630 3414 3801 3484 ἔχειν,

2243 3505 2331 3558 διά
2356 3506 2540 3559 τούτου
2572 3507 2627 3558 δὲ
2669 3505 2889 3558 ἀπατῶν
2927 3506 3050 3565 τοὺς
3079 3504 3303 3572 ἐχθροὺς
3335 3504 3498 3557 αὑτοῦ
3517 3545 3532 3566 ,
3574 3505 3669 3556 καὶ
3702 3505 3806 3574 μι-

2244 3614 2350 3650 νων
2374 3598 2711 3667 ἀπολέμητος
2747 3597 2806 3662 ἐξ
2833 3596 3028 3649 αὐτῶν.
3073 3593 3374 3666 Ἠτιμάσθη
3415 3600 3544 3649 ποτέ
3577 3615 3660 3660 τις
3688 3599 3802 3651 τῶν

2245 3687 2487 3754 ἀδελφῶν
2507 3687 2640 3756 (ll),
2687 3686 2778 3738 καὶ
2837 3685 2956 3754 μηδ’
2996 3685 3132 3747 ὅλως
3175 3684 3415 3753 κινηθεὶς
3459 3687 3524 3757 τῇ
3578 3687 3798 3758 καρδίᾳ,

2247 3774 2387 3826 κατὰ
2426 3775 2547 3826 νοῦν
2581 3773 3010 3844 προσευξάμενος
3041 3788 3053 3803 ’
3089 3769 3189 3828 εἴθ’
3223 3773 3395 3838 οὕτως
3434 3774 3800 3846 ἀποδύρεσθαι

2246 3866 2339 3917 ἐπὶ
2373 3867 2490 3928 ταῖς
2517 3866 2760 3935 ἀτιμίαις
2790 3867 2988 3936 ἡρξατο
3008 3867 3073 3919 δι’
3102 3865 3436 3921 ἐπιπλάστου
3461 3867 3667 3930 πάθους
3695 3866 3797 3939 τὴν

2245 3958 2435 4011 ἑαυτοῦ
2465 3959 2726 4012 ἀπάθειαν
2761 3959 3244 4030 ἀποκρυψάμενος.
3265 3959 3489 4031 Ἕτερος
3517 3961 3627 4012 τῶν
3647 3959 3798 4014 ἀδελ-

2243 4049 2356 4119 φῶν
2389 4051 2465 4113 εἰς
2502 4049 2889 4122 προκαθεδρίαν
2921 4051 2996 4103 ὢν
3023 4053 3101 4112 είς
3135 4051 3280 4105 ἅπαν
3309 4052 3622 4118 ἀνόρεκτος,
3652 4050 3795 4122 ὑπὲρ

2239 4142 2440 4212 ταύτης
2461 4142 2549 4195 τὸν
2581 4143 2842 4197 πονοῦντα
2875 4143 3220 4212 ὑπεκρίνατο.
3251 4143 3375 4207 Πῶς
3398 4143 3456 4196 δέ
3485 4161 3568 4196 σοι
3600 4143 3795 4213 φράσω

2238 4231 2336 4301 τὴν
2370 4232 2577 4285 ἐκείνου
2611 4233 2828 4301 ἁγνείαν
2851 4233 2984 4302 (12),
3015 4234 3109 4288 τοῦ
3150 4235 3207 4288 ὲν
3248 4234 3482 4304 πορνείῳ
3514 4233 3593 4304 τῷ
3615 4234 3793 4287 δοκεῖν

2241 4321 2513 4390 ἁμαρτίας
2537 4322 2695 4398 ἕνεκα
2724 4324 3166 4395 εἰσπηδήσαντος,
3192 4325 3287 4396 τὴν
3325 4325 3382 4378 δὲ
3415 4325 3622 4394 πόρνην
3652 4323 3792 4393 πρὸς

2240 4415 2469 4482 ἄσκησιν
2517 4415 2950 4483 ἀνασπάσαντος;
2987 4418 3104 4472 Τίνι
3139 4418 3300 4472 πάλιν
3331 4415 3440 4469 τῶν
3490 4414 3790 4485 ἡσυχαζόν-

2240 4522 2349 4558 των
2380 4502 2573 4577 βότρυν
2601 4523 2684 4569 τις
2711 4509 3112 4579 προσκεκόμικε
3139 4507 3283 4579 πρωῒ
3307 4507 3429 4559 λίαν
3463 4521 3482 4538 ο
3512 4507 3542 4558 ὁ
3566 4506 3620 4559 δὲ
3648 4505 3791 4575 μετὰ

2239 4593 2338 4664 τὴν
2372 4595 2466 4649 τοῦ
2503 4599 2938 4669 προσαγηοχότος
2985 4599 3166 4668 ἄφιξιν
3206 4597 3356 4668 ὀξείᾳ
3391 4598 3535 4667 ὁρμῇ
3563 4613 3664 4650 τινι
3687 4597 3790 4650 ἀν-

2241 4685 2478 4755 ορέκτως
2520 4689 2705 4743 τοῦτον
2741 4690 3000 4760 βέϐρωκε,
3052 4691 3165 4751 τοῖς
3197 4688 3414 4757 δαίμοσι
3451 4688 3788 4756 γαστρίμαρ-

594 4775 720 4829 inde
781 4773 1108 4824 abstractam
1163 4772 1228 4823 ad
1291 4773 1600 4843 religiosam
1660 4776 1824 4828 vitam
1870 4775 2143 4830 traduxit?

2247 4793 2335 4844 γον
2360 4779 2546 4832 ἑαυτὸν
2584 4772 2933 4849 ὲμφανίζωη
2965 4778 3124 4840 ἄλλος
3162 4775 3323 4829 πάλιν
3354 4775 3528 4846 μικρά
3575 4775 3788 4829 ἀπολω-

592 4865 759 4921 Altcri
786 4863 997 4918 cuidam
1027 4875 1093 4914 ex
1117 4861 1372 4916 solitariis
1403 4866 1618 4931 quidam
1641 4868 1815 4936 prima
1841 4866 1962 4920 luce
1983 4881 2143 4920 uvam

2247 4865 2411 4931 λεκὼς
2438 4867 2642 4936 θαλλία,
2671 4869 2883 4922 ἃπασαν
2905 4869 3004 4928 τὴν
3033 4867 3241 4937 ἡμέραν
3272 4865 3450 4919 ἐποίει
3481 4867 3662 4919 ἑαυτὸν
3687 4866 3788 4920 ἀλ·-

593 4944 792 5023 attulit,
817 4956 935 5026 qui,
978 4961 1103 5023 post
1138 4953 1257 5023 ejus
1287 4954 1380 5022 qui
1403 4953 1612 5010 botrum
1645 4963 1898 5013 attulerat
1939 4957 2146 5013 disces-

2247 4957 2532 5028 γυνόμενον
2563 4974 2577 4989 ο
2607 4957 2775 5027 πολλὴ
2802 4959 2914 5020 τοῖς
2936 4957 3193 5018 τοιούτοις
3224 4955 3436 5026 νήψεως
3465 4955 3618 5026 χρεία
3645 4955 3785 5009 καθ-

595 5066 741 5117 sum,
788 5062 987 5118 magno
1013 5047 1216 5115 impetu
1272 5059 1431 5098 uvam
1465 5047 1622 5102 simul
1653 5049 1769 5105 sine
1811 5050 1923 5104 ullo
1983 5058 2144 5120 gustu

2247 5047 2432 5118 ἕστηκε
2461 5089 2480 5113 ,
2539 5050 2731 5120 μήπως
2823 5045 3110 5117 ἐμπαίζειν
3158 5047 3640 5120 ἐπιχειρήσαντες,
3697 5049 3788 5111 είς

594 5151 689 5195 aut
723 5140 961 5208 appetitu
1007 5144 1283 5193 momento
1314 5136 1609 5202 devoravit,
1642 5148 1703 5194 ut
1747 5143 2020 5197 daemones
2076 5140 2145 5195 ilo‘

2247 5139 2548 5212 ἑμπαιγμὺν
2568 5139 2940 5209 καταλὴξωσιν
2963 5137 3096 5208 (l3).
3136 5130 3294 5195 οὗτοι
3321 5136 3430 5206 γάρ
3467 5131 3631 5215 δντῲς
3655 5139 3787 5205 περὶ

595 5235 707 5286 Ιυηι
735 5245 834 5300 pro
856 5230 1048 5300 guloso
1077 5229 1365 5304 baberent.
1407 5228 1562 5282 Alius
1607 5244 1816 5286 rursum
1858 5248 1980 5287 cum
2021 5233 2140 5301 ραι-

2247 5223 2317 5283 ὧν
2345 5247 2429 5295 τις
2465 5231 2684 5302 ἔφησεν,
2712 5221 2821 5294 Ὣς
2855 5226 3076 5281 πλάνοι
3108 5219 3475 5298 τυγχάνουσι
3506 5227 3611 5283 καί.
3638 5227 3786 5296 Mn-

593 5321 772 5377 mulas
795 5318 1055 5386 quasdam
1084 5317 1376 5380 amisisset,
1411 5324 1526 5369 toto
1577 5315 1664 5368 die
1713 5332 1772 5372 se
1815 5318 1997 5374 dolere
2042 5318 2139 5370 fin-
2244 5322 2384 5391 θεῖς.

595 5420 693 5473 xit.
728 5415 833 5470 Sed
882 5413 1050 5466 multa
1090 5413 1174 5468 his
1215 5427 1351 5483 opus
1383 5421 1466 5467 est
1517 5412 1763 5466 cautione
1826 5425 1880 5470 et
1935 5413 2250 5477 sobrietate,
2296 5432 2384 5483 ne,
2456 5421 2581 5472 dum
2642 5415 2826 5470 ludere
2868 5421 3164 5467 daemonem
3223 5423 3510 5479 conantur,
3552 5414 3649 5486 ipsi
3675 5412 3778 5468 de-

595 5525 744 5565 mum
795 5506 1084 5561 ludibrium
1121 5488 1382 5560 daemonis
1409 5503 1557 5558 fiant.
1582 5499 1672 5558 lsti
1697 5502 1861 5594 enim‘
1892 5504 2134 5576 profecto
2169 5516 2296 5561 sunt
2358 5508 2425 5562 de
2487 5508 2683 5576 quibus
2713 5505 2932 5575 quidam
2965 5503 3098 5558 dixit
3127 5521 3142 5557 :
3187 5501 3254 5558 Ut
3302 5503 3594 5563 reductam
3619 5513 3780 5560 ctu.

594 5620 744 5658 taces
777 5603 846 5657 ⁸⁷.

569 5764 573 5767 ’
668 5776 769 5831 “'Il
797 5777 922 5834 Cor.
967 5790 1041 5844 vr,
1070 5776 1123 5832 8.
