4030 6342
176 500 311 567 1065

1095 506 1321 565 SCALA
1366 505 1743 565 I’ABADISI.
1771 528 1836 538 -
1861 504 2171 563 GR;\I)US
2229 506 2423 563 XXVI,

3289 510 3422 567 ium

240 613 307 667 Εἰ
329 632 416 678 τις
461 615 619 685 σῶμα
670 616 864 685 στῆσαι
912 614 1167 687 βούληται
1216 616 1381 684 ἁγνὸν
1404 616 1479 685 τῷ
1523 616 1733 685 Κυρίῳ,

1916 614 1972 667 Si
2014 616 2137 684 quis
2170 614 2398 669 Domino
2453 630 2650 683 corpus
2715 629 2872 667 suum
2916 626 3147 677 castum,
3202 623 3254 666 et
3323 630 3409 668 «τι

172 703 267 755 καὶ
304 704 535 771 καρδίαν
583 704 830 775 καθαρὰν
873 706 1248 771 ἐπιδείξασθαι
1284 705 1453 774 αύτῷ,
1494 706 1737 774 τηρησά-

170 807 247 844 τω
282 794 587 862 ἀοργησίαν
632 797 727 848 καὶ
776 799 1136 868 ἐγκράτειαν*
1169 798 1371 851 τούτων
1392 798 1500 868 γὰρ
1548 800 1736 869 χωρὶς.

172 880 276 941 πᾶς
329 881 498 943 κόπος
565 884 725 952 ἡμῶν
788 884 1062 955 ἀνόνητος.
1100 884 1313 955 ’Ὠσπερ
1368 886 1598 954 διάφορα
1631 884 1740 936 τῶν

172 968 467 1041 ὀφθαλμῶν
487 972 557 1026 τά
585 974 762 1043 φῶτα,
796 974 968 1039 οὓτως
1005 975 1197 1029 πολλαὶ
1239 980 1336 1029 καὶ
1367 977 1616 1045 διάφοροι
1644 977 1739 1028 τοῦ

173 1063 365 1129 νοητοῦ
391 1065 543 1135 ἡλίου
568 1068 623 1119 αί
649 1067 707 1119 ἐν
728 1067 873 1138 ψυχῇ
892 1068 1176 1138 γινόμεναι
1197 1068 1540 1130 ἐπισκιάσεις
1564 1083 1577 1095 ·
1602 1067 1739 1137 άλλη

177 1154 275 1225 μὲν
321 1156 452 1227 γὰρ,
495 1160 529 1229 ὴ
560 1158 648 1213 διὰ
673 1159 782 1213 τῶν
816 1159 1144 1229 σωματικῶν
1187 1158 1455 1230 δακρύων,
1486 1159 1578 1212 καί
1604 1158 1740 1227 άλλη

174 1246 207 1316 ἡ
235 1246 327 1300 διά
356 1247 464 1299 τῶν
493 1246 737 1316 ψυχικῶν
756 1264 771 1277 ·
798 1248 960 1319 ἐτέρα
995 1250 1029 1320 ἡ
1070 1249 1159 1302 διὰ
1199 1249 1308 1303 τῶν
1350 1247 1445 1301 τοῦ
1490 1245 1742 1316 σώματος

173 1337 489 1407 όιῖθαλμῶν,
544 1338 636 1391 καὶ
690 1338 856 1409 ἑτέρα
902 1339 991 1392 διὰ
1021 1338 1131 1391 τῶν
1175 1338 1378 1409 νοερῶν
1402 1354 1415 1367 ·
1446 1335 1579 1407 άλλη
1614 1338 1647 1405 ἡ
1674 1330 1741 1399 ἐξ

175 1427 347 1497 ἀκοῆς
390 1428 572 1496 λόγου,
630 1428 725 1480 καὶ
754 1429 921 1498 ὲτέρα
944 1430 978 1498 ἡ
1022 1428 1325 1496 ίδιαιρέτως
1358 1426 1658 1494 κινουμένη
1683 1425 1742 1477 ἐν

173 1521 237 1588 τῇ
265 1518 413 1588 ψυχῇ
446 1519 798 1586 ἀγαλὶίασις
832 1518 964 1589 άλλη
1005 1519 1039 1589 ἡ
1068 1518 1129 1582 ἐξ
1169 1517 1422 1587 ἡσυχίας.
1454 1515 1557 1568 καὶ
1577 1514 1741 1584 ἐτέρα

175 1611 209 1678 ὴ
238 1609 295 1674 ἐξ
320 1609 589 1679 ὑπακοῆς.
620 1609 763 1678 Πρὸς
792 1607 1002 1672 τούτοις
1030 1608 1195 1660 πᾶσιν
1223 1606 1355 1676 άλλη
1386 1608 1416 1675 ἡ
1447 1605 1512 1658 δι’
1543 1599 1742 1658 ἐκστάο

178 1713 309 1762 σεως
347 1699 436 1751 τὸν
460 1698 584 1750 νοῦν
615 1698 674 1751 ἐν
722 1697 868 1765 φωτὶ
904 1695 981 1766 τῷ
1013 1693 1231 1765 Χριστῷ
1276 1694 1603 1765 παριστῶσα
1638 1694 1742 1765 dp-

179 1791 355 1859 ρήτως
378 1791 471 1843 καί
523 1789 834 1857 ἀφράστως.
885 1788 1033 1839 Εἰσὶν
1065 1787 1258 1857 ἀρεταὶ
1298 1788 1392 1839 καὶ
1436 1787 1543 1838 εἰσὶ
1576 1785 1744 1855 μητέο

177 1896 267 1950 ρες
292 1880 506 1950 ἀρετῶν
543 1879 676 1948 (14).
716 1879 773 1932 Ὀ
798 1877 1041 1948 ἐχέφρων
1070 1879 1251 1930 τοίνυν
1284 1878 1376 1929 ἐπὶ
1403 1879 1470 1947 τῇ
1504 1877 1610 1929 τῶν
1644 1895 1744 1947 μη-

1847 720 2009 758 suum
2050 706 2315 759 mundum
2356 706 2551 760 sistere
2602 706 2715 758 vult
2769 714 2824 759 ct
2868 706 3088 774 cogitat,
3150 706 3419 760 custodia

1846 804 1901 850 et
1937 797 2190 851 observet
2232 797 2710 851 mansuetudinem
2765 806 2819 851 et
2871 797 3260 850 continentiam
3323 814 3417 851 seu

1846 887 2272 941 abstinentiam:
2311 890 2433 944 sine
2484 889 2568 941 his
2596 888 2737 942 enim
2792 888 2941 942 labor
2993 889 3171 942 omnis
3214 889 3419 943 inutilis

1847 987 1951 1033 est.
2004 977 2482 1043 Quemadmodum
2534 982 2812 1033 octtIOI'llltt
2872 980 3087 1033 diversa
3153 990 3274 1033 sunt
3338 980 3419 1031 lu-

1849 1068 2019 1133 mina,
2053 1070 2126 1122 ita
2167 1071 2349 1125 multae
2384 1081 2437 1124 et
2471 1071 2635 1123 varia:
2666 1078 2794 1123 sunt
2825 1070 2891 1122 ab
2915 1069 3280 1136 intelligentia:
3306 1070 3421 1122 sole

1848 1154 1903 1208 in
1937 1157 2120 1212 anima
2148 1157 2634 1212 obumbrationes:
2680 1157 2844 1227 376
2912 1158 3016 1211 alia
3069 1172 3160 1224 per
3221 1170 3417 1224 corpo-

1851 1262 1979 1302 reas
2012 1248 2320 1318 lacrymas;
2376 1249 2482 1301 alia
2523 1263 2620 1317 per
2672 1248 2958 1301 interiores
3027 1247 3256 1309 animm;
3316 1246 3422 1298 alia

1847 1353 1945 1407 per
1984 1339 2172 1392 oculos
2205 1356 2235 1393 e
2281 1353 2509 1407 corpore
2534 1338 2788 1401 emicant,
2824 1338 2926 1390 alia
2967 1352 3061 1406 per
3126 1337 3423 1405 intelligi-n-

1850 1435 1953 1488 tes,
1989 1427 2095 1479 alia
2128 1430 2188 1481 lit
2239 1442 2334 1496 per
2400 1428 2547 1482 verbi
2609 1429 2966 1489 auditionem,
3044 1428 3147 1480 alia
3219 1428 3425 1497 sigilla-

1850 1516 1945 1570 tim
1972 1526 2055 1571 est
2092 1528 2363 1571 commota
2395 1518 2449 1571 in
2480 1519 2661 1571 anima
2700 1517 3098 1571 exsultabunda
3160 1517 3424 1577 hilaritas,

1849 1607 1953 1660 alia
1991 1622 2022 1661 e
2058 1609 2275 1662 silentio
2325 1618 2380 1663 ct
2406 1610 2610 1678 quiete,
2645 1609 2752 1661 alia
2808 1623 2874 1662 ex
2924 1607 3227 1661 obedientia
3277 1607 3423 1660 exsi-

1849 1696 1961 1748 stit.
2001 1696 2176 1765 Atque
2200 1706 2393 1767 praater
2446 1700 2559 1751 lucc
2616 1698 2799 1750 omnia
2832 1698 2938 1749 alia
2994 1712 3061 1750 ex
3115 1705 3267 1764 raptu
3334 1697 3425 1763 qui

1848 1800 2083 1844 mentem
2126 1793 2178 1843 in
2212 1793 2331 1845 luce
2370 1792 2589 1845 Christo
2633 1792 2794 1844 modo
2832 1789 3089 1858 quodam
3134 1803 3331 1841 arcano
3373 1797 3429 1839 et

1850 1881 2213 1948 inexplicabili
2264 1892 2636 1950 repraesentat.
2700 1880 2841 1933 Sunt
2887 1880 3134 1942 virtutes,
3200 1889 3251 1931 ct
3302 1887 3430 1932 sunt

175 1970 349 2039 τέρων
392 1968 593 2039 μᾶλλον
635 1968 962 2036 ἀγωνίζεται
1018 1970 1248 2038 κτήσει·
1279 1968 1388 2019 τῶν
1434 1967 1535 2036 μὲν
1574 1967 1742 2036 μητέ-

1848 1970 2105 2024 virtutqu
2133 1983 2405 2040 parentes.
2454 1971 2559 2037 Qui
2605 1971 2784 2041 aliqua
2844 1970 3124 2039 prudentia
3172 1970 3427 2037 praeditus

182 2078 284 2130 ρων
310 2060 444 2123 Θεὸς
476 2059 638 2122 αὐτὸς
683 2059 743 2112 ἐν
784 2058 888 2129 ἰδία
939 2059 1190 2128 ἐνεργείᾳ
1235 2055 1556 2118 διδάσκαλος
1581 2073 1594 2087 ·
1631 2056 1739 2107 τῶν

176 2151 231 2204 δὲ
255 2150 571 2221 θυγατέρων
612 2150 871 2205 πλεῖστοι.
919 2150 1255 2221 Πρόσχωμεν
1295 2146 1492 2218 μήπως
1522 2147 1621 2216 τὴν
1642 2145 1741 2214 τῆς

177 2242 389 2312 τρυιρῆς
427 2243 632 2296 ἔνδειαν
668 2242 757 2295 διὰ
792 2241 1124 2303 πολυυπνίας
1172 2239 1580 2309 ἀναπληρῶμεν
1608 2255 1619 2268 ·
1649 2237 1744 2307 ἔρ-

180 2341 270 2393 γον
325 2328 434 2396 γάρ
485 2328 734 2400 ἀφρόνων
788 2327 978 2393 τοῦτο,
1025 2326 1212 2396 ὥσπερ
1238 2329 1332 2381 καὶ
1370 2327 1429 2379 τὸ
1481 2324 1740 2395 ἔμπαλιν.

182 2412 330 2470 Εἶδον
360 2418 594 2487 ἐργάτας
630 2420 772 2473 κατά
797 2436 918 2472 τινα
964 2417 1279 2488 περίστασιν
1324 2418 1517 2487 μικρὸν
1542 2418 1609 2485 τῇ
1641 2431 1743 2482 γα-

184 2509 299 2578 στρὶ
326 2508 800 2578 ὑποχαλάσαντας·
835 2508 1029 2561 θᾶττον
1055 2508 1111 2561 δὲ
1134 2510 1182 2561 οί
1212 2509 1449 2577 ἀνδρεῖοι
1486 2507 1573 2559 διά
1601 2524 1737 2559 πανο

183 2598 357 2667 νυχίου
407 2598 650 2661 στάσεως
686 2599 784 2669 τὴν
812 2599 1072 2653 τάλαιναν
1116 2598 1464 2663 ἐϐασάνισαν,
1516 2598 1609 2649 καὶ
1652 2598 1742 2648 τὸν

182 2689 336 2758 κόρον
362 2688 461 2741 τοῦ
493 2688 677 2741 λοιποῦ
725 2690 863 2759 μετά
888 2690 1060 2759 χαρᾶς
1103 2688 1540 2757 ἀποστρέφεσθαι
1588 2686 1744 2739 ἐπαί-

181 2782 389 2835 δευσαν.
448 2782 671 2835 Παλαίει
727 2784 825 2851 μὲν
856 2783 885 2834 ὁ
923 2784 1020 2851 τῆς
1073 2781 1438 2851 φιλαργυρίας
1486 2779 1741 2850 [δαίμων]

182 2872 342 2935 ὀξέως
372 2874 483 2934 τοίς
510 2873 810 2941 ἀκτήμοσιν
831 2888 845 2901 ·
878 2872 1006 2924 ὅταν
1035 2871 1090 2923 δὲ
1126 2871 1201 2940 μὴ
1231 2870 1443 2939 ἰσχύσῃ,
1476 2871 1594 2921 τότε
1631 2871 1742 2923 λοιο

184 2964 280 3015 πον
310 2965 435 3025 τοὺς
464 2964 706 3033 πτωχοὺς
739 2963 817 3025 είς
848 2963 1100 3033 ἀφορμὴν
1132 2961 1587 3032 προϐαλλόμενος,
1626 2962 1740 3013 ὑλι-

108 3046 113 3051 ’
184 3052 307 3115 κους
358 3052 520 3107 πάλιν
565 3053 692 3117 τοὺς
735 3054 933 3116 ἀΰλους
972 3054 1227 3107 ἀνέπεισε
1260 3052 1537 3121 γενέσθαι.
1584 3052 1741 3104 Ἀου-

187 3134 406 3215 μοῦντες
438 3144 555 3214 μὲν,
584 3144 684 3214 τῆς
713 3144 850 3215 πρὸς
879 3145 969 3197 τὸν
1001 3144 1207 3214 Πέτρον
1250 3143 1472 3213 ἐντολῆς
1502 3141 1594 3194 τοῦ
1630 3146 1742 3196 Κυ-

162 3217 300 3305 ⁵ρίου
346 3234 652 3297 ἐννοοῦντες
690 3235 763 3305 μὴ
801 3233 1160 3303 παυσώμεθα,
1192 3232 1287 3285 τοῦ
1315 3236 1619 3300 συγχωρεῖν
1646 3232 1739 3283 ἑϐ-

184 3325 572 3395 δομηκοντάκις
595 3325 734 3377 ἑπτά
756 3324 833 3393 τῷ
875 3323 1265 3393 ἁμαρτάνοντι.
1296 3324 1391 3383 Ὃς
1434 3323 1540 3390 γὰρ
1574 3322 1743 3392 ἑτέρῳ

182 3417 501 3484 ἐνετείλατο,
528 3418 741 3478 πάντως
763 3415 857 3468 καὶ
875 3414 1037 3477 αὐτὸς
1056 3412 1233 3482 πο).λῴ
1257 3412 1416 3464 πλέον
1441 3413 1738 3482 ποιήσειεν.

196 3508 572 3579 Ἑπαιρόμενοι
599 3507 675 3573 δὲ,
702 3507 763 3559 τὸ
790 3504 1014 3576 σύμπαν
1048 3503 1142 3556 τοῦ
1174 3504 1457 3573 είρηκότος
1492 3504 1566 3574 μὴ
1603 3521 1743 3556 παυ-

188 3600 406 3670 σῶμεοα
430 3600 789 3670 ἐννοούμενοι.
824 3598 1013 3660 Ὅστις
1035 3592 1243 3647 τελέσει
1267 3598 1444 3648 πάντα
1466 3596 1556 3648 τὸν
1580 3613 1743 3649 πνευ-

188 3694 409 3763 ματικὸν
458 3692 638 3761 νόμον,
674 3692 892 3744 πταίσει
918 3690 974 3743 δὲ
1004 3691 1061 3741 ἐν
1104 3690 1183 3741 ἐνὶ
1218 3688 1400 3754 πάθει,
1434 3689 1578 3741 τοῦτ’
1608 3691 1744 3756 ἐστι,

188 3786 244 3836 ὲν
271 3784 704 3855 ὑψηλοφροσύνῃ,
730 3784 922 3852 γέγονε
948 3783 1165 3836 πάντων
1209 3781 1413 3850 ἔνοχος.
1462 3780 1580 3833 Εισί
1603 3797 1744 3844 τινες

189 3874 565 3943 πνευματικῶν
606 3874 857 3943 πονηρῶν
907 3874 1001 3926 καὶ
1040 3872 1321 3941 φθονερῶν
1385 3871 1748 3933 καταστάσεις

188 3965 447 4027 ἑκουσίως
474 3966 583 4017 τῶν
613 3966 783 4032 ἁγίων
832 3963 1232 4037 ὑποχωροῦσαι,
1275 3963 1360 4013 ἵνα
1398 3962 1471 4032 μὴ
1512 3962 1605 4014 ἐπὶ
1635 3966 1745 4024 τοῖς

186 4056 458 4126 ἀνικήτοις
511 4055 766 4123 πολέμοις
814 4052 1065 4122 πρόξενοι
1113 4053 1393 4120 στεφάνων
1423 4056 1533 4115 τοῖς
1560 4052 1747 4121 ὀχλου-

192 4145 365 4216 μένοις
387 4146 671 4213 γένωνται.
706 4142 984 4212 Μακάριοι
1028 4142 1125 4211 μὲν
1146 4144 1193 4193 οἱ
1223 4144 1554 4212 εἰρηνοποιοί
1604 4142 1739 4212 (15),

190 4236 281 4289 καὶ
300 4236 472 4297 οὐδεὶς
504 4236 529 4287 ό
551 4233 866 4300 ἀντιλέγων.
906 4231 1048 4299 Ἐγὼ
1080 4232 1137 4286 δὲ
1188 4230 1407 4300 ἑώρακα
1440 4233 1528 4284 καὶ
1554 4232 1748 4301 ἐχθρο-

189 4331 367 4392 ποιοὺς
397 4327 696 4399 μακαρίους
722 4344 734 4357 ·
766 4326 859 4378 δύο
897 4326 1040 4388 τινὲς
1081 4325 1215 4395 πρὸς
1258 4324 1520 4394 ἀλλήλους
1566 4325 1749 4393 σχέσιν

189 4422 445 4492 πορνικὴν
505 4420 831 4486 ἐκέκτηντοο
879 4418 987 4469 τῶν
1034 4417 1092 4469 δὲ
1144 4418 1610 4483 γνωστικωτάτων
1665 4433 1749 4480 τις

188 4511 321 4579 ἀνὴρ
345 4507 726 4579 δοκιμώτατος,
754 4506 1000 4567 διάκονος
1032 4504 1166 4575 πρὸς
1205 4505 1501 4573 ἑκατέρους
1557 4506 1749 4576 μίσους

1769 3291 1817 3348 C,

1843 2073 1927 2115 est
1967 2062 2139 2131 magis
2178 2062 2407 2126 laborat,
2449 2072 2508 2115 ut
2538 2061 2683 2130 ipsas
2737 2060 2997 2111 virtutum
3037 2058 3426 2126 procreatriccs

1843 2150 1945 2205 sibi
1974 2161 2273 2221 comparet.
2320 2153 2524 2205 Ilarum
2563 2148 2846 2221 [matrum]
2881 2149 3022 2202 enim
3068 2149 3325 2216 magister
3374 2158 3427 2198 et

1843 2245 2035 2299 doctor
2065 2260 2157 2314 per
2188 2245 2525 2314 singularem
2553 2241 2848 2311 quamdam
2900 2244 3005 2292 vim
3046 2250 3100 2293 et
3150 2238 3425 2306 eucrgiam

1846 2335 1961 2403 ipse
2004 2333 2146 2389 Deus
2169 2346 2292 2389 est:
2334 2336 2591 2387 virtutum
2666 2330 2948 2402 [liliarum]
3008 2346 3135 2383 vero
3186 2330 3422 2397 plurimi.

1843 2425 2148 2481 Careamus
2220 2443 2287 2480 ue
2334 2426 2653 2478 deliciarum
2692 2425 2930 2492 inopiam
3007 2423 3175 2474 inulto
3232 2436 3424 2472 somno

1844 2531 2283 2585 compensemus,
2328 2518 2427 2568 hoc
2462 2516 2609 2568 enim
2662 2515 2950 2568 stultorum
3014 2528 3149 2579 opus
3206 2524 3307 2571 cst,
3366 2525 3424 2563 ιιι

1844 2608 2177 2663 contrarium
2210 2609 2541 2675 sapientum.
2583 2605 2700 2657 Vidi
2763 2604 3027 2672 quosdam
3064 2601 3261 2655 Christi
3321 2618 3421 2669 pu-

1845 2698 1998 2767 giles,
2032 2698 2124 2765 qui
2170 2707 2376 2750 certam
2412 2696 2482 2749 ob
2520 2710 2742 2749 causam
2788 2692 3034 2745 nonnihil
3098 2692 3423 2759 quamloquo

1845 2789 2017 2842 ventri
2054 2788 2418 2849 indulserunt,
2469 2787 2562 2855 qui
2596 2795 2774 2838 tamen
2817 2800 2943 2837 mox
3009 2798 3129 2836 \cre
3179 2784 3424 2850 generosi

1844 2895 1941 2949 per
1974 2880 2140 2933 totius
2196 2880 2371 2933 noctis
2398 2879 2615 2947 vigilem
2673 2879 2959 2929 stationem
3010 2875 3265 2927 tuiscrnm
3300 2889 3424 2926 ven-

1846 2982 1980 3026 trem
2014 2974 2085 3040 ita
2146 2978 2442 3034 torserunt,
2500 2978 2558 3022 ut
2632 2968 2887 3035 deinCcps
2932 2982 3055 3021 cum
3109 2964 3308 3033 gaudio
3361 2965 3428 3015 ah
3500 2984 3504 2987 ·

1843 3063 1990 3115 omni
2021 3043 2307 3116 saturitate
2342 3062 2677 3115 abstinerent
2709 3069 2761 3111 et
2788 3059 3165 3111 abhorrerent.
3192 3054 3426 3123 Spiritus

1844 3155 2084 3207 avaritia“:
2107 3155 2304 3217 acriter
2330 3154 2567 3206 luctatur
2597 3168 2719 3204 eum
2746 3152 2811 3204 iis
2842 3154 2933 3217 qui
2964 3150 3092 3201 nihil
3125 3149 3422 3215 possident.

1845 3253 1897 3296 ct
1946 3244 2123 3297 victus
2186 3243 2561 3296 meudicorum
2611 3252 2810 3293 statum
2846 3242 2897 3293 in
2936 3231 3291 3293 occasionem
3318 3249 3423 3292 tra-

1849 3334 1949 3397 hit,
2006 3347 2339 3401 rursumque
2362 3348 2456 3385 eos
2489 3332 2603 3400 qui,
2635 3342 2790 3384 antea
2840 3334 2906 3383 ab
2961 3329 3215 3382 omnibus
3265 3331 3427 3383 rebus

1848 3424 2078 3477 terrenis
2146 3423 2308 3477 alieni
2367 3431 2526 3476 erant
2552 3423 2711 3475 rebus
2738 3422 3051 3475 mortalibus
3080 3431 3131 3473 ct
3154 3422 3427 3488 corporeis

1848 3514 2108 3583 implicat.
2135 3514 2545 3584 Desperabundi
2581 3514 2645 3566 ad
2672 3512 2883 3566 Domini
2920 3524 3243 3581 pra-ceptum
3270 3510 3427 3564 Petro

1848 3606 2034 3659 (latum
2062 3607 2331 3675 respicere
2364 3622 2469 3658 non
2495 3604 2834 3665 desinamus,
2862 3614 2915 3655 nt
2942 3606 3181 3671 peceanti
3212 3612 3428 3669 St'pllltt-

1851 3697 1964 3765 gies
1986 3697 2183 3764 septies
2207 3696 2512 3765 ignosceret
2533 3696 2599 3747 ⁸⁸.
2626 3692 2728 3758 Qui
2754 3694 2893 3746 enim
2924 3695 3024 3745 hoc
3052 3694 3203 3744 alteri
3234 3709 3425 3758 Ιιι’.υ(ἰῒ-

1852 3786 1949 3853 pit,
1988 3785 2106 3838 sine
2145 3785 2484 3838 dubitatione
2530 3784 2704 3836 multo
2756 3783 2953 3849 smpins
3012 3782 3125 3848 ipse
3202 3781 3325 3831 fecit
3374 3784 3437 3831 et

1852 3876 2077 3943 ignovit.
2113 3876 2215 3939 Qui
2272 3890 2396 3927 vero
2442 3890 2537 3942 per
2568 3873 2876 3940 superbiam
2919 3871 3213 3932 elferimur,
3284 3887 3425 3922 nuu-

1850 3979 2013 4030 quatn
2050 3964 2441 4016 obliviscamur
2484 3962 2669 4013 animo
2703 3961 2981 4013 revolvere
3009 3961 3212 4012 dictum
3247 3962 3420 4013 illius:

1848 4051 2011 4120 3'77
2051 4051 2154 4115 Qui
2192 4053 2360 4119 legem
2400 4061 2566 4103 totam
2608 4050 2939 4117 spiritualcm
2966 4050 3309 4117 impleverit»
3351 4052 3425 4102 ol-

1852 4142 2083 4193 l'enderit
2112 4148 2291 4192 autem
2326 4141 2517 4193 inuno
2560 4141 2713 4203 vitio,
2759 4141 2862 4193 hoe
2910 4149 3017 4202 est,
3062 4141 3114 4193 in
3173 4142 3425 4209 superbia

1850 4232 2027 4285 factus
2056 4242 2139 4285 est
2164 4231 2406 4283 omnium
2442 4247 2567 4285 reus
2602 4232 2668 4283 εδ.
2708 4229 2849 4284 Sunt
2911 4232 3156 4299 qumdam
3226 4234 3425 4301 impro-

1851 4324 2043 4376 horutn
2067 4330 2119 4376 et
2156 4323 2467 4375 invidorum
2495 4322 2803 4376 dmmonum
2860 4334 3060 4383 sortes,
3090 4340 3209 4391 qum
3264 4340 3423 4393 spon-

1853 4426 1904 4468 te
1951 4431 2009 4469 se
2072 4416 2141 4469 ab
2194 4417 2399 4469 sanctis
2481 4415 2813 4477 subducunt,
2882 4432 2947 4469 ne
3012 4417 3305 4469 victoribus
3359 4434 3423 4467 ex

1856 4506 1996 4559 bello
2037 4520 2198 4559 causa
2229 4506 2496 4574 majorum
2532 4506 2877 4574 prtetniorum
2939 4515 3157 4573 propter
3213 4507 3423 4558 CXllilll-

189 4602 420 4670 ἐγένετο,
466 4599 659 4668 ἐκείνῳ
709 4599 827 4669 μὲν,
868 4595 1057 4649 τοῦτον
1112 4596 1412 4671 διαϐάλλων
1454 4597 1530 4659 ὠς
1586 4598 1743 4651 λοιδο-

1855 4604 1938 4651 tas
1980 4596 2256 4650 molestias
2287 4606 2364 4649 -et
2393 4596 2834 4665 perturbationes
2882 4595 3033 4648 liant.
3100 4595 3246 4648 Beati
3299 4599 3423 4665 qui-

192 4692 382 4763 ροῦντα
409 4691 573 4746 αὐτόν
594 4708 607 4723 ο
640 4689 813 4759 τούτῳ
849 4688 905 4740 δὲ
943 4686 1105 4743 πάλιν
1134 4688 1344 4740 ἐκεῖνον
1376 4688 1580 4755 ὁμοίως
1611 4706 1623 4719 ⁸
1655 4690 1748 4742 καὶ

188 4784 420 4854 ἠδυνήθη
453 4786 482 4837 ὁ
508 4782 667 4850 σοφὸς
720 4779 989 4849 δαιμόνων
1049 4777 1248 4830 κακίαν
1292 4776 1605 4848 ἀνθρωπίνῃ
1640 4796 1747 4833 πα-

189 4878 407 4947 νουργία
432 4872 880 4945 διακρούσασθαι,
908 4871 1002 4925 καὶ
1052 4872 1210 4939 μῖσος
1248 4867 1588 4938 ἐργάσασθαι
1618 4888 1749 4939 πορο

190 4968 330 5021 νείαν
354 4969 475 5023 λῦον
504 4968 636 5039 (lii).
672 4967 860 5019 Ἔστιν
897 4964 925 5016 ό
957 4964 1044 5016 δια
1094 4960 1333 5029 ἐντολὴν,
1380 4959 1599 5029 ἐντολὴν
1648 4979 1751 5014 πα-

194 5059 605 5128 ρακρουόμενος.
665 5052 817 5108 Εἶδον
882 5054 988 5124 γὰρ
1028 5051 1170 5105 κατά
1188 5050 1319 5103 Θεὸν
1350 5049 1499 5111 νέους
1528 5050 1747 5113 ἑαυτοῖς

192 5154 609 5222 προσκειμένους
634 5168 649 5184 ο
678 5150 772 5203 καὶ
810 5150 991 5220 μέντοι
1020 5146 1111 5200 διὰ
1155 5146 1255 5215 τὴν
1293 5144 1496 5213 ἐτέρων
1543 5142 1748 5214 βλάϐην

191 5240 278 5295 καὶ
330 5242 649 5312 συνείδησιν,
705 5239 965 5309 ἀλλήλους
1024 5234 1559 5306 πληροφορήσαντες,
1612 5234 1747 5301 πρὸς

194 5338 377 5405 χρόνον
405 5338 739 5408 ἐμάκρυναν.
797 5335 885 5397 Ὠς
930 5332 1149 5387 ἐναντία
1186 5330 1360 5398 γάμος
1398 5327 1491 5379 καὶ
1528 5326 1749 5393 ἐξόδιον,

191 5427 359 5487 οὕτως
395 5428 701 5496 ἀσύμφωνα
733 5424 1080 5497 ὑπερηφανία
1128 5422 1223 5476 καὶ
1260 5420 1587 5486 ἀπόγνωσις.
1639 5420 1750 5473 Καὶ

152 5516 335 5567 ⁶ἑοῖ-ιν
379 5515 437 5580 ἐξ
482 5518 892 5579 ἀκαταστασίας
944 5516 1235 5585 δαιμόνων,
1282 5512 1565 5582 ἀμφότερα
1617 5514 1748 5581 ὁμο-

198 5606 425 5677 θυμαδὸν
455 5607 767 5663 θεάσασθαι.
797 5610 915 5661 Είσί
962 5626 1106 5671 τινες
1140 5608 1248 5659 τῶν
1291 5605 1611 5674 ἀκαθάρτων
1634 5603 1747 5657 δαι-

203 5697 371 5765 μόνων
411 5696 507 5766 -ιὴν
546 5697 654 5751 τῶν
694 5696 854 5751 θείων
881 5698 1112 5767 Γραφῶν
1162 5695 1453 5771 ἑρμηνείαν
1477 5696 1535 5747 ὲν
1564 5711 1748 5764 προοι-

266 5865 312 5899 ⁸⁸
342 5865 526 5920 Matth.
566 5882 717 5932 xvm,
741 5868 832 5930 2i,
860 5870 949 5924 22.
1025 5873 1069 5905 "
1100 5870 1213 5927 Jac.
1246 5889 1309 5938 ιι,
1339 5874 1425 5929 10.

465 5960 729 6023 Ριιτιιοιι.
780 5965 895 6025 Gn.
930 5967 1289 6027 LXXXVIII.

1854 4690 1976 4743 dem
2003 4688 2213 4757 paciﬁci
2238 4688 2305 4753 ⁷ο,
2345 4702 2443 4740 nec
2490 4695 2574 4739 est
2622 4686 2714 4753 qui
2744 4686 2953 4739 inlicias
2982 4697 3068 4740 cat
3103 4706 3113 4739 :
3177 4690 3265 4742 sed
3324 4704 3425 4756 ego

1834 4772 1960 4842 ι’νίόί
1989 4780 2151 4829 etiam
2186 4778 2371 4829 beatos
2411 4774 2501 4842 qui
2556 4774 2867 4830 inimicitias
2918 4778 3265 4830 concinnant.
3310 4777 3421 4827 [luo

1853 4867 2072 4936 quidam
2111 4866 2325 4933 impuro
2384 4879 2571 4917 amore
2617 4875 2669 4919 et
2716 4866 2909 4921 alTeetu
2966 4870 3103 4921 inter
3158 4888 3215 4923 se
3268 4868 3419 4919 colli-

1853 4962 1961 5030 gati
1997 4968 2171 5021 erant,
2212 4972 2351 5025 quos
2384 4972 2413 5010 e
2444 4955 2837 5014 laudatissi‘mis
2881 4962 3122 5029 patribus
3185 4960 3410 5027 pt'udeu‘

1852 5054 2093 5107 tissimus
2139 5061 2192 5104 et
2223 5051 2637 5119 prohatiSsitnus
2683 5055 2923 5123 quidatn,
2964 5056 3087 5107 odio
3145 5054 3279 5105 inter
3342 5053 3421 5121 ip-

1855 5160 1946 5199 sos
1987 5142 2217 5197 conﬂato
2250 5143 2585 5208 dissociavit,
2620 5147 2801 5200 delato
2858 5149 2958 5200 hoc
3006 5145 3071 5197 ad
3136 5145 3309 5211 illum,
3370 5157 3423 5197 et

1853 5238 1945 5290 illo
1975 5237 2232 5299 adhunc,
2268 5238 2413 5305 quod
2467 5238 2599 5293 alter
2628 5241 2780 5294 alteri
2850 5248 2991 5291 esset
3062 5239 3419 5301 conviciatus,

1856 5340 2018 5396 atquc
2053 5328 2122 5380 ita
2159 5329 2239 5380 vir
2277 5330 2492 5398 sapiens
2522 5333 2827 5386 daemonum
2862 5330 3124 5382 malitiam
3182 5331 3418 5383 humana

1853 5421 2052 5474 astutia
2088 5420 2311 5488 depulit,
2367 5431 2420 5475 et
2452 5438 2545 5491 per
2585 5424 2768 5476 odium
2828 5423 3136 5490 improbum
3177 5439 3417 5476 amorem

1853 5510 2116 5565 dissolvit.
2161 5510 2255 5565 Est
2285 5514 2377 5581 qui
2408 5524 2728 5584 prreeeptum
2760 5514 3005 5582 praecepti
3036 5530 3199 5567 causa
3237 5514 3419 5565 violat.

1852 5600 2044 5655 Notavi
2075 5603 2219 5656 enim
2266 5606 2530 5674 quosdam
2558 5606 2785 5675 juvenes
2855 5608 2947 5675 qui
3016 5616 3165 5659 casto
3233 5617 3419 5655 amore

1853 5700 2045 5745 mutuo
2078 5695 2349 5760 prosecuti
2388 5705 2533 5761 sunt,
2568 5694 2661 5751 sed
2694 5711 2759 5751 ne
2792 5697 2926 5752 alios
2958 5694 3417 5756 oﬂ‘enderent,aut

1500 5872 1546 5904 το
1572 5869 1763 5925 Matth.
1791 5883 1843 5936 v,
1875 5872 1925 5925 9.

3034 5964 3106 6022 34
