4030 6342
215 352 349 416 1θ⁹ξ3

1152 347 1394 406 'SC.\l..-\
1427 342 1906 405 PARADISI.'—
1928 344 2234 405 GRADUS
2268 347 2469 405 XXVI.
2510 370 2518 377 ·

3301 349 3434 410 Ῑυῖὶ

210 467 533 535 ζητήσωμεν
560 479 575 495 ·
629 465 827 535 μήπως
862 461 1175 533 εὑρεθῶμεν
1219 460 1479 521 ἐναντίως
1523 459 1592 512 τὰ
1643 457 1773 509 ἰστίο

1889 457 2029 511 diem
2069 458 2301 512 tristitia:
2341 460 2504 512 telum
2546 460 2778 528 aret-pit,
2816 469 2869 513 et
2905 474 3012 514 non
3053 460 3229 530 potius
3259 464 3450 530 gaudii:

210 554 566 616 ἐκτείνοντες·
608 553 915 624 παρακάλει
963 553 1019 617 ἐξ
1068 550 1287 620 ἀγάπης
1334 550 1594 619 γέροντας
1642 565 1775 619 πρα-

216 645 436 707 κτικοὺς
458 644 657 707 οἵτινες
687 643 1021 712 κατέτριψαν
1042 642 1109 694 τά
1138 641 1360 710 σώματα
1384 640 1563 694 αὑτῶν
1596 640 1653 692 ἐν
1680 640 1779 692 ὰσ-

210 735 366 803 κὴσει
391 734 529 803 (ίὶὸ),
586 734 789 803 μικράν
834 735 1136 788 ἀνάπαυσιν
1166 724 1345 794 αὐτοῖς
1388 731 1777 801 παρεχόμενος.

222 826 523 894 ’Δνάγκαζε
554 827 711 889 νέους
748 824 1197 895 ἐγκρατεύεσθαι,
1230 825 1425 887 οἵτινες
1451 823 1782 893 κατέτριψαν

210 916 305 979 τάς
348 917 526 988 ψυχὰς
573 918 755 971 αὐτῶν
806 919 864 970 ἐν
914 918 1231 989 ἁμαρτίαις,
1267 918 1488 988 μνήμην
1513 916 1781 977 κολάσεως

212 1008 392 1072 αὐτοῖς
419 1009 793 1079 διηγούμενος.
816 1009 937 1062 Τῶν
960 1010 1059 1062 οὑκ
1089 1008 1450 1079 ἐνδοχομένων
1468 1008 1782 1078 ἐστὶν,ὄπερ

214 1099 270 1151 ἐν
302 1097 474 1168 ἑτέρῳ
513 1098 836 1169 είρήκαμεν,
876 1098 1075 1161 εὐθέως
1110 1100 1166 1151 ἐν
1198 1098 1503 1170 προοιμίοις
1527 1100 1607 1160 εἰς
1636 1098 1781 1151 ἅπαν

210 1191 653 1260 γαστριμαργίας
676 1192 769 1244 καὶ
792 1191 1094 1255 κενοδοξίας
1117 1192 1266 1260 ἡμᾶς
1289 1191 1629 1260 καθαρεύειν’
1649 1190 1782 1244 ἀλλὰ

212 1279 284 1350 μὴ
307 1279 621 1350 θελήσωμεν
636 1282 728 1355 ’διὰ
746 1284 955 1353 τρυφῆς
971 1286 1035 1351 τῇ
1055 1283 1325 1353 κενοδοξία
1341 1284 1476 1353 μάχε
1486 1282 1625 1336 σθαι*
1648 1279 1784 1353 ἧττα

216 1370 321 1439 γάρ
365 1372 810 1443 γαστριμαργίας
853 1372 1183 1436 κενοδοξίαν,
1234 1376 1348 1437 τοῖς
1403 1374 1782 1442 εἰσαγωγικοῖς

211 1457 676 1527 λέγω,άποτίκτει.
698 1461 911 1515 Μᾶλλον
925 1462 980 1514 δὲ
1002 1462 1066 1515 δι’
1088 1463 1292 1525 ἐνδείας
1322 1465 1439 1516 κατ’
1453 1464 1622 1533 αὑτῆς
1652 1480 1784 1533 πρε-
1811 1459 1818 1465 ’

214 1549 547 1619 σϐεύσωμεν.
596 1552 903 1605 Ἐλεύσεται
952 1553 1061 1623 γὰρ
1114 1553 1265 1623 ὥρα,
1296 1556 1389 1607 καὶ
1416 1554 1509 1606 νῦν
1532 1557 1646 1606 ἐστι
1672 1558 1784 1618 τοῖς

164 1642 174 1650 “
217 1636 579 1707 βουλομένοις,
598 1641 683 1693 ἵνα
702 1642 943 1714 ὑποτάξῃ
971 1643 1173 1715 Κύριος
1197 1645 1286 1697 καὶ
1314 1646 1513 1714 ταύτην
1535 1646 1638 1697 ὑπὸ
1660 1648 1783 1709 τοὺς

218 1728 380 1790 πόδας
400 1728 577 1799 ἡμῶν.
597 1732 669 1782 Οὑ
690 1734 797 1794 τοῖς
821 1733 1001 1796 αὐτοῖς
1028 1736 1075 1786 οἱ
1101 1736 1208 1803 νέοι
1235 1735 1386 1787 καὶοὶ
1413 1739 1780 1805 γεγηρακότες

214 1820 640 1889 προσερχόμενοι
690 1822 1050 1892 πολεμοῦνται
1098 1826 1314 1879 πάθεσι,
1350 1827 1615 1890 Πολλάκις
1668 1829 1774 1900 γὰρ

214 1908 289 1970 είς
317 1909 465 1963 ἅπαν
489 1913 738 1976 ἐναντίας
784 1916 883 1977 τάς
926 1915 1111 1981 νόσους
1149 1918 1460 1987 κέκτηνται.
1490 1920 1589 1972 Διὰ
1621 1920 1775 1973 τοῦτο

218 2000 479 2069 μακαρία,
513 2005 544 2071 ἡ
584 2004 829 2073 μακαρία
851 2008 1196 2070 ταπείνωσις,
1220 2009 1302 2061 ὅτι
1330 2010 1470 2073 νέοις
1496 2012 1589 2064 καὶ
1613 2028 1776 2081 γεγη-

216 2088 436 2155 ρακόσιν
468 2091 713 2164 ἀσφαλὴς
761 2096 852 2148 καὶ
883 2096 1080 2167 δυνατὴ
1108 2097 1349 2165 γίγνεται
1379 2101 1651 2169 μετάνοια.
1685 2101 1775 2171 Μὴ

213 2175 497 2249 θορυϐήσω
557 2182 614 2234 ἐν
672 2183 751 2253 τῷ
808 2185 987 2253 λέγειν
1051 2187 1301 2258 ἔρχομαι.
1352 2190 1572 2244 Σπάνιοι
1644 2191 1773 2261 γὰρ,

213 2267 349 2338 πλὴν
380 2271 488 2323 εἰσὶ
519 2272 687 2343 ψυχαὶ
732 2276 909 2338 εὑθείς
949 2279 1042 2330 καὶ
1085 2280 1369 2350 άπόνηροι,
1421 2280 1637 2344 κακίας,
1680 2282 1773 2333 καὶ

212 2358 573 2428 ὑποκρίσεως,
624 2366 720 2417 καὶ
766 2369 1187 2437 κακεντρεχείας
1219 2370 1654 2440 ἀπηλλαγμέναι,
1683 2369 1771 2434 αἷς

210 2447 381 2518 πάντη
402 2454 450 2520 σὴ
483 2452 591 2506 τῶν
627 2454 944 2525 ἀνθρώπων.
975 2460 1320 2531 συνδιατριϐὴ
1353 2461 1650 2514 ἀντίκειται
1682 2462 1773 2514 δυ-

209 2538 468 2606 ναμέναις
499 2543 636 2609 μετά
674 2544 768 2598 τοῦ
804 2547 1122 2616 ὁδηγοῦντος
1158 2552 1223 2602 ἐκ
1258 2551 1354 2620 τῆς
1386 2552 1636 2621 ἡσυχίας,
1666 2552 1771 2607 ὧσ-

209 2646 311 2699 περ
353 2631 421 2683 ἐκ
473 2631 708 2701 λιμένος,
765 2639 845 2700 εἰς
890 2640 1117 2708 οὐρανὸν
1150 2638 1496 2711 ἀνέρχεσθαι,
1532 2647 1624 2697 καὶ
1666 2646 1771 2699 τῶν

207 2722 561 2775 κοινοὸιακῶν
594 2720 855 2796 θορύϐων,
877 2731 968 2782 καὶ
996 2731 1301 2787 σκανδάλων
1320 2736 1590 2805 διαμεῖναι
1619 2737 1772 2790 ἀνεν-

206 2807 343 2872 δεεῖς
378 2813 475 2863 καὶ
514 2814 819 2884 ἀπείρατοι.
858 2819 1102 2886 Λάγνους
1136 2824 1231 2889 μὲν
1275 2825 1569 2896 ἄνθρωποι,
1604 2844 1770 2899 πονη-

211 2900 333 2967 ροὺς
354 2900 411 2953 δὲ
445 2903 687 2971 ἄγγελοι,
722 2907 1099 2979 ὑπερηφάνους
1136 2913 1199 2965 δὲ
1224 2914 1354 2976 Θεὸς
1394 2916 1643 2971 ἰάσασθαι
1677 2920 1772 2971 πέ-

206 3007 394 3057 φυκεν.
431 2990 584 3057 Εἶδος
617 2996 838 3068 ἀγάπης
873 3000 1130 3064 πολλάκις
1148 3003 1275 3065 ἴσως
1302 3004 1491 3071 γέγονε
1526 3009 1621 3061 καὶ
1648 3008 1771 3061 τοῦ-

206 3094 284 3142 το,
312 3078 373 3131 τὸ
392 3079 469 3149 τῷ
498 3081 721 3153 πλησίον
748 3086 1178 3156 καταλιμπάνειν
1217 3093 1613 3161 παραόάλλοντι
1636 3096 1768 3164 πρὸς

208 3166 351 3236 ἡμᾶς
384 3174 579 3236 ποιεῖν,
609 3174 786 3237 καθὼς
814 3176 1083 3245 βούλεται,
1119 3181 1175 3233 ἐν
1210 3181 1432 3245 ἅπασιν,
1457 3184 1611 3253 ἡμῶν
1640 3186 1771 3254 μέν·

206 3275 286 3313 τοι
326 3259 622 3335 ἱλαρότητα
652 3268 834 3319 πᾶσαν
866 3268 1322 3340 ἐπιδεικνυμένων
1345 3272 1479 3343 (27),
1506 3274 1770 3345 ζητητέον

208 3352 321 3415 πῶς
352 3355 446 3407 καὶ
483 3355 587 3419 ἕως
618 3356 780 3424 τίνος,
810 3360 903 3412 καὶ
931 3362 1082 3427 πότε,
1120 3354 1228 3416 βκαὶ
1258 3365 1290 3435 ἦ
1330 3364 1438 3435 ἄρα
1471 3366 1770 3438 ἀναλυτικὴ

206 3444 237 3511 ὴ
276 3445 607 3513 μεταμέλεια
637 3447 747 3500 τῶν
789 3450 991 3511 καλῶν,
1042 3452 1229 3523 ὥσπερ
1258 3453 1365 3506 τῶν
1399 3455 1604 3510 κακῶν.
1645 3460 1772 3509 Δια-

193 3528 385 3596 ’κρίσει
411 3528 580 3601 πολλῇ
613 3532 967 3603 χρησώμεθα,
997 3538 1126 3591 πότε
1161 3540 1260 3608 μὲν
1290 3540 1561 3607 ἵστασθαι,
1595 3543 1688 3595 καὶ
1714 3544 1772 3596 ἐν

210 3617 400 3682 ποίοις,
432 3618 527 3670 καὶ
570 3619 673 3682 ἕως
716 3622 857 3685 τίνος
900 3626 1288 3693 προσπαλαίειν
1308 3630 1423 3691 ταῖς
1454 3626 1563 3682 τῶν
1588 3630 1772 3683 παθῶν

210 3702 359 3763 ὕλαις
390 3708 697 3777 ὀφείλομεν.
730 3712 882 3765 Ἔστι
904 3715 1011 3782 γάρ
1032 3716 1121 3766 καὶ
1144 3720 1335 3783 φυγεῖν
1366 3721 1658 3787 προκρῖναι
1683 3720 1773 3772 διὰ

210 3792 307 3862 τὴν
349 3793 669 3862 ἀσθένειαν,
720 3799 806 3852 ἵνα
851 3800 926 3869 μὴ
976 3802 1353 3872 ἀποθάνωμεν.
1408 3806 1637 3874 Ἰδωμεν
1680 3808 1772 3860 καὶ

210 3883 535 3951 φυλάξωμεν
586 3885 747 3955 (ίσως
794 3889 903 3960 γάρ
959 3891 1054 3943 καὶ
1089 3892 1147 3945 ἐν
1199 3893 1378 3963 καιρῷ
1426 3895 1514 3947 διὰ
1548 3896 1771 3965 πικρίας

207 3973 367 4043 χολὴν
412 3976 648 4030 κενῶσαι
686 3978 1010 4049 δυνάμεθα),
1034 3985 1175 4035 ποῖοι
1215 3983 1313 4053 μὲν
1355 3985 1463 4036 τῶν
1501 3985 1770 4055 δαιμόνων

206 4064 421 4133 ὑψοῦσι,
459 4068 602 4119 ποῖοι
626 4067 683 4121 δὲ
709 4069 1050 4135 ταπεινοῦσι,
1081 4073 1175 4126 καὶ
1216 4076 1357 4127 ποῖοι
1385 4075 1767 4146 σκληρύνουσι,

206 4157 345 4208 ποῖοι
390 4156 449 4209 δὲ
499 4159 914 4227 παρακαλοῦσι,
960 4163 1053 4215 καὶ
1110 4166 1251 4217 ποῖοι
1298 4167 1396 4236 μὲν
1444 4169 1770 4237 σκοτίζουσι,

206 4248 345 4298 ποῖοι
374 4245 433 4299 δέ
460 4246 622 4299 πάλιν
647 4251 927 4321 φωτισμὸν
954 4253 1360 4322 ὑποκρίνονται,
1390 4260 1483 4311 καὶ
1506 4262 1648 4313 ποῖοι
1675 4262 1772 4331 μὲν

204 4337 469 4407 νωθροὺς.
504 4342 648 4392 ποῖοι
679 4341 734 4395 δὲ
779 4349 1161 4417 κακεντρεχεῖς
1183 4390 1197 4413 ,
1231 4352 1372 4403 ποῖοι
1417 4352 1473 4403 δὲ
1525 4352 1771 4421 σκυθρω-

204 4426 355 4490 ποὺς,
424 4429 520 4481 καὶ
563 4431 704 4483 ποῖοι
762 4431 976 4503 ἱλαροὺς
1022 4437 1168 4505 ἡμᾶς
1200 4438 1625 4507 ἀπεργάζονται.
1674 4428 1769 4509 Μὴ

199 4517 577 4595 ρλαμόηθῶμεν
632 4524 689 4577 ἐν
746 4525 825 4597 τῷ
853 4528 1050 4598 σταδίῳ
1107 4530 1163 4581 ἐν
1192 4531 1494 4599 προοιμίοις
1547 4532 1772 4594 ἑαυτοὺς

203 4609 650 4682 ἐμπαθεστέρους
693 4616 792 4685 τῆς
844 4618 902 4670 ἐν
949 4618 1028 4688 τῷ
1073 4619 1261 4689 κόσμῳ
1300 4618 1459 4689 ἡμῶν
1497 4619 1772 4690 διαγωγῆς

201 4701 457 4770 ὁρῶντες.
504 4707 597 4760 Δεῖ
637 4705 745 4777 γάρ
788 4708 856 4760 τὰ
901 4710 1049 4763 αἴτια
1098 4709 1271 4763 πάντα
1311 4709 1614 4779 κινηθῆναι.
1658 4705 1770 4763 Εἶθ’

202 4787 375 4854 οὕτως
414 4790 516 4861 τὴν
563 4793 752 4862 ὑγείαν
790 4796 1370 4868 ήμῖνηπροσγενέσθαι,
1412 4798 1461 4849 εί
1502 4797 1594 4849 καὶ
1631 4798 1772 4866 τάχα

203 4894 301 4930 που
321 4880 392 4933 τά
424 4880 591 4951 θηρία
623 4886 974 4954 κρυπτόμενα
1003 4888 1102 4939 οὑκ
1136 4886 1437 4943 ἐϐλέποντο.
1477 4888 1603 4938 Ὅτε
1629 4889 1772 4941 κατά

203 4980 321 5018 τινα
352 4968 629 5036 σύμϐασιν
661 4970 847 5024 λοιπὸν
878 4975 925 5026 οἱ
959 4975 1254 5045 τελειότητι
1284 4974 1689 5045 πλησιάζοντες,
1713 4976 1771 5030 ἐν

202 5072 304 5107 ⁶τινι
364 5058 514 5129 ψιλῷ
560 5064 673 5124 τοῖς
724 5063 942 5135 δαίμοσι
991 5066 1303 5139 ἡττηθῶσι,
1354 5068 1502 5138 πάσῃ
1557 5073 1768 5141 μηχανῇ

203 5147 442 5216 χρῶνται
474 5153 753 5224 συντόμως
791 5155 947 5210 τοῦτο
972 5157 1031 5225 ἐξ
1069 5157 1247 5211 αὐτῶν
1279 5157 1768 5213 ἐκατονταπλάσιον

153 5232 161 5242 ’
204 5241 659 5310 ἁφαρπάσασθαι.
699 5247 907 5317 ’Ὥσπερ
939 5250 989 5303 οἱ
1017 5248 1208 5320 ἄνεμοι
1231 5248 1364 5319 (28),
1395 5250 1522 5302 ποτὲ
1550 5250 1648 5318 μὲν
1670 5250 1769 5321 τὴν

204 5329 493 5402 ἐπιπολὴν,
549 5333 644 5388 διὰ
687 5336 749 5389 τὸ
795 5338 1063 5410 γαληνὸν,
1115 5341 1243 5393 ποτέ
1270 5339 1326 5391 δὲ
1363 5338 1451 5391 τὸν
1481 5337 1640 5408 βυθὸν
1670 5342 1768 5410 τῆς

210 5417 490 5486 θαλάσσης
512 5421 800 5489 ταράττειν
817 5425 1090 5480 εἰώθασιν·
1122 5426 1291 5488 οὑτως
1320 5443 1407 5495 μοι
1434 5425 1542 5478 νόει
1567 5427 1660 5479 καὶ
1676 5428 1768 5480 ἐπὶ

206 5506 312 5559 τῶν
348 5509 643 5562 σκοτεινῶν
675 5512 914 5581 ἀνέμων,
960 5516 1066 5571 τῶν
1107 5516 1204 5587 μὲν
1233 5516 1341 5585 γάρ
1384 5516 1643 5585 ἐμπαθῶν
1674 5518 1768 5571 αὑ-

207 5616 237 5652 τ
257 5614 302 5668 ιν
336 5597 438 5667 τὴν
473 5598 574 5667 τῆς
611 5602 834 5671 καρδίας
862 5607 1110 5678 αἴσθησιν
1141 5607 1428 5677 ταράσσειν
1453 5606 1725 5675 πεφύκασι
1751 5626 1762 5638 ·

209 5688 313 5759 τῷν
351 5688 408 5743 δέ
452 5689 555 5761 ἤδη
598 5693 1007 5766 προκοψάντων,
1054 5699 1147 5768 τὴν
1197 5697 1455 5767 ἐπιπολὴν
1490 5697 1582 5751 τοῦ
1628 5699 1761 5762 νοός.

1886 548 2112 606 affectus
2137 560 2242 615 est,
2273 552 2420 621 quod
2460 553 2527 605 ab
2563 553 2931 622 inqu-diluenti
2964 554 3159 622 laqueo
3192 554 3452 610 liberatus

1883 643 1976 707 sit,
2008 643 2096 698 hic
2124 658 2153 697 a
2180 644 2374 712 spiritu
2410 660 2560 698 vanae
2589 646 2790 713 glorim,
2818 655 2909 699 aut
2942 646 3167 700 veneris
3191 647 3448 700 illmlitur.

1884 734 2021 789 Ante
2044 736 2228 789 omnia
2275 737 2652 803 inquiramus,
2702 738 2845 790 unde
2886 739 3111 805 spiritus
3151 738 3278 791 ﬂare
3318 740 3453 792 inei-

1884 827 2028 896 piat,
2086 843 2151 881 ne
2194 826 2329 882 forte
2369 829 2486 883 vela
2533 830 2584 882 in
2636 829 2966 881 contrarium
3005 829 3311 883 tendamus.
3357 828 3453 881 Se-

1886 920 2072 974 niores
2098 920 2149 972 in
2184 921 2399 974 actione
2421 929 2669 974 versatos
2689 961 2702 982 ,
2727 921 2817 988 qui
2849 936 3076 989 corpora
3108 937 3205 974 sua
3233 921 3448 974 assidua

1882 1010 2266 1082 exercitatione
2293 1012 2628 1066 detriverunt
2656 1014 2941 1066 consolare
2969 1028 3032 1065 ex
3068 1013 3357 1076 charitatc,
3399 1022 3452 1065 et

1883 1102 2121 1172 aliquam
2175 1103 2340 1174 385
2384 1104 2770 1157 relaxationem
2819 1105 2925 1159 illis
2965 1104 3182 1158 exhibe.
3221 1102 3453 1157 Juvcncs

1884 1194 1975 1263 qui
2009 1209 2104 1261 per
2134 1204 2355 1262 peccata
2396 1196 2606 1248 animas
2649 1210 2777 1250 suas
2820 1195 2959 1248 male
3002 1203 3340 1260 tractarunt,
3384 1196 3449 1247 ad

1883 1287 2269 1341 continentiam
2334 1288 2639 1352 rcdigendis
2693 1289 2744 1341 in
2798 1287 3113 1341 memoriam
3171 1287 3450 1354 suppliciis

1883 1379 2102 1434 aeternis
2134 1381 2417 1446 compelle.
2454 1380 2593 1433 Fieri
2628 1396 2731 1433 non
2766 1388 2975 1447 potest,
3016 1378 3160 1446 quod
3195 1386 3247 1430 et
3288 1394 3450 1446 supra

1884 1471 2401 1535 demonstravimus,
2438 1481 2496 1524 ttt
2526 1473 2708 1524 statim
2740 1473 2809 1524 ab
2841 1472 2993 1523 initio
3026 1472 3301 1539 ingressus
3328 1470 3448 1523 reli-

1884 1562 2093 1630 giouis,
2132 1563 2201 1615 ab
2240 1564 2386 1616 mnni
2435 1564 2555 1631 gula
2598 1575 2649 1618 et
2693 1578 2825 1616 vana
2870 1564 3035 1632 gloria
3078 1577 3446 1631 repurgetnur.

1888 1655 1988 1708 Sed
2022 1664 2198 1710 tamen
2232 1672 2298 1709 ne
2332 1672 2424 1724 per
2454 1656 2675 1711 delicias
2708 1668 2760 1710 et
2784 1658 2969 1709 luxum
3000 1656 3227 1709 velimus
3256 1669 3446 1707 vanam

1890 1748 2113 1817 gloriam
2142 1764 2451 1818 oppugnare
2480 1767 2491 1801 :
2542 1764 2663 1801 nam
2701 1750 2813 1814 ipsa
2850 1749 3072 1801 victoria
3103 1748 3169 1801 de
3198 1748 3318 1814 gula
3355 1763 3446 1799 va-

1888 1855 2008 1892 nam
2041 1840 2262 1908 gloriam
2317 1840 2367 1892 in
2406 1841 2471 1893 iis
2509 1842 2600 1908 qui
2649 1841 2825 1893 adlmc
2875 1841 3035 1893 rudes
3084 1851 3245 1903 sunt,
3290 1839 3440 1907 parit.

1881 1932 1979 1985 Per
2007 1933 2237 1985 inediam
2270 1920 2446 2001 potius
2483 1944 2666 1987 contra
2703 1934 2845 1986 illam
2877 1933 3231 1986 deccrtemus.
3265 1931 3449 1985 Veniet

1877 2024 2021 2076 cnim
2075 2024 2240 2085 hora,
2290 2035 2343 2077 et
2388 2040 2531 2079 nunc
2584 2034 2665 2078 est
2704 2026 3040 2088 volentibus,
3090 2034 3147 2077 ut
3190 2024 3447 2077 Dominus

1880 2113 2017 2167 hanc
2050 2130 2265 2183 quoque
2295 2116 2549 2185 subjiciat
2584 2117 2809 2184 pedibus
2842 2116 3061 2170 nostris.
3100 2114 3215 2168 Non
3245 2115 3444 2168 eisdem

1871 2204 2098 2272 juvenes
2132 2223 2193 2259 ae
2229 2223 2385 2261 senes
2415 2223 2536 2261 cum
2564 2207 2629 2259 ad
2666 2208 2975 2276 religionem
3009 2207 3271 2261 accedunt
3304 2206 3445 2258 vitiis

1874 2309 2269 2366 oppugnantur.
2311 2299 2461 2369 Saepe
2502 2302 2557 2353 lit
2596 2310 2653 2353 ut
2716 2301 2870 2368 plane
2912 2298 3200 2353 contrariis
3246 2299 3447 2349 morbis

1875 2390 2144 2445 laborent.
2175 2393 2515 2462 Quapropter
2544 2395 3055 2461 heatahiterumque
3082 2393 3233 2445 beata
3264 2392 3435 2443 lmmi-

1874 2474 2033 2545 litas,
2082 2484 2226 2551 quod
2280 2495 2386 2537 tam
2432 2484 2725 2551 juvenibus
2771 2498 2930 2551 quam
2982 2483 3204 2536 senibus
3255 2496 3443 2535 secura

1874 2582 2129 2641 tutaque,
2167 2586 2219 2628 et
2249 2591 2371 2642 quae
2407 2575 2458 2627 in
2486 2577 2751 2643 cujusque
2780 2575 3035 2629 facultate
3076 2575 3177 2627 sita
3217 2574 3315 2635 sit,
3354 2572 3444 2624 ﬁat

1874 2665 2210 2733 ptenitcntia.
2243 2664 2357 2720 Non
2385 2676 2434 2720 te
2465 2669 2743 2734 perturbet
2774 2667 2823 2719 id
2856 2665 2999 2734 quod
3028 2666 3272 2718 dicturus
3296 2679 3439 2718 sum.

1876 2756 2013 2811 Sunt
2059 2758 2253 2812 anima:
2292 2774 2603 2827 quanquam
2652 2759 2943 2812 admodmn
2986 2773 3156 2819 rat-aa,
3202 2764 3327 2809 Sttul
3365 2766 3445 2809 tae

1873 2865 1997 2904 men
2030 2860 2187 2908 recta:
2219 2860 2271 2904 ct
2300 2852 2368 2921 ab
2396 2851 2541 2905 omni
2574 2853 2775 2906 malitia
2816 2852 3007 2905 alienze
3031 2894 3044 2918 ,
3084 2849 3446 2904 simulationis

1875 2953 1928 2997 et
1957 2943 2092 2996 artis
2140 2944 2322 2999 omnis
2368 2945 2612 2999 subdola:
2643 2955 2925 3013 expertes,
2964 2960 3087 3013 quae
3126 2943 3340 3012 penitus
3378 2942 3447 2994 ab

1872 3036 2020 3089 omni
2056 3037 2178 3089 vitae
2215 3026 2524 3091 communis
2559 3037 2836 3091 consortio
2861 3047 2913 3090 et
2947 3029 3225 3091 societate‘
3243 3036 3441 3088 abhor-

1797 3118 1839 3175 C
1873 3134 2027 3191 rent,
2090 3142 2210 3194 quae
2268 3128 2533 3195 optimum
2597 3128 2788 3182 ducem
2851 3136 3047 3182 secutae
3100 3135 3327 3195 possunt
3379 3142 3442 3179 ex

1872 3219 2053 3287 quieta
2100 3227 2152 3273 et
2193 3220 2435 3273 solitaria
2474 3219 2616 3283 vita,
2675 3228 2932 3287 tanquam
2984 3235 3013 3274 ο
3048 3227 3207 3288 portu
3248 3218 3443 3272 coelum

1872 3310 2236 3367 conscendere
2263 3349 2278 3373 ,
2328 3320 2382 3365 et
2426 3327 2455 3365 a
2496 3311 2818 3365 tumultibus
2865 3322 3023 3379 atque
3062 3310 3281 3365 offensis
3325 3310 3446 3361 vitae

1874 3401 2171 3469 (quamvis
2232 3402 2544 3471 religioste)
2597 3401 2904 3455 communis
2961 3411 3180 3461 tamen.
3247 3398 3444 3452 intacta

1872 3505 1927 3549 et
1986 3495 2245 3548 intentata
2309 3497 2621 3565 persistere.
2676 3494 2972 3559 Lascivos,
3012 3495 3224 3559 homo;
3287 3494 3447 3559 mali:

1872 3602 2046 3655 gnos,
2102 3589 2366 3657 angelus;
2439 3588 2703 3656 superbos
2739 3627 2753 3649 ,
2824 3589 2964 3641 Deus
3008 3602 3221 3639 sanare
3282 3585 3437 3637 solet.

1870 3677 2033 3748 385
2072 3676 2152 3732 Sit
2184 3679 2416 3731 fortasse
2444 3686 2497 3731 ct
2532 3679 2645 3730 lucc
2690 3694 2795 3730 non
2843 3693 2968 3729 raro
3007 3676 3215 3744 species
3265 3675 3455 3743 aliqua

1873 3767 2176 3832 charitatis,
2213 3780 2337 3818 cum
2377 3765 2530 3819 alteri
2560 3765 2626 3818 ad
2654 3780 2756 3819 nos
2786 3764 3019 3817 venienti
3056 3763 3438 3831 permittimus,

1873 3855 2136 3924 quidquid
2172 3856 2319 3919 velit,
2354 3856 2551 3921 facere,
2590 3870 2806 3909 onmem
2840 3855 3055 3907 interim
3092 3855 3164 3908 illi
3208 3855 3441 3908 benevo-

1873 3944 2093 3998 lentiam
2141 3956 2196 3999 et
2228 3944 2555 3998 hilaritatem
2612 3943 2942 3998 exhibendo.
2996 3943 3112 4009 Qua
3165 3944 3217 3997 in
3268 3959 3326 3996 re
3366 3944 3443 3996 vi-

1834 4076 1840 4081 .
1873 4033 2102 4089 dendum
2134 4035 2405 4104 quomodo
2444 4045 2498 4089 et
2527 4044 2815 4104 quatenus,
2854 4046 2907 4087 et
2939 4035 3181 4100 quando,
3222 4043 3274 4085 ct
3312 4048 3439 4085 num

1872 4128 2213 4198 ptenitentia,
2241 4127 2702 4199 quemadmadum
2747 4128 2911 4188 mala,
2955 4127 3024 4178 ita
3060 4135 3113 4180 ct
3144 4125 3301 4185 bona,
3328 4124 3441 4177 dis-

1874 4221 2083 4275 solvere
2133 4235 2226 4275 scu
2282 4233 2632 4287 corrumpere
2674 4216 2884 4286 possit?
2936 4214 3100 4267 Multa
3157 4213 3438 4280 prudentia

1872 4327 2009 4383 opus
2037 4321 2140 4376 est,
2173 4320 2233 4365 ut
2271 4310 2659 4379 intelligamus,
2701 4306 2920 4375 quando
2950 4305 3105 4359 nobis
3134 4304 3438 4359 subsisten-

1807 4404 2001 4494 Ddum
2045 4404 2135 4464 sit.
2164 4411 2217 4456 et
2256 4403 2308 4454 in
2338 4400 2537 4469 quibus
2585 4397 2784 4467 praliis
2835 4406 2888 4451 et
2928 4411 3207 4466 quousque
3247 4406 3438 4451 contra

1843 4494 2163 4555 _vitiorum-
2201 4491 2481 4545 materiam
2545 4500 2600 4543 et
2654 4489 2894 4544 fomitem
2951 4490 3295 4553 luctandum;
3358 4497 3439 4542 est

1841 4634 1846 4639 .
1877 4586 2021 4640 enim
2052 4600 2198 4649 cum,
2225 4592 2441 4653 propter
2471 4583 2892 4637 imbecillitatem
2925 4593 3185 4643 nostram.
3220 4597 3286 4634 ne
3315 4594 3439 4633 suc-

1878 4678 2197 4731 cumbamus
2225 4684 2278 4730 et
2311 4676 2631 4739 moriamur,
2662 4686 2883 4745 pratstat
2910 4675 3111 4747 fugere.
3151 4672 3437 4726 Videamus

1876 4780 1931 4824 et
1964 4768 2311 4823 advertamus
2341 4768 2615 4837 ‘(forlasse
2648 4769 2790 4823 enim
2835 4777 2890 4822 et
2930 4782 3032 4822 suo
3075 4774 3314 4833 tempore
3344 4777 3439 4832 per

1877 4861 2290 4915 amaritudinem
2356 4860 2426 4915 fel
2482 4862 2772 4916 exhaurire
2810 4855 3153 4930 possumus),
3212 4855 3435 4926 quinam

1875 4954 2178 5007 daemonum
2219 4966 2320 5007 nos
2368 4953 2422 5007 in
2471 4954 2778 5023 superbiam
2812 4949 3093 5013 extollant,
3125 4946 3216 5019 qui
3257 4948 3437 5017 depri-

1877 5052 2046 5107 mant,
2078 5045 2169 5114 qui
2212 5045 2380 5101 duros
2430 5045 2677 5108 reddam,
2716 5044 2809 5113 qui
2847 5042 3195 5097 consolentur
3240 5054 3293 5094 ct
3323 5042 3435 5109 pal-

1876 5145 2024 5206 pent,
2058 5136 2150 5206 qui
2178 5139 2433 5193 tenebras
2455 5138 2611 5192 nobis
2642 5135 2941 5198 oﬂ‘undant,
2980 5134 3182 5204 quique
3216 5148 3432 5187 rursum

1878 5230 2151 5285 illustrare
2193 5246 2251 5285 se
2286 5232 2508 5301 fingant,
2559 5229 2652 5300 qui
2693 5229 2937 5297 stupido’s
2991 5239 3045 5283 et
3073 5228 3311 5291 hebetes,
3340 5226 3432 5292 qui

1876 5326 2101 5379 solertes
2140 5337 2192 5379 et
2234 5327 2493 5381 subdolos
2529 5324 2748 5389 faciant,
2779 5324 2871 5393 qui
2904 5325 3126 5379 tetricos
3155 5332 3205 5375 ct
3230 5321 3430 5380 tristes,

1874 5418 2077 5488 quique
2120 5417 2320 5473 hilares
2365 5433 2464 5472 nos
2510 5416 2760 5471 ediciant.
2801 5414 2939 5470 Nihil
2973 5430 3070 5468 nos
3121 5412 3297 5465 turbet
3339 5421 3434 5463 aut

1875 5521 2233 5575 commoveat,
2285 5511 2503 5580 quando
2546 5510 2598 5563 in
2650 5510 2890 5579 religiosi
2947 5506 3100 5561 stadii
3159 5503 3428 5571 ingressu,
3474 5556 3479 5559 _

1876 5618 1969 5657 seu
2012 5603 2236 5658 exordio
2281 5604 2546 5671 religiosa!
2577 5602 2697 5654 vita:
2736 5616 2833 5656 nos
2869 5599 3035 5665 magis
3063 5594 3271 5648 vitiosis
3298 5594 3429 5648 alic-

1874 5695 2051 5752 ctihus
2082 5694 2384 5765 perturbari
2431 5695 2713 5754 sentimus,
2756 5705 2917 5760 quam
2970 5703 3089 5742 cum
3138 5686 3190 5740 in
3234 5687 3430 5744 stmulo
