4030 6342
586 347 721 412 1079

1844 368 1905 428 S.
1930 369 2253 435 JOANNIS
2276 375 2584 440 CLIMACI

3703 384 3847 450 1089

586 459 932 528 cltaritatcm,
965 475 1158 518 omnes
1187 466 1448 522 mortales
1491 477 1551 524 ut
1583 471 1820 541 scipsam
1851 475 2003 547 diligi
2029 493 2153 533 sua-

2266 501 2395 556 πης,
2424 489 2633 552 πάντας
2671 463 2990 560 ἀνθρώπους
3014 491 3089 556 ῶς
3115 492 3314 564 ἑαυτὴν
3347 496 3491 564 φιλεῖ
3518 496 3790 554 πείθουσα
3820 516 3842 534 ⁶

583 551 704 614 dct;
739 565 835 620 per
876 555 1269 610 continentiam
1313 574 1531 615 onmem
1577 563 1912 635 voluptatem
1962 583 2160 643 ampu-

587 653 693 707 tul;
748 661 842 712 per
870 645 1241 704 fortitudinem
1292 662 1346 706 et
1393 657 1711 724 patientiam
1764 647 2162 720 adversus‘in-

581 738 940 806 aspectabiles
972 741 1158 796 hostes
1200 759 1259 798 se
1289 745 1557 802 obarmat.
1943 775 1977 806 ο

1173 831 1422 890 Scholion
1463 838 1552 893 15.
1698 843 1705 847 ’

655 919 926 977 Pacilith
974 933 1078 989 est,
1123 927 1218 996 qui
1255 927 1410 983 alteri
1461 946 1648 1000 pacem
1691 937 1967 993 conciliat.
1994 939 2166 1011 389

584 1011 755 1066 Nemo
787 1032 916 1069 vero
960 1015 1116 1070 alteri
1163 1018 1429 1088 impertiri
1469 1035 1646 1092 potest
1689 1037 1800 1097 quo
1827 1031 1945 1099 ipse
1991 1033 2158 1098 caret,

531 1162 533 1164 η
584 1113 646 1157 ut
675 1107 891 1174 proprie
922 1109 1280 1177 pacilicussit
1313 1113 1408 1182 qui
1449 1119 1700 1186 corporis
1733 1122 1816 1175 sui
1844 1132 1897 1176 et
1937 1123 2161 1191 spiritus

580 1207 804 1264 statum,
837 1211 892 1256 et
933 1192 1298 1274 donis-sucum
1331 1211 1516 1266 carnis
1539 1211 1747 1290 hostem
1774 1217 1832 1270 iu
1875 1217 2160 1286 paciﬁcam

540 1317 547 1328 κ
580 1295 930 1345 concordiam
971 1298 1185 1366 redigit,
1241 1301 1311 1354 ita
1335 1311 1403 1353 .ut
1441 1317 1550 1355 non
1597 1305 1835 1373 amplius
1865 1321 1998 1361 caro
2027 1322 2161 1363 con-

585 1382 833 1449 cupiscat
879 1385 1141 1445 adversus
1183 1392 1434 1462 spiritum
1457 1393 1525 1458 ⁸⁸,
1559 1394 1653 1448 sed
1699 1396 1934 1464 Spiritus
1987 1401 2162 1470 gratia

583 1471 813 1539 imperet
859 1481 1104 1546 corporis
1157 1482 1465 1545 aﬂectibus,
1521 1492 1575 1536 et
1617 1484 1700 1538 lex
1756 1489 2002 1556 corporis
2051 1505 2159 1543 non

579 1558 814 1626 amplius
848 1578 1111 1634 repugnet
1146 1569 1246 1636 legi
1290 1569 1508 1634 mentis,
1543 1570 1636 1625 sed
1667 1573 1913 1643 subjecta
1949 1577 2160 1631 meliori

580 1647 810 1716 imperio
857 1659 1058 1710 serviat
1120 1659 1322 1713 divinis
1379 1661 1675 1725 mandatis,
1732 1666 1958 1734 quando
2013 1669 2158 1723 enim

577 1741 854 1795 auferetur
911 1748 961 1797 iu
1015 1749 1175 1803 nobis
1219 1752 1469 1806 maceriae
1526 1754 1740 1809 medius
1790 1756 2011 1813 malitiae
2060 1773 2159 1828 pa-

2266 577 2354 631 διά
2381 578 2454 632 δὲΔ
2472 583 2572 650 τῆς
2598 569 2924 652 ἐγκρατείας
2961 585 3139 636 πᾶσαν
3167 585 3360 655 ἡδονὴν
3388 587 3802 657 περικόπτουσα.
3820 609 3837 624 ·

2261 663 2350 718 διὰ
2377 665 2436 720 δὲ
2464 666 2562 736 τῆς
2592 666 2860 738 ἀνδρείας,
2898 669 2994 722 καὶ
3035 671 3309 741 ὑπομονῆς
3352 673 3484 744 πρὸς
3512 675 3639 739 τοὺς
3666 675 3841 748 ἀορά-

2261 771 2389 818 τους
2431 756 2729 821 ὁπλίζουσα
2756 757 3046 828 πολέμους.
3233 821 3236 824 ,

2859 851 2906 901 Σ
2907 849 3117 916 χόλιον
3154 856 3237 903 ιε’.

2333 918 2689 1005 Είρηνοποιός
2736 937 2920 1004 ἔστιν,
2987 939 3018 991 ὁ
3091 941 3314 1012 είρήνην
3380 941 3588 1007 διαδοὺς
3644 944 3836 1017 ἄλλῳ·

2263 1018 2363 1071 οὐκ
2404 1019 2470 1072 ἂν
2497 1019 2556 1072 δέ
2582 1036 2666 1080 τις
2735 1021 2906 1092 ἑτέρῳ
2950 1024 3240 1095 παράσχοι,
3300 1024 3329 1077 ὃ
3382 1026 3458 1098 μὴ
3513 1029 3676 1094 αὐτὸς
3725 1032 3836 1102 ἔχει

2263 1106 2405 1161 ὥστε
2460 1107 2665 1179 κυρίως
2703 1110 3060 1182 εἰρηνοποιὸς,
3113 1118 3142 1168 ὁ
3190 1117 3288 1186 τὴν
3330 1118 3387 1171 ὲν
3425 1119 3575 1190 αὐτῷ
3644 1124 3836 1178 στάσιν

2263 1198 2360 1268 τῆς
2397 1199 2621 1270 σαρκὸς,
2649 1201 2742 1254 καὶ
2775 1201 2869 1254 τοῦ
2900 1205 3230 1275 πνεύματος,
3275 1209 3370 1262 καὶ
3419 1209 3509 1263 τὸν
3572 1213 3836 1281 ἐμφύλιον
3926 1259 3932 1263 .

2261 1290 2362 1356 τῆς
2389 1287 2589 1358 σαρκὸς
2619 1288 2854 1369 πόλεμον
2879 1294 2959 1356 είς
2992 1295 3276 1366 εἰρηνικὴν
3303 1298 3623 1368 συμφωνίαν
3653 1303 3832 1370 ἄγων,

2263 1375 2391 1430 ὅταν
2423 1376 2619 1447 μηκέτι
2652 1380 2685 1449 ὴ
2714 1380 2852 1451 σὰρξ
2879 1382 3119 1454 ἐπιθυμῇ
3154 1385 3296 1438 κατὰ
3321 1386 3416 1440 τοῦ
3477 1389 3794 1458 πνεύματος
3818 1409 3832 1423 ·

2264 1466 2445 1539 ἀλλ’ἢ
2489 1469 2585 1523 τοῦ
2615 1472 2927 1542 πνεύματος
2974 1475 3138 1546 χάρις
3177 1480 3520 1552 ἐπικρατήσῃ
3563 1481 3675 1534 τῶν
3733 1500 3840 1537 σω-

2267 1561 2515 1630 ματικῶν
2546 1564 2887 1634 παθημάτων
2911 1582 2925 1596 ·
2957 1567 3082 1620 ὅταν
3118 1567 3315 1638 μηκέτι
3346 1569 3570 1640 ἐνεργὸς
3683 1575 3713 1626 ὀ
3737 1573 3838 1626 τοῦ

2265 1651 2517 1722 σώματος
2550 1653 2734 1723 νόμος,
2783 1657 2812 1708 ό
2847 1656 3395 1728 ἀντιστρατευόμενος
3421 1658 3500 1727 τῷ
3562 1659 3714 1731 νόμῳ
3737 1661 3838 1715 τοῦ

2262 1740 2401 1805 νοός·
2425 1741 2540 1795 ἀλλ’
2561 1742 2914 1823 ὑποζευχθεὶς
2943 1747 3010 1816 τῇ
3044 1745 3587 1818 κρείττονι³βασιλείᾳ
3617 1749 3828 1819 iamips-

577 1830 777 1896 ιιι-5⁸⁵,
815 1837 1040 1892 meliore
1082 1844 1463 1897 conuuistione
1497 1843 1606 1896 duo
1654 1846 1706 1898 iu
1755 1863 1922 1901 unum
1971 1850 2153 1907 coale-

2256 1848 2356 1902 της
2409 1833 2518 1885 τῶν
2559 1831 2720 1888 θείων
2775 1835 3164 1905 ἐπιταγμάτων
3211 1840 3435 1909 γένηται
3467 1856 3482 1872 ·
3549 1842 3678 1894 ὅταν
3725 1843 3840 1913 γὰρ

578 1933 747 1977 εςριιι.

1178 2176 1427 2231 Scholion
1466 2180 1552 2232 16.

646 2253 723 2307 Ne
751 2260 1046 2317 contrahas
1089 2267 1390 2322 amicitiam
1427 2285 1552 2324 cum
1603 2269 1672 2325 iis
1707 2271 2046 2339 hominibus,
2092 2276 2159 2329 de

575 2345 773 2412 quibus
815 2351 968 2404 timet
1005 2357 1339 2412 conscientia
1379 2375 1446 2415 ne
1493 2361 1734 2416 resciant
1778 2363 1906 2426 alii,
1947 2373 2006 2418 ut
2048 2380 2157 2420 nou

579 2437 675 2493 des
710 2444 1028 2498 scandalum
1062 2449 1115 2501 in
1153 2452 1468 2520 cognitione
1489 2454 1588 2524 (α).

1261 2544 1444 2598 Aliud.

646 2619 858 2701 Quibus
911 2628 1148 2684 amicitia
1184 2645 1268 2689 est
1317 2652 1482 2692 causa
1523 2637 1698 2704 exitii,
1747 2639 1833 2693 his
1877 2640 2065 2695 odium
2100 2643 2159 2696 lit

574 2727 952 2780 argumentum
986 2730 1039 2773 ct
1070 2727 1298 2778 materia
1332 2728 1570 2783 virtutis.

1265 2818 1474 2872 Λίὶιιά.·

641 2893 747 2948 lter
783 2898 1064 2969 ingressus
1111 2922 1235 2958 cum
1268 2907 1531 2966 fratribus
1568 2912 1866 2982 religiosis,
1907 2917 1953 2970 si
1989 2931 2053 2971 ex
2091 2919 2157 2972 il-

570 2987 638 3040 lis
671 2994 983 3059 qttempiam
1037 3002 1324 3064 rcpereris,
1362 3016 1524 3069 quem
1567 3014 1784 3073 propter
1821 3006 1992 3061 Deum
2042 3009 2156 3063 siu-

569 3094 692 3134 cere
721 3083 920 3150 diligis,
967 3100 1033 3139 ne
1066 3088 1291 3144 liberius
1335 3101 1390 3146 et
1418 3092 1643 3150 elfusius
1671 3111 1795 3150 cum
1835 3098 1927 3153 illo
1963 3099 2152 3154 viden-

2262 1923 2517 1994 ἐξαιρεθῇ
2556 1923 2652 1976 τοῦ
2709 1925 2768 1979 ὲν
2795 1926 2925 1997 ἡμῖν
2956 1928 3212 1998 φραγμοῦ
3254 1930 3318 1982 τὸ
3371 1931 3682 2004 μεσότοιχον
3735 1934 3836 2002 τῆς

2259 2016 2480 2082 κακίας,
2511 2012 2591 2082 εἷς
2637 2018 2686 2070 oi
2708 2017 2803 2071 δύο
2844 2021 2911 2089 τῇ
2961 2020 3098 2090 πρὸς
3129 2022 3188 2074 τὺ
3231 2025 3479 2093 κρεῖττον
3530 2025 3839 2096 ἀνακράσει

2263 2111 2602 2178 συμφυέντες
2638 2110 2902 2178 γίνονται.

2853 2203 3108 2269 Σχόλιον
3128 2248 3133 2253 .
3155 2221 3214 2268 ις·
3236 2243 3250 2257 .

2331 2287 2423 2357 Μὴ
2455 2288 2590 2358 σχῇς
2617 2287 2798 2358 φιλίαν
2840 2289 2977 2360 μετὰ
3010 2289 3328 2362 ἀνθρώπων,
3358 2291 3488 2362 περὶ
3530 2309 3606 2346 ων
3640 2294 3675 2364 ὴ
3707 2310 3837 2346 συν-

2259 2377 2467 2450 είδησις
2514 2381 2756 2447 φοϐεῖται
2805 2381 3026 2450 ἑτέρους
3077 2381 3299 2449 γνῶναι,
3381 2383 3468 2436 ἵνα
3536 2383 3610 2453 μὴ
3665 2385 3837 2452 πρόσ-

2259 2484 2450 2538 κομμα
2476 2467 2581 2539 δῷς
2613 2471 2671 2523 ὲν
2699 2472 2919 2537 γνώσει.

2940 2563 3148 2616 Ἄλλο.
3481 2563 3499 2624 ’.

2332 2641 2424 2709 οἷς
2450 2648 2484 2717 ἡ
2520 2647 2669 2714 φιλία
2698 2649 2971 2714 ἀπωλείας
3007 2649 3279 2723 πρόξενος,
3312 2652 3521 2717 τούτοις
3539 2652 3602 2707 τὸ
3651 2655 3830 2726 μῖσος,

2256 2738 2460 2810 ἀρετῆς
2507 2739 2762 2821 ὑπόθεσις
2790 2740 3016 2810 γίνεται.

2340 2869 2344 2874 ,
2941 2835 3149 2889 Ἄλλο.

2337 2921 2463 2977 Ἐὰν
2492 2923 2718 2996 ὀδεύσῃς
2750 2925 2866 2995 μετ’
2897 2925 3159 2993 ἀδελφῶν,
3212 2927 3306 2981 καὶ
3336 2926 3530 2998 εὑρεθῇ
3559 2927 3619 2978 ἒν
3642 2929 3831 2992 αὐτοις

2253 3011 2334 3077 εἷς
2380 3017 2460 3079 εἰς
2513 3016 2574 3070 ὃν
2603 3015 2748 3086 ἔχεις
2794 3017 3014 3086 ἀγάπην
3056 3016 3142 3070 διὰ
3173 3017 3264 3069 τὸν
3292 3017 3448 3084 Θεὸν,
3494 3017 3569 3088 μὴ
3605 3020 3832 3091 mihi”?

2257 3104 2417 3177 σιάσῃ
2447 3106 2564 3176 μετ’
2615 3104 2777 3159 αὑτοῦ
2821 3106 3045 3160 ἐκείνων
3103 3107 3427 3178 βλκ-ίπτων,
3486 3111 3699 3182 μήποτε
3743 3113 3833 3164 εὐ⁹

570 3165 717 3219 tibus
767 3172 888 3223 aliis
941 3188 1105 3240 agas,
1171 3192 1238 3230 ne
1288 3193 1352 3232 ex
1401 3180 1506 3235 illis
1548 3182 1898 3250 imperfectus
1949 3186 2150 3256 aliquis

2258 3165 2482 3271 pseﬁ't'v
2508 3199 2694 3262 αὐτοῖς
2721 3197 2954 3269 ἀσθενὴς
2986 3199 3078 3252 και
3101 3165 3347 3273 ἀποθάνῃ
3377 3165 3604 3255 amcis
3637 3201 3828 3271 ζήλου,

568 3253 902 3317 im'cnialur.
945 3270 996 3313 et
1044 3278 1107 3314 ex
1159 3264 1510 3320 :emulatione
1557 3270 1845 3335 moriatur,
1891 3272 2050 3342 cujus
2097 3286 2153 3328 tu

567 3355 846 3411 peet-atum
879 3349 1042 3413 feres,
1073 3354 1218 3421 quod
1247 3355 1462 3411 dederis
1489 3359 1837 3414 occasionem
1869 3365 2152 3432 peccandi.

1019 3441 1267 3498 Scholion
1302 3445 1567 3507 Diadochi
1609 3449 1697 3503 17.

639 3527 790 3582 Vera:
825 3534 1151 3602 cognitionis
1195 3536 1286 3590 lux
1329 3549 1412 3593 cst
1455 3555 1745 3597 secernere
1801 3545 1923 3600 sine
1964 3561 2154 3602 errore

566 3633 662 3672 seu
696 3620 996 3678 ull'ensioue
1037 3626 1241 3681 bonum
1279 3644 1308 3682 a
1344 3632 1510 3686 malo.
1549 3630 1704 3688 Tunc
1748 3635 1894 3690 enim
1925 3637 2153 3706 iustitia:

565 3711 649 3762 ria
688 3723 922 3768 mentem
966 3716 1120 3772 ducit
1168 3720 1235 3773 ad
1279 3720 1457 3776 Deum‘
1484 3733 1766 3782 auctorem
1790 3729 2038 3797 iustitiae,
2067 3739 2150 3786 at-

568 3817 677 3867 que
710 3804 918 3859 inducit
963 3809 1136 3877 ipsam
1181 3811 1235 3865 iu
1286 3813 1552 3870 inlinitam
1595 3820 1923 3888 cognitionis
1947 3821 2145 3888 lucem,

563 3903 624 3944 ut
651 3909 772 3946 cum
801 3897 1128 3953 conﬁdentia
1160 3910 1210 3956 et
1244 3918 1439 3973 magna
1468 3906 1716 3963 libertate
1740 3911 1996 3980 deinceps
2019 3913 2147 3967 cha-

562 3983 778 4037 ritatem
814 3998 1042 4054 quzerat.
1078 3989 1314 4048 Proinde
1335 3996 1730 4067 arripiendum,
1769 4004 1915 4072 quod
1940 4004 2146 4074 justum

565 4086 649 4131 cst
687 4079 805 4134 sine
851 4084 1019 4139 animi
1068 4087 1193 4142 irati
1243 4094 1613 4148 commotione
1673 4097 1743 4150 ab
1803 4097 1871 4152 iis
1913 4099 2009 4169 qui
2049 4101 2147 4155 tibi

562 4175 952 4229 contumeliam
984 4178 1226 4249 irrogare
1253 4191 1382 4236 sunt
1405 4185 1548 4240 ausi.
1572 4184 1708 4242 Nam
1743 4187 1966 4258 pietatis
1993 4182 2148 4248 amor

561 4271 614 4314 ιιι
649 4263 813 4317 ardor
860 4281 965 4320 non
1019 4269 1147 4324 odio
1197 4279 1597 4344 prosequendo,
1642 4279 1739 4335 sed
1793 4285 2145 4354 coarguendo

560 4359 964 4414 contentionem
995 4363 1189 4432 aperit.

1162 4457 1407 4514 Scholion
1454 4462 1536 4517 l8.

629 4545 986 4613 Charitatem,
1031 4562 1230 4607 metam
1269 4570 1362 4608 seu
1405 4555 1696 4611 terminum
1737 4559 1996 4628 appellat,
2029 4563 2133 4617 ima

558 4637 734 4703 posito
769 4640 842 4690 illi
893 4643 1111 4697 nomine
1135 4647 1278 4712 quod
1322 4647 1652 4717 principium
1697 4659 1750 4704 et
1799 4650 1964 4706 linem
1999 4667 2130 4709 con-

557 4727 713 4781 tinet.

1048 4823 1294 4879 Scholion
1328 4825 1512 4884 Isaaci
1553 4831 1641 4886 19.

625 4912 778 4975 quod
829 4915 872 4966 si
915 4914 1134 4970 luerunt
1165 4919 1449 4986 passiones
1484 4925 1806 4980 naturaliter
1837 4928 1890 4982 in
1927 4927 2134 4993 anima,

557 5004 907 5067 quamobrem
948 5008 1246 5063 lzedcbatur
1284 5012 1354 5066 ab
1396 5012 1541 5068 illis?
1585 5015 1878 5085 Propterea
1926 5026 2137 5074 natura:

558 5092 871 5151 allectioucs
903 5114 1008 5153 non
1039 5100 1261 5156 heduut.

1046 5191 1211 5262 390
1255 5193 1506 5249 Scholion
1539 5196 1631 5250 20.

623 5279 993 5348 Symptomata
1024 5301 1118 5338 seu
1165 5303 1327 5344 casus
1364 5292 1457 5360 qui
1492 5293 1725 5348 subinde
1767 5296 2007 5353 incidere
2038 5315 2128 5354 so-

558 5380 682 5428 lent.
734 5383 860 5427 sunt
894 5377 1278 5446 subreptioncs
1329 5382 1443 5439 sive
1471 5383 1857 5464 distraetiones
1894 5401 1946 5445 et
1983 5389 2125 5446 furta

621 5543 666 5573 ⁸⁵
698 5546 873 5602 Galat.
913 5568 962 5617 ι’,
1002 5554 1081 5606 l7.
1161 5556 1206 5586 ⁸⁵
1236 5556 1432 5628 Ephes.
1466 5576 1529 5627 ll,
1561 5561 1644 5615 Η.

2171 4507 2218 4564 D

2257 3289 2350 3341 καὶ
2387 3287 2449 3341 σὺ
2489 3286 2779 3356 βαστάσεις
2823 3286 2990 3340 αὐτοῦ
3040 3287 3139 3356 τὴν
3181 3287 3478 3359 ἁμαρτίαν,
3524 3288 3609 3341 ὅτι
3659 3287 3826 3342 δέδωο

2255 3396 2358 3442 κας
2417 3377 2565 3447 αὐτῷ
2595 3378 2759 3430 τόπον
2805 3377 2899 3430 τοῦ
2949 3376 3332 3448 ἀμαρτεῖσθαι.

2679 3473 2726 3523 Σ
2728 3470 2939 3536 χόλιον
2976 3467 3264 3536 Διαὸόχου
3293 3467 3379 3530 ιζ’.

2322 3557 2441 3623 Φῶς
2479 3561 2594 3611 ἐστι
2621 3559 2876 3626 γνώσεως
2903 3558 3164 3628 ἀληθινῆς
3199 3558 3259 3611 τὸ
3293 3557 3586 3630 διακρίνειν
3627 3559 3826 3613 ἀπταῐ-

2255 3666 2394 3712 στως
2444 3648 2504 3702 τὺ
2555 3649 2717 3705 καλὸν
2795 3650 2859 3702 ὲκ
2905 3647 3000 3702 τοῦ
3038 3649 3246 3704 κακοῦο
3305 3650 3429 3704 τότε
3475 3649 3605 3722 γάρ
3631 3652 3666 3722 ἡ
3727 3653 3826 3720 τῆς

2252 3739 2600 3810 δικαιοσύνης
2634 3739 2751 3802 ὁδὸς
2774 3739 2867 3793 τὸν
2898 3738 3024 3794 νοῦν
3079 3740 3372 3808 ἀπάγουσα
3403 3739 3539 3811 πρὸς
3581 3740 3677 3793 τὸν
3727 3741 3825 3808 τῆς

2250 3829 2596 3900 δικαιοσύνης
2619 3829 2750 3882 Θεὸν
2789 3830 2870 3893 είς
2902 3830 3129 3900 ἄπειρον
3157 3828 3320 3883 αὐτὸν
3348 3830 3670 3900 παρεισάγει
3684 3828 3826 3897 γνώω

2253 3938 2392 3984 σεως
2449 3921 2750 3989 φωτισμὸν,
2809 3921 2885 3982 ὼς
2935 3917 3074 3991 μετά
3129 3920 3439 3992 παῤῥὴσίας
3483 3921 3672 3976 λοιπὸν
3725 3921 3824 3992 τὴν

2249 4012 2472 4082 ἀγάπην
2507 4012 2791 4082 ζητοῦντα.
2830 4013 2922 4064 Δεῖ
2947 4013 3133 4071 τοίνυν,
3156 4014 3412 4084 ἀοργήτῳ
3439 4013 3594 4085 θυμῷ
3639 4014 3822 4083 ἀρπά-

2249 4102 2363 4168 ζειν
2393 4103 2454 4157 τὸ
2477 4103 2683 4156 δίκαιον
2717 4104 2782 4155 ἐκ
2813 4100 2920 4155 τῶν
2943 4101 3185 4173 ὑδρίζειν
3239 4101 3563 4175 τολμώντων
3591 4120 3605 4134 ·
3639 4106 3670 4159 ό
3714 4104 3821 4175 γὰρ

2246 4194 2347 4263 τῆς
2375 4193 2662 4257 εὐσεϐείας
2692 4188 2852 4262 ζῆλος
2870 4183 2947 4245 ὀὒ
2985 4193 3180 4263 μισῶν,
3209 4194 3324 4248 ἀλλ’
3355 4193 3592 4264 ἐλέγχων
3617 4197 3684 4250 τὸ
3709 4196 3820 4249 νεῖ-

2247 4301 2341 4348 κος
2369 4284 2724 4339 ἐνδείκνυται.

2851 4466 3109 4536 Σχόλιον
3132 4471 3221 4536 ιη’.

2322 4555 2505 4626 Πέρας
2537 4555 2635 4627 τὴν
2663 4556 2886 4627 ἀγάπην
2931 4555 3106 4624 καλεῖ,
3137 4555 3213 4621 ὡς
3259 4556 3430 4628 δνομα
3473 4556 3632 4611 τοῦτο
3676 4556 3814 4630 αὐτῇ

2243 4648 2412 4712 τιθεὶς
2439 4647 2534 4701 καὶ
2569 4649 2760 4720 ἀρχὴν,
2789 4650 2884 4704 καὶ
2905 4649 3077 4713 τέλος.

2705 4847 2963 4915 Σχόλιον
3006 4843 3206 4900 Ἰσαάκ
3245 4843 3330 4901 ιϐ’.

2313 4937 2378 4989 El
2409 4932 2552 5008 ἦσαν
2588 4935 2657 4989 τά
2691 4936 2839 5008 πάθη
2876 4935 3123 5005 φυσικῶς
3159 4938 3215 4991 ἐν
3245 4936 3414 5009 ψυχῇ,
3456 4953 3601 5000 τινος
3656 4936 3814 5008 χάριν

2243 5027 2543 5083 ἐϐλάπτετο
2600 5029 2692 5081 ὑπ’
2745 5026 3065 5094 αὑτῶν;Τά
3104 5029 3257 5102 παρὰ
3281 5028 3383 5099 τῆς
3424 5027 3642 5099 φύσεως
3707 5027 3812 5082 ἴδια

2243 5123 2308 5191 τῇ
2360 5120 2521 5190 φύσει
2553 5120 2614 5174 οὐ
2662 5118 2999 5192 λυμαίνεται.

2834 5210 3094 5279 Σχόλιον
3143 5209 3212 5266 κ’.

2313 5300 2704 5374 Συμπτώματά
2750 5301 2888 5356 εἰσιν
2913 5301 2968 5354 αί
3017 5301 3382 5375 συναρπαγαὶ,
3448 5301 3544 5356 καὶ
3573 5303 3632 5356 αἱ
3656 5301 3807 5374 παρὰ

2239 5393 2427 5464 καιρὸν
2451 5395 2539 5448 διὰ
2585 5395 2905 5467 περίστασιν
2941 5394 3196 5468 χρήσειςο
3243 5391 3446 5466 ὁμοίως
3492 5395 3589 5449 καὶ
3614 5398 3671 5452 αἱ
3698 5411 3803 5449 παο
3880 5414 3882 5418 τ

627 5738 701 5800 (οῖ’)
731 5741 782 5795 Id
808 5752 906 5806 tst,
943 5759 1037 5813 per
1068 5745 1325 5803 amicitiec
1358 5745 1478 5817 ejus
1518 5751 1882 5822 cognitionem
1916 5753 2005 5810 alii
2036 5755 2399 5815 oﬂcndantar.
