4030 6342
211 398 337 465 1081

1151 400 1383 459 SCALA
1407 386 1782 459 PARADISI.
1808 424 1877 435 —
1916 399 2225 461 GRADUS
2248 400 2435 465 XXVI
2460 427 2467 435 -

3296 397 3431 465 1082

206 512 412 584 ράὶογοι
444 511 556 565 τῶν
584 529 644 565 τε
665 512 858 580 λόγων,
888 511 983 566 καὶ
1004 511 1179 581 ἔργων
1198 511 1769 581 καὶὲπιτηδευμάτων,

1878 512 2097 576 mentis,
2121 520 2174 567 et
2200 515 2442 569 actiones
2484 513 2871 583 intempestiva:
2897 528 3020 585 qua:
3058 523 3275 584 propter
3298 530 3433 568 can-

204 603 294 657 καὶ
320 604 375 656 αι
414 604 558 657 κατὰ
586 604 934 674 προπέτειαν.

1878 615 1995 654 sam
2031 602 2266 671 aliquam
2296 604 2641 673 conjunctam
2675 604 2831 658 ﬁunt.
2865 602 3130 659 Similiter
3157 614 3211 658 et
3243 604 3436 658 intem-

202 693 387 764 pestivi
422 708 708 750 sermones
747 703 801 749 et
828 709 990 765 opera
1030 702 1086 748 et
1149 692 1347 760 studia,
1383 702 1438 749 et
1466 674 1467 677 η
1495 705 1834 765 quaacunque
1868 706 1965 761 per
2009 695 2364 750 temeritatem
2415 694 2946 767 [praecipitationem]
2997 696 3139 766 (sine
3171 694 3437 752 delibera-

202 787 365 857 tione)
393 790 831 845 committuntur.

796 881 1055 948 Σχόλιον
1081 875 1187 931 κα’.
1478 913 1481 917 ›

269 964 406 1037 Τρία
436 966 732 1037 φοϐοῦμαι,
762 969 846 1031 τὶς
874 968 983 1021 τῶν
1014 968 1273 1038 Πατέρων
1312 966 1416 1034 ἔφη
1447 982 1460 998 ο
1497 964 1597 1036 τὴν
1637 965 1772 1018 ἀπο·

202 1056 395 1125 δημίαν
424 1056 524 1111 τοῦ
560 1057 676 1127 βίον
699 1060 792 1113 καὶ
819 1060 937 1122 πῶς
971 1058 1281 1129 ὀφθήσομαι
1310 1056 1386 1127 τῷ
1404 1055 1522 1126 Θεῷ
1544 1056 1639 1110 καὶ
1665 1054 1771 1109 ποῦ

205 1148 261 1201 ἔν
300 1150 366 1219 τῇ
418 1150 606 1219 κρίσει
638 1150 1105 1221 καταλογήσομαι.

775 1369 1033 1437 Σχόλιον
1062 1366 1210 1421 ἄλλο.

271 1458 429 1522 Τινὲς
460 1458 560 1522 τὰς
600 1459 743 1527 τρεῖς
776 1457 928 1528 ὥρας
960 1459 1060 1527 τῆς
1100 1455 1317 1526 ἡλικίας
1370 1455 1491 1524 ἦτοι
1560 1453 1662 1523 τὴν
1711 1451 1772 1505 ἐν

208 1550 434 1621 νεότητι,
495 1550 595 1619 τὴν
623 1552 680 1603 ὲν
709 1551 849 1621 μέσῃ
887 1551 982 1603 καὶ
1030 1548 1125 1618 τὴν
1182 1549 1239 1600 ὲν
1275 1548 1353 1615 τῷ
1394 1547 1540 1616 γήρᾳ
1574 1562 1588 1576 ο
1618 1543 1778 1606 ἄλλος

208 1640 301 1712 τὴν
327 1642 543 1713 ἡδονὴν,
576 1641 676 1711 τὴν
723 1640 1047 1704 κενοδοξίαν,
1093 1637 1187 1690 καὶ⁴
1243 1636 1341 1706 τὴν
1374 1632 1735 1705 φιλαργυρίαν
1759 1647 1773 1662 ⁸

209 1730 357 1791 ἄλλος
403 1732 505 1793 τὰς
574 1732 725 1800 τρεῖς
779 1728 1081 1800 προσϐολὰς
1130 1725 1225 1779 τοῦ
1285 1724 1532 1794 δαίμονος
1557 1738 1570 1750 ·
1620 1721 1778 1785 ἄλλος

210 1819 303 1890 τὴν
343 1820 596 1891 ἁκηδίαν.
671 1820 746 1884 ὡς
790 1822 885 1873 καὶ
943 1817 1199 1889 ἀλλαχοῦ,
1275 1815 1507 1888 τρίωρον
1581 1813 1776 1885 φρίκᾳ.

800 2021 847 2071 Σ
848 2019 1054 2087 χόλων
1080 2016 1186 2087 κβ’.

276 2109 387 2163 Καὶ
418 2108 529 2181 γὰρ
579 2092 910 2175 ἐξαιτοῦνται
941 2110 989 2161 οἱ
1016 2109 1267 2179 δαίμονες
1311 2108 1447 2178 πρδς
1500 2105 1776 2166 ἔκπτωσιν

213 2196 385 2266 ἡμῶν,
420 2198 454 2267 ἢ
486 2198 564 2261 ὼς
589 2198 680 2251 τὸν
719 2200 863 2251 σῖτον
890 2197 1048 2268 ἡμῶν
1082 2197 1382 2261 συναλίσαι,
1410 2195 1467 2265 ἢ,
1510 2194 1653 2247 κατὰ
1686 2191 1777 2245 τὸν

224 2286 358 2353 Ἰὼϐ,
390 2288 803 2359 τραυματίσαι·
850 2288 985 2359 πρὸς
1036 2288 1092 2339 δὲ
1146 2287 1244 2357 τὴν
1299 2286 1561 2356 ἀμέλειαν
1621 2280 1778 2352 ἡμῶν

212 2378 612 2450 παραδιδόμεθα
634 2377 991 2441 παιδευτικιῖκ
1022 2374 1646 2446 ὲγκαταλιμπανόμενοι.

390 2674 393 2679 ι
503 2639 766 2709 Σχόλιον
794 2639 903 2693 τοῦ
933 2637 1333 2707 Χρυσορώμου
1392 2642 1498 2703 κγ’.

279 2714 415 2783 Οὖτσ
462 2728 850 2800 παραιτεῖσθαι
878 2726 1109 2791 δεῖτοὺς
1160 2728 1398 2796 ἀγῶνας,
1454 2724 1579 2779 οὔτε
1643 2722 1780 2794 πρὸς

211 2820 435 2883 τούτους
464 2820 743 2892 ἑπιπηδᾷν
764 2835 778 2851 ⁸
809 2820 951 2873 οὕτω
974 2819 1082 2890 γὰρ
1110 2819 1202 2871 καὶ
1228 2820 1362 2886 ἡμῖν
1412 2820 1446 2887 ή
1492 2817 1616 2883 νίκη
1641 2814 1782 2882 λαμ-

212 2914 448 2985 προτέρα
480 2912 657 2976 ἔσται,
707 2911 802 2966 καὶ
830 2913 864 2982 ἡ
897 2906 1039 2984 ἧττα
1079 2908 1156 2979 τῷ
1199 2907 1427 2974 διαϐόλῳ
1475 2905 1782 2973 καταγελα-

215 3000 458 3074 στοτέρα·
514 3002 875 3066 ἑλκυσθέντας
909 3000 1137 3073 μὲνγὰρ
1204 3000 1461 3069 γενναίως
1522 2996 1777 3050 ἑστάναι·

158 3090 163 3095 Α
218 3090 289 3162 μὴ
330 3092 702 3162 καλουμένους
734 3093 792 3146 δὲ
829 3092 1141 3164 ἡσυχάζειν,
1171 3091 1263 3144 καὶ
1307 3091 1397 3143 τὸν
1435 3087 1627 3159 καιρὸν
1652 3088 1782 3141 ἁνα-

217 3182 393 3253 μένειν
443 3182 554 3235 τῶν
582 3181 833 3251 ἀγώνων,
864 3183 952 3238 ἵνα
1001 3185 1093 3236 καὶ¹
1121 3185 1182 3236 τὸ
1220 3180 1531 3245 ἀκενὸδοξον
1577 3180 1669 3233 καὶ
1720 3178 1783 3231 τὸ

214 3276 449 3343 γενναῖον
483 3271 898 3343 ὲπιδειξώμεθα.

791 3450 838 3501 Σ
838 3448 1049 3516 χόλιον
1094 3445 1189 3499 κδ’.

278 3538 390 3608 Τῆς
464 3539 637 3609 αὐτῆς
685 3539 1001 3609 μεθέξουσιν
1045 3540 1092 3592 οἱ
1146 3534 1559 3607 βεὸουλευμένοι
1612 3532 1780 3603 τιμῆς

213 3632 321 3693 τοῖς
355 3630 683 3700 δυνηθεῖσιν.
729 3623 804 3682 ὧν
841 3630 874 3698 ὴ
922 3629 1243 3698 προαίρεσις
1309 3628 1421 3697 ἴση,
1462 3624 1565 3679 κᾶν
1593 3624 1781 3676 πλεονο

216 3720 440 3775 εκτῶσιν
488 3722 666 3790 ἕτεροι
700 3722 765 3790 τῇ
808 3719 1115 3790 περιουσίᾳ.

811 3898 857 3949 Σ
859 3896 1070 3964 χόλιον
1101 3900 1197 3947 κε’.

296 3986 489 4039 Ἰστέον
532 3986 616 4039 ὅτι
651 3986 709 4038 ὲν
746 3987 858 4048 τοῖς
892 3984 1029 4037 κατὰ
1057 3983 1285 4053 δύναμιν
1319 3982 1556 4036 δίδονται
1584 3983 1642 4036 αἱ
1694 3983 1783 4034 ὲν-

214 4076 359 4129 τολαὶ
410 4079 567 4131 ποῖον
595 4077 653 4129 δὲ
686 4076 907 4146 ποιῆσαι
938 4075 1124 4145 εἴρηκε
1150 4075 1256 4127 τῶν
1290 4074 1500 4145 ἐντολῇ,
1534 4072 1667 4137 τοὺς
1712 4072 1780 4125 δι’

218 4166 284 4236 (c)
312 4167 761 4237 ὑπερϐάλλουσαν
793 4167 1014 4236 ἀγάπην
1056 4167 1168 4228 τοῖς
1212 4164 1353 4235 ὑπὲρ
1380 4164 1611 4235 δύναμιν
1650 4165 1776 4217 ἐπι·

217 4255 564 4326 χειροῦντας·
598 4256 678 4309 διὸ
729 4257 824 4310 καὶ
866 4255 964 4324 τὴν
1022 4253 1307 4326 σύγκρισιν
1353 4254 1382 4307 ὁ
1431 4255 1620 4325 Πατὴρ
1670 4255 1780 4307 τῶν

217 4347 351 4400 κατὰ
398 4348 631 4419 δύναμιν
656 4346 751 4401 καὶ
791 4346 933 4415 ὑπὲρ
970 4345 1201 4416 δύναμιν
1264 4346 1577 4415 ἐποιήσατο.
1758 4356 1759 4359 ‘

856 4526 902 4577 Σ
904 4526 1035 4593 χόλι
1045 4542 1137 4579 ον.

298 4615 452 4673 Μετὰ
487 4616 589 4688 τὴν
628 4615 835 4688 ὥρανῆ
867 4616 1099 4687 ἡμέραν.

801 4872 1058 4954 Σχόλιον
1111 4885 1223 4944 κς’.

287 4978 363 5033 To
412 4980 576 5046 σῶμα
600 4990 663 5028 το
689 4964 942 5035 deﬂevi“
979 4971 1108 5026 ὅταν
1140 4972 1534 5041 καταναγκάσῃ
1584 4988 1665 5035 τις
1711 4972 1789 5037 εις

224 5067 356 5135 (me.
385 5065 753 5138 περισσότερα
776 5063 876 5132 τῆς
944 5062 1225 5132 δυνάμεως
1283 5062 1469 5125 αὐτοῦ,
1529 5063 1793 5117 σκότωσιν

222 5159 311 5213 ἰπὶ
365 5157 631 5213 σκοτώσει
656 5154 894 5224 ἐντίθησι
920 5155 985 5224 τῇ
1021 5153 1186 5226 ψυχῇ,
1230 5154 1325 5207 καὶ
1363 5152 1622 5222 σύγχυσιν
1650 5155 1788 5225 αὐτῇ

226 5248 422 5319 μᾶλλον
460 5247 716 5320 ἐπιφέρει
740 5262 756 5278 ·
802 5244 863 5297 τὸ
888 5243 946 5296 δὲ
984 5243 1143 5315 σῶμα
1182 5246 1245 5299 τὸ
1304 5244 1521 5313 ἰσχυρὸν
1577 5244 1671 5298 ἐὰν
1722 5248 1788 5317 τῇ

223 5338 547 5405 άηπαύσει,
577 5336 672 5391 καὶ
694 5337 761 5406 τῇ
795 5333 964 5405 ἀργίᾳ
990 5334 1182 5406 ὲκδῷς,
1225 5336 1373 5388 πᾶσα
1396 5334 1561 5386 κακία
1620 5335 1793 5389 τελεῖ-

293 5519 339 5553 ⁸⁸
363 5519 468 5577 Job
499 5532 653 5585 xxrv,
695 5514 729 5570 9
758 5529 911 5584 seqq.

295 5636 368 5716 (ᾳ)
392 5635 668 5716 ῌρετνείςὶ.
853 5631 978 5716 5ςυ5,
1011 5648 1066 5716 n‘.
1092 5631 1164 5716 4..
1184 5631 1251 5687 de
1284 5604 1400 5685 Elia
1430 5631 1643 5687 abbate.

295 5638 347 5714 (ᾳ
392 5638 668 5694 Rosweid.
706 5648 828 5716 pag.
853 5638 978 5696 565,
1011 5648 1066 5688 n.
1092 5638 1164 5714 4..
1184 5638 1251 5687 de
1284 5638 1400 5685 Elia
1430 5638 1643 5687 abbate.

317 5725 344 5759 ο
401 5706 591 5762 Mortis
611 5705 820 5771 judicn,
856 5709 911 5757 et
938 5710 1234 5764 sententiae,

294 5638 369 5850 lc;
393 5776 575 5835 Locus
601 5774 823 5831 Graecus
852 5772 1062 5831 videtur
1088 5772 1418 5838 mendosus;
1449 5770 1680 5829 fortasse
1707 5770 1780 5826 ita

320 5787 369 5838 ι)
393 5787 575 5835 Locus
601 5787 823 5831 UI’il‘CIIS
852 5787 1062 5831 γιαειυι·
1088 5787 1379 5829 mendosus
1404 5787 1418 5838 ;
1449 5787 1680 5829 ιοῐιαεεε

2464 877 2711 934 Scholion
2747 879 2807 933 2|
2822 917 2838 932 .

1939 966 2088 1034 Tria,
2141 969 2317 1040 inquit
2355 969 2577 1025 Patrum
2628 972 2849 1038 quidam
2878 972 2978 1040 (α),
3025 969 3294 1034 formido;
3336 969 3441 1021 mi-

1870 1063 2169 1129 grationem
2197 1075 2228 1116 e
2256 1062 2395 1128 vita;
2426 1071 2481 1117 et
2505 1062 2779 1131 quomodo
2816 1062 3090 1131 apparebo
3124 1061 3175 1113 in
3212 1073 3442 1127 conspe-

1871 1160 1961 1205 ctu
2019 1150 2148 1218 Dei;
2200 1161 2254 1207 ct
2311 1154 2453 1207 inter
2504 1168 2644 1223 quos
2692 1168 2788 1223 per
2833 1153 3103 1222 judicium
3153 1164 3442 1206 recensen~

1873 1241 1981 1296 dus
2012 1242 2140 1297 sim.
2682 1270 2687 1297 ;

2428 1337 2674 1393 Scholion
2708 1337 2881 1394 aliud.

1944 1424 2175 1490 Quidam
2220 1437 2329 1483 tres
2378 1428 2540 1483 horas
2574 1431 3013 1498 interpretantur
3042 1439 3154 1485 tres
3206 1427 3444 1483 hominis

1874 1525 2060 1571 aetates
2088 1519 2202 1572 sive
2231 1519 2684 1583 adolescentiam,
2723 1520 2932 1574 virilem
2961 1536 3060 1574 seu
3104 1520 3358 1581 mediam,
3394 1526 3445 1571 et

1877 1615 2231 1661 senectutem.
2284 1609 2437 1663 Alius
2472 1611 2821 1679 voluptatem,
2860 1624 3051 1662 vanam
3103 1609 3351 1677 gloriam,
3390 1618 3451 1663 at

1878 1697 2198 1763 avaritiam;
2230 1699 2371 1753 alius
2399 1715 2509 1754 tres
2543 1702 2807 1755 daemonis
2839 1700 3163 1755 tentationes
3191 1708 3247 1751 et
3278 1699 3448 1767 impe-

1879 1795 1968 1844 tus
1993 1805 2090 1844 seu
2126 1790 2362 1845 insultus
2395 1808 2409 1845 :
2445 1790 2586 1845 alius
2625 1793 2919 1861 pigritiam,
2962 1802 3023 1846 ut
3064 1799 3118 1845 ct
3168 1790 3272 1845 alio
3303 1790 3443 1855 loco,

1879 1880 2042 1934 trium
2069 1881 2328 1937 horarum
2361 1881 2763 1937 ﬂuctuationem
2790 1883 2888 1953 (li).

2469 1974 2716 2029 Scholion
2754 1975 2845 2030 29..

1809 2046 1853 2101 Β
1950 2059 2161 2142 Etenim
2188 2063 2464 2120 daemones
2498 2067 2563 2120 ad
2597 2067 2952 2135 qumstioncm
2985 2074 3039 2119 et
3075 2080 3301 2119 examen
3325 2078 3450 2133 pro-

1878 2162 1996 2221 pter
2042 2162 2289 2209 nostrum
2332 2156 2558 2210 exitium
2604 2168 2890 2221 vocantur,
2940 2165 3035 2211 aut
3079 2156 3225 2226 quod
3264 2156 3450 2209 nobis-

1878 2258 2004 2299 cum
2048 2248 2246 2302 versati
2282 2258 2467 2302 nostra
2495 2249 2785 2317 (lepra-dati
2819 2249 2948 2315 sint,
2994 2258 3087 2302 aut
3116 2263 3232 2312 nos,
3270 2258 3326 2300 ut
3368 2255 3452 2301 cst

1878 2338 2022 2408 apud
2056 2336 2252 2392 Jobum
2305 2339 2734 2393 vulnerarint".
2788 2340 3014 2409 Propter
3059 2349 3302 2393 nostram
3353 2354 3449 2391 ne-

1878 2429 2195 2498 gligentiam
2244 2430 2425 2485 traditi
2477 2446 2669 2486 sumus
2729 2433 2795 2485 ad
2850 2446 3063 2500 prunam
3121 2446 3153 2485 a
3205 2430 3312 2484 Deo
3350 2430 3449 2484 dc-

1878 2520 2036 2573 serti.
3012 2568 3019 2575 .

2266 2605 2515 2661 Scholion
2564 2607 2935 2677 Chrysot'homi
2974 2610 3065 2664 ‘25.
3152 2654 3157 2657 μ

1950 2695 2137 2769 Neque
2185 2698 2529 2753 detrectanda
2576 2710 2702 2753 sunt
2752 2702 3085 2765 certamina,
3147 2713 3321 2767 neque
3372 2705 3454 2752 te-

1882 2806 2031 2845 mere
2066 2790 2132 2845 ad
2166 2791 2255 2845 illa
2286 2792 2699 2860 prosiliendum.
2729 2791 2806 2845 Ita
2834 2793 2979 2845 enim
3005 2803 3059 2845 et
3099 2792 3320 2845 victoria
3350 2804 3452 2843 no-

1883 2882 1968 2937 bis
2010 2882 2274 2937 illustrior
2297 2885 2421 2951 erit,
2452 2893 2507 2939 et
2536 2885 2662 2939 victi
2692 2883 2954 2938 dannonis
2989 2883 3286 2952 ignominia
3330 2898 3453 2934 ma-

1876 2972 1997 3043 jore
2052 2975 2166 3028 risu
2222 2974 2409 3044 digna,
2476 2991 2599 3030 cum
2650 2976 2918 3046 compulsi
2969 2984 3022 3029 et
3073 2973 3333 3045 protracti
3383 2973 3454 3027 ad

1883 3080 2411 3134 pugnamgenerose
2440 3067 2495 3121 in
2524 3067 2613 3122 illa
2643 3068 3075 3130 constiterimus,
3103 3075 3158 3121 et
3188 3081 3294 3119 non
3326 3080 3454 3134 pro-

1840 3168 1852 3181 ·
1880 3155 2056 3210 vocati
2085 3157 2471 3225 quieverimus,
2495 3160 2588 3213 sed
2616 3168 2828 3227 tempus
2859 3160 3132 3230 pugnandi
3165 3167 3455 3227 exspecta-

1881 3247 2143 3313 verimus,
2183 3256 2242 3302 ut
2269 3258 2323 3303 et
2352 3264 2505 3304 vana:
2540 3250 2726 3319 gloriae
2761 3250 2966 3321 fugam.
3000 3261 3053 3305 ct
3093 3248 3452 3305 constantiam

1804 3381 1849 3440 α
1887 3340 1940 3393 in
1972 3355 2154 3411 pugna
2181 3341 2612 3397 ostenderemus.

2484 3434 2729 3490 Scholion
2768 3436 2839 3490 2i

1956 3533 2060 3601 Qui
2089 3539 2400 3589 statuerunt
2449 3531 2693 3603 (exsequi
2732 3529 2875 3599 quod
2903 3528 3012 3583 Deo
3048 3525 3244 3597 placet)
3288 3524 3456 3578 liabe-

1886 3628 2023 3683 hunt
2065 3626 2206 3680 idem
2257 3624 2543 3695 prmmium
2589 3624 2735 3692 quod
2772 3621 3036 3689 accipient
3079 3621 3171 3688 qui
3211 3624 3461 3687 poterant

1890 3717 2149 3785 exsequi,
2198 3716 2343 3785 quod
2387 3729 2574 3768 eorum
2607 3713 2943 3781 propositum
2989 3725 3087 3778 par
3116 3710 3279 3762 fuerit
3328 3709 3455 3770 illis,

1895 3808 2151 3881 quamvis
2178 3808 2253 3860 illi
2281 3806 2537 3861 lacultate
2565 3804 2895 3873 exsequendi
2929 3801 3332 3871 praepotuerint.

2478 3894 2725 3951 Scholion
2762 3894 2855 3948 25.

1962 3966 2256 4025 Sciendum
2304 3967 2419 4021 dari
2460 3975 2726 4035 praecepta
2782 3963 3079 4019 secundum
3139 3960 3356 4015 modum
3405 3968 3460 4014 et

1891 4058 2157 4112 rationem
2196 4057 2425 4124 virium;
2476 4065 2529 4111 et
2556 4056 2817 4125 quosdam
2859 4054 3074 4121 quidem
3109 4051 3243 4105 dixit
3281 4049 3460 4104 facere

1891 4165 2013 4220 qua:
2049 4149 2302 4218 praecepti
2338 4156 2488 4212 sunt,
2526 4147 2790 4227 quosdam
2825 4153 3005 4197 autem
3028 4143 3094 4196 de
3123 4142 3460 4212 superabun-

1893 4242 2057 4294 dante
2082 4240 2346 4293 eliaritatc
2376 4254 2541 4308 supra
2574 4239 2715 4290 vires
2744 4233 2946 4302 aliquid
2976 4233 3195 4288 audere.
3229 4232 3461 4286 Proinde

1893 4328 2055 4383 Pater
2096 4329 2335 4383 instituit
2384 4326 2845 4397 comparationem
2893 4323 3033 4379 inter
3062 4340 3225 4395 opera
3270 4339 3462 4378 secun-

1895 4420 2024 4474 dum
2052 4419 2221 4486 vires,
2252 4430 2307 4475 et
2335 4434 2498 4489 supra
2526 4418 2666 4470 vires
2698 4414 2861 4468 facta.

2419 4510 2576 4579 391
2644 4507 2910 4563 Scholion.

1970 4604 2101 4659 Post
2166 4604 2358 4657 horam
2407 4612 2504 4655 aut
2560 4602 2703 4655 diem
2756 4600 3034 4670 (loquitur
3080 4600 3147 4654 de
3192 4596 3465 4664 colloquio

1825 4726 1871 4782 ι)
1904 4713 2029 4753 cum
2071 4705 2296 4751 externo
2330 4704 2384 4748 et
2428 4692 2549 4763 ejus
2586 4693 2856 4762 digressu)
2907 4692 3026 4748 sine
3063 4692 3240 4761 signo,
3298 4687 3349 4739 ει
3382 4704 3464 4751 τις

1901 4790 2035 4862 πρὸς
2063 4788 2324 4857 κοσμικυύ
2333 4803 2379 4848 ς.

2486 4876 2735 4931 Scholion
2784 4876 2872 4931 26.

1973 4971 2028 5025 Si
2057 4971 2179 5039 quis
2222 4985 2423 5039 corpus
2455 4969 2730 5025 inﬁrmum
2774 4970 2840 5024 ad
2878 4984 2966 5024 res
2994 4980 3115 5036 quae
3154 4964 3464 5019 vircsillius

1899 5064 2201 5124 excedunt,
2252 5072 2473 5132 urgeat,
2526 5063 2772 5117 tenebras
2819 5060 3055 5117 tenebris
3103 5058 3365 5128 adjungit,
3412 5069 3465 5112 et

1898 5155 2124 5209 involvit
2179 5154 2417 5208 animant
2446 5195 2461 5221 ,
2506 5155 2789 5224 magisque
2839 5148 3168 5216 confundit;
3229 5150 3463 5203 validum

1898 5255 2076 5299 autem
2119 5260 2321 5314 corpus
2360 5245 2404 5301 si
2437 5248 2550 5300 otio
2580 5254 2633 5299 et
2662 5241 2983 5298 relaxationi
3016 5242 3304 5303 dedideris,
3341 5253 3462 5292 om-

1903 5352 2025 5392 ncm
2059 5336 2374 5407 'nequitiam
2426 5334 2699 5393 exercebit
2751 5332 2805 5387 in
2852 5331 3033 5387 anima
3084 5331 3359 5387 habitante
3406 5326 3464 5379 in

1898 5631 2279 5717 corrigemus,
2316 5630 2558 5717 καιροὺς
2615 5632 2715 5700 μὲν
2751 5634 2975 5700 ποιῆσαι
3022 5634 3207 5700 εἴρηκε
3267 5637 3332 5683 τα
3358 5647 3456 5700 της

1842 5722 1847 5725 “
1896 5700 2134 5774 ἐντολῆς,
2175 5704 2301 5766 τοὺς
2322 5703 2379 5757 δὲ
2415 5700 2503 5766 δι’,
2533 5710 2583 5757 Ct
2612 5718 2732 5770 quae
2758 5712 3073 5771 sequuntur.
