4032 6340
668 325 803 390 1087

727 527 884 583 Sicut
911 529 1006 598 qui
1035 539 1279 584 aromata
1320 530 1656 597 circumfert,
1701 533 1867 588 etiam
1896 532 2110 600 nclens,
2139 553 2204 591 ex

655 618 887 673 odorum
920 619 1212 688 fragrantia
1235 613 1685 690 deprehenditur,
1717 624 1789 678 ita
1836 627 1927 695 qui
1963 627 2216 696 spiritum

655 703 752 757 Dei
803 705 1063 774 possidet,
1103 721 1169 761 ex
1210 707 1392 762 verbis
1437 708 1554 762 suis
1599 718 1657 763 et
1700 709 2002 767 humilitate
2051 728 2220 782 agno-

652 793 850 848 scitur.
2159 870 2169 880 ι

727 882 1196 949 Quemadmodum
1227 887 1373 941 venti
1404 888 1728 958 perturbant
1778 905 1965 958 mare,
2016 893 2095 949 sic
2141 893 2222 949 ira

654 988 770 1043 pra:
799 979 1011 1033 cunctis
1038 978 1158 1033 aliis
1184 978 1466 1047 perturbat
1493 989 1751 1036 mentem.

721 1155 1192 1226 Quemadmodum
1225 1157 1438 1223 oculus,
1471 1173 1593 1229 quae
1620 1174 1725 1214 non
1756 1160 1912 1227 vidit,
1940 1177 2004 1216 ex
2035 1165 2220 1220 auditu

658 1247 952 1321 non_valde
987 1249 1188 1318 appetit
1217 1260 1456 1319 gustare,
1505 1251 1578 1305 ita
1613 1255 1705 1323 qui
1749 1263 1901 1310 casto
1939 1267 2068 1312 sunt
2097 1274 2222 1314 cor-

660 1353 795 1407 pore
825 1338 1015 1409 ingens
1032 1340 1159 1395 inde
1184 1341 1425 1396 levamen
1458 1343 1678 1399 habent.

731 1421 889 1479 Sicut
917 1424 1065 1482 fures
1097 1443 1220 1482 cum
1251 1429 1446 1485 alicubi
1467 1432 1614 1500 regia
1641 1449 1793 1489 arma
1827 1437 2062 1507 reposita
2096 1454 2220 1494 cono

663 1513 925 1582 spiciunt,
953 1533 1059 1572 non
1092 1516 1249 1573 facile
1274 1521 1405 1576 illuc
1430 1523 1752 1591 ascendunt,
1783 1527 1854 1582 ita
1878 1530 1970 1596 qui
1995 1529 2224 1585 familia-

662 1621 753 1660 res
793 1609 941 1661 cordi
977 1608 1139 1663 habet
1171 1624 1386 1678 preces,
1431 1628 1538 1668 non
1584 1613 1743 1671 facile
1784 1618 1853 1673 ab
1888 1619 2224 1677 daemonibus

661 1694 877 1752 furibus
901 1700 1098 1754 mentis
1131 1699 1332 1755 furtum
1361 1705 1581 1773 patitur.

730 1786 1194 1854 Quemadmodum
1227 1793 1366 1862 ignis
1393 1810 1500 1850 non
1529 1806 1751 1866 generat
1778 1799 1978 1866 nivem,
2027 1800 2097 1856 ita
2129 1802 2221 1873 qui
2253 1789 2294 1844 Β

662 1878 925 1934 honorem
952 1883 1164 1949 quaerit,
1193 1899 1299 1937 non
1349 1886 1655 1954 perfruetur
1675 1888 1747 1941 ibi
1772 1889 2043 1964 [caelesti].
2121 1889 2123 1891 ’

729 1969 892 2039 395
937 1970 1088 2026 Sicut
1130 1987 1235 2027 una
1279 1987 1420 2049 saepe
1469 1976 1701 2032 scintilla
1747 1989 1953 2035 vastam
2000 1984 2220 2054 depasta

660 2070 745 2116 est
783 2063 996 2129 silvam,
1037 2065 1110 2118 ita
1145 2066 1364 2120 unicum
1403 2084 1544 2140 saepe
1593 2087 1731 2141 opus
1757 2073 1961 2143 bonum
2003 2069 2220 2136 omnem

661 2156 1008 2214 peccatorum
1041 2166 1357 2220 magnorum
1390 2170 1659 2211 summam
1687 2158 1909 2214 delevit.

731 2238 886 2294 Sicut
927 2241 1128 2312 absque
1183 2244 1290 2298 telo
1341 2243 1468 2300 ferae
1525 2264 1636 2302 non
1696 2251 2096 2320 conficiuntur,
2148 2256 2222 2310 ita

660 2324 782 2380 sine
811 2326 1116 2386 humilitate
1145 2346 1252 2385 non
1283 2334 1553 2391 obtinebis
1585 2338 1652 2391 de
1679 2338 1760 2392 ira
1781 2339 2088 2398 victoriam.

731 2413 903 2471 Sicuti
954 2435 1116 2474 nemo
1164 2417 1397 2478 naturali
1433 2426 1597 2480 modo
1629 2428 1748 2484 sine
1779 2430 1903 2484 cibo
1936 2433 2101 2499 vivit,
2146 2435 2220 2489 ita

659 2519 832 2574 usque
877 2507 946 2562 ad
997 2521 1223 2565 mortem
1282 2529 1560 2584 nunquam
1622 2518 1744 2572 licet
1810 2519 1891 2573 vel
1947 2535 2223 2579 momento

657 2608 876 2651 cessare
898 2606 1004 2656 aut,
1023 2600 1379 2670 negligentem
1409 2618 1552 2659 esse.

729 2684 1196 2751 Quemadmodum
1256 2694 1389 2748 solis
1444 2696 1632 2752 radius
1678 2713 1778 2767 per
1826 2699 2066 2758 foramen
2128 2706 2223 2760 ad-

660 2773 864 2830 missus
887 2777 1121 2832 illustrat
1146 2788 1317 2844 totam,
1336 2783 1584 2850 domum,
1618 2785 1694 2841 ita
1720 2796 1781 2842 nt
1815 2790 2024 2844 minimi
2055 2792 2217 2847 etiam

659 2865 828 2919 atomi
859 2881 952 2920 seu
979 2869 1264 2937 pulvisculi
1286 2872 1576 2930 volitantes
1603 2876 1916 2944 videantur;
1961 2882 2034 2936 ita
2059 2883 2222 2938 timor

661 2950 879 3010 Domini
913 2959 1008 3026 qui
1039 2960 1094 3012 in
1137 2960 1301 3015 corde
1342 2963 1524 3019 sedem
1576 2965 1692 3021 fixit
1728 2982 1917 3024 omnes
1968 2970 2043 3024 illi
2074 2972 2223 3029 labos

661 3058 1011 3115 peccatorum
1043 3053 1299 3109 ostendit.
1512 3119 1527 3131 _‘

732 3137 1201 3204 Quemadmodum
1231 3144 1416 3199 cancri
1449 3145 1603 3202 facile
1635 3149 1958 3218 capiuntur,
1991 3168 2056 3208 eo
2078 3156 2223 3224 quad

662 3245 809 3296 nunc
837 3236 1282 3304 progrediantur,
1319 3244 1466 3296 nunc
1507 3243 1906 3313 rcgrediantur,
1934 3230 2006 3302 ita
2043 3251 2224 3305 anima

665 3317 907 3376 nuncin
963 3327 1073 3380 risu
1125 3325 1322 3392 soluta,
1383 3345 1527 3385 nunc
1555 3333 1622 3386 ad
1670 3333 1875 3388 luctum
1903 3340 2222 3406 composita,

667 3424 816 3464 nunc
843 3412 1050 3466 deliciis
1099 3428 1314 3468 rursum
1351 3417 1603 3475 immersa
1645 3423 1852 3477 nullum
1885 3427 2031 3494 capit
2072 3427 2226 3484 labo-

669 3512 791 3550 rum
827 3515 1052 3554 suorum
1076 3505 1520 3561 emolumentum.

740 3585 892 3642 Sicut
933 3591 1260 3650 dormientes
1305 3592 1460 3648 facile
1498 3596 1804 3666 spoliantur
1831 3639 1847 3664 ,
1907 3600 1980 3654 ita
2021 3602 2115 3671 qui
2169 3604 2226 3658 in

665 3680 864 3734 saeculo
902 3683 984 3735 vel
1035 3685 1232 3739 saeculo
1262 3689 1529 3755 proximi,
1582 3690 1768 3745 virtuti
1803 3694 2020 3748 student
2067 3695 2228 3764 (pra:-

666 3771 900 3825 donibus
924 3773 1156 3843 patent).
1258 3842 1264 3848 .

741 3858 897 3912 Sicut
951 3862 996 3913 is
1039 3862 1133 3930 qui
1184 3878 1308 3918 cum
1356 3865 1510 3919 leone
1556 3876 1797 3936 pugnat,
1835 3869 1879 3925 si
1929 3871 2010 3926 vel
2059 3875 2224 3930 semel

668 3949 857 4001 oculos
895 3950 1001 4005 alio
1051 3953 1305 4017 declinet,
1339 3959 1605 4023 extemplo
1651 3961 1812 4028 perit,
1843 3962 1918 4016 ita
1953 3965 2047 4033 qui
2099 3980 2222 4022 cum

617 4041 624 4066 ‘
669 4052 833 4092 carne
871 4055 968 4094 sua
1016 4042 1286 4111 luctatur,
1337 4047 1384 4100 si
1435 4047 1681 4105 inducias
1725 4066 1848 4105 cum
1901 4054 1988 4109 illa
2042 4055 2221 4124 faciat,

670 4127 872 4184 interit.
1390 4200 1393 4201 ν

738 4221 1200 4287 Quemadmodum
1234 4232 1329 4300 qui
1374 4232 1574 4287 scalam
1612 4242 2006 4302 putrescentem
2033 4253 2222 4294 ascen-

666 4312 827 4377 dunt,
880 4314 988 4368 vita
1021 4319 1393 4385 periclitantur
1422 4362 1439 4390 ,
1492 4325 1563 4379 ita
1597 4323 1804 4392 quaevis
1853 4325 2124 4396 dignitas,
2167 4340 2225 4385 et

1908 335 1969 395 S.
1993 335 2308 398 JOANNIS
2334 338 2636 399 CLIMACI
2682 372 2685 374 >
2846 399 2852 404 .

651 437 722 492 ad
775 437 944 492 Deum
988 451 1088 509 per
1133 437 1508 509 paenitentiam
1553 442 1798 512 exsurgit
1844 452 1898 498 et
1959 456 2223 501 servatur.

2328 449 2465 517 πρὸς
2510 451 2642 502 Θεὸν
2683 451 2770 504 διὰ
2825 451 3107 522 μετανοίας
3165 451 3358 520 ἀνῆλθε
3410 454 3504 506 καὶ
3558 456 3742 528 ἐσώθη

3753 346 3889 416 1088

2393 538 2604 606 ’Ὠσπερ
2631 541 2659 591 6
2681 539 2947 611 ἀρώματα
2981 539 3262 609 βαστάζων
3297 543 3393 611 (7),
3435 545 3530 596 καὶ
3577 549 3654 614 μὴ
3715 548 3885 601 θέλων

2319 628 2382 680 ὲκ
2426 626 2526 697 τῆς
2567 629 2738 700 ὀσμῆς
2764 631 3046 700 ἐλέγχεται
3068 647 3083 661 ο
3118 620 3300 695 ⁴οὕτως
3326 633 3420 684 καὶ
3447 635 3475 686 6
3505 636 3731 706 Πνεῦμα
3769 641 3883 693 Ku-

2322 718 2438 788 ρίου
2493 720 2652 789 έχων,
2710 723 2774 775 ὲκ
2802 722 2911 775 τῶν
2939 721 3103 776 αὐτοῦ
3131 720 3306 791 λόγων
3335 725 3428 778 καὶ
3458 726 3582 794 τῆς..
3611 733 3880 782 ταπεινῶν

2323 823 2459 869 σεως
2501 809 2842 880 γνωρίζεται.

2392 897 2604 968 Ὥσπερ
2686 899 2755 952 τὰ
2815 899 3100 970 πνεύματα
3164 902 3530 971 ταράσσουσιν
3602 905 3878 960 ἄϐυσσονο

2321 985 2464 1039 οὕτω
2515 987 2613 1041 καλ⁵
2644 989 2673 1042 6
2705 988 2875 1063 θυμὸς
2899 991 3061 1046 πλέον
3093 992 3309 1047 πάντων
3339 993 3595 1065 ταράττει
3623 995 3720 1067 τὴν
3767 997 3879 1051 διά-

2321 1090 2486 1129 νοιαν.

2395 1167 2604 1239 Ὠσπερ
2641 1167 2677 1222 ἃ
2720 1168 2995 1240 ὀφθαλμὸς
3037 1171 3137 1226 οὐκ
3165 1167 3324 1238 εἶδεν,
3352 1173 3473 1226 οὐδὲ
3537 1175 3781 1247 σφοδρῶς
3822 1177 3883 1242 te

2321 1255 2490 1326 ἀκοῆς
2521 1256 2778 1327 ἐπιθυμεῖ
2820 1259 3119 1327 γεύσασθαι
3149 1280 3164 1294 ·
3190 1261 3363 1325 οὕτως
3411 1263 3506 1315 καὶ
3532 1265 3580 1316 οί
3610 1265 3766 1332 ἀγνοὶ
3802 1265 3884 1335 τῷ

2325 1345 2558 1415 σώματι,
2589 1346 2756 1400 πολὺν
2787 1349 2851 1402 ἐκ
2869 1349 3056 1403 τούτου
3083 1352 3384 1421 κουφισμὸν
3413 1354 3731 1423 κέκτηνται.

2396 1437 2608 1508 Ὥσπερ
2651 1437 2790 1491 ὅπλα
2834 1439 3086 1509 βασιλικὰ
3127 1438 3187 1494 ἐν
3235 1442 3384 1512 τόπῳ
3431 1443 3658 1513 κείμενα
3715 1444 3886 1515 ὀρῶν-

2323 1540 2414 1587 τες
2449 1526 2496 1577 οξ
2535 1526 2782 1591 κλέπται,
2837 1531 2956 1599 οὐχ,
2984 1529 3063 1593 ὡς
3103 1530 3307 1600 ἔτυχεν,
3335 1532 3450 1584 ἐκεῖ
3476 1531 3848 1586 ἐπιϐαίνουσιν
3870 1549 3883 1561 ·

2323 1613 2492 1676 οὕτως
2540 1617 2633 1668 καὶ
2668 1619 2792 1694 ὁτῇ
2828 1619 3024 1690 καρδίᾳ
3070 1621 3373 1693 προσευχὴν
3423 1623 3727 1692 προσάψας,
3762 1623 3887 1694 οὐχ,

2325 1704 2400 1767 ὡς
2449 1704 2657 1774 ἔτυχεν,
2695 1709 2799 1760 ὑπὸ
2834 1709 2941 1760 τῶν
2987 1710 3191 1780 νοητῶν
3225 1710 3432 1782 λῃστῶν
3462 1711 3775 1767 κλέπτεται.

2393 1795 2601 1867 ’Ὠσπερ
2627 1798 2688 1849 οὐ
2713 1800 2886 1852 τίκτει
2929 1799 3038 1869 πῦρ
3087 1802 3275 1870 χιόνα·
3319 1801 3494 1864 οὕτως
3546 1802 3664 1855 οὐδὲ
3703 1802 3734 1854 6
3784 1803 3891 1874 τὴν

2323 1882 2553 1936 ἐνταῦθα
2583 1884 2760 1955 ζητῶν
2801 1888 2984 1956 τιμὴν,
3015 1888 3112 1958 τῆς
3151 1888 3386 1942 ὲκείθεν
3420 1890 3741 1944 ἀπολαύσει.

2394 1974 2602 2045 Ὠσπερ
2644 1972 2724 2038 εἷς
2751 1978 2982 2047 σπινθὴρ
3018 1979 3274 2043 πολλάκις
3311 1981 3482 2050 πυρὸς
3522 1981 3724 2051 πολλὴν
3749 1983 3889 2054 ὓλην

2325 2065 2682 2118 κατέκαυσεν·
2711 2066 2884 2129 οὕτως
2909 2068 3002 2120 καὶ
3028 2069 3085 2120 ἓν
3113 2069 3313 2137 ἀγαθὸν
3335 2070 3649 2142 εὑρίσκεται
3682 2073 3890 2145 πλῆθος

2325 2153 2683 2222 πταισμάτων
2714 2156 2963 2223 μεγάλων
2990 2157 3289 2228 ἐξαλεῖψαι.

2407 2243 2495 2307 Ὠς
2523 2245 2623 2298 οὐκ
2655 2246 2769 2300 ἔστι
2803 2250 2969 2320 χωρὶς
2993 2250 3158 2305 ὅπλου
3187 2251 3360 2324 ,θηρία
3404 2255 3685 2323 ἀπολέσαι,
3711 2259 3887 2322 οὕτως

2320 2330 2445 2385 οὐδὲ
2491 2334 2658 2404 χωρὶς
2681 2338 3061 2404 ταπεινώσεως
3095 2341 3392 2413 ἀοργησίαν
3431 2347 3758 2415 κτήσασθαι.

2406 2421 2494 2484 Ὠς
2522 2423 2623 2477 οὐκ
2659 2424 2774 2478 ἐστι
2803 2428 2904 2497 ζῇν
2939 2429 3083 2482 κατὰ
3112 2431 3271 2499 φύσιν
3305 2432 3433 2488 ἄνευ
3476 2435 3753 2505 βρώσεως,
3789 2439 3890 2492 οῦ-

2324 2529 2432 2576 τως
2463 2513 2564 2567 οὐκ
2605 2515 2750 2569 εστιν
2791 2517 2897 2581 ἕως
2935 2517 3116 2583 ἐξόδου
3163 2521 3264 2575 κᾶν
3305 2515 3441 2593 πρὸς
3472 2525 3646 2596 ῥοπὴν
3676 2525 3888 2600 ἀμέλῆ-

2323 2619 2412 2656 σαι
2447 2605 2545 2674 (8).
3590 2644 3598 2648 '

2397 2695 2603 2767 Ὠσπερ
2646 2698 2804 2761 ἀκτὶς
2835 2699 2983 2768 ἡλίου
3033 2701 3100 2754 δι’
3132 2701 3270 2772 ὀπῆς
3313 2704 3627 2760 εἰσελθοῦσα
3665 2708 3724 2760 ὲν
3754 2710 3892 2781 οῐκῳ

2323 2782 2502 2837 πάντα
2527 2785 2767 2853 φωτίζει,
2807 2788 2884 2849 ὼς
2904 2788 2997 2840 καὶ
3024 2789 3115 2843 τὸν
3133 2788 3460 2846 λεπτότατον
3490 2796 3622 2866 όρᾷν
3645 2797 3766 2849 τότε
3791 2815 3892 2851 κο-

2324 2873 2532 2941 νιορτὸν
2577 2875 2886 2942 πετόμενον·
2928 2876 3106 2942 ὀὕτως
3151 2883 3246 2934 καὶ
3300 2884 3331 2945 6_
3376 2883 3538 2951 φόϐος
3577 2885 3784 2955 Κυρίου
3835 2889 3893 2940 ἐν

2324 2957 2524 3029 καρδίᾳ
2554 2960 2842 3031 γενόμενος
2866 2962 3043 3018 πάντα
3068 2965 3204 3038 αὐτῇ
3228 2967 3296 3022 τὰ
3321 2967 3492 3041 αὐτῆς
3511 2973 3894 3045 ἁμαρτήματα

2325 3046 2722 3105 ὑποδείκνυσιν.

2395 3137 2605 3211 Ὥσπερ
2642 3143 2689 3196 οί
2731 3144 3008 3217 λεγόμενοι
3039 3151 3284 3220 καρκίνοι
3316 3150 3720 3225 εὐεπιχείρητοι
3753 3173 3891 3227 τυγ-

2324 3229 2598 3298 χάνουσιν,
2631 3233 2721 3289 διὰ
2745 3236 2825 3299 τὸ,
2865 3237 2993 3292 ποτὲ
3025 3240 3122 3308 μὲν
3145 3241 3453 3311 ἔμπροσθεν
3499 3244 3728 3313 βαίνειν,
3759 3249 3892 3301 ποτὲ

2324 3317 2380 3370 δὲ
2401 3319 2643 3374 ὄπισθεν·
2666 3324 2836 3389 οὕτως
2868 3329 2962 3380 καὶ
2996 3328 3163 3399 ψυχὴ.
3195 3331 3325 3384 ποτὲ
3354 3334 3454 3402 μὲν
3491 3333 3731 3402 γελῶσα,
3761 3340 3892 3390 ποτὲ

2322 3408 2380 3461 δὲ
2414 3411 2702 3478 πενθοῦσα,
2736 3417 2867 3469 ποτὲ
2897 3417 2951 3470 δὲ
2978 3419 3258 3488 τρυφῶσα,
3291 3421 3443 3474 οὐδὲν
3483 3422 3768 3494 ὠφελῆσαι
3793 3428 3888 3482 δύ·-

2323 3514 2479 3552 ναται
2487 3539 2500 3553 .

2388 3581 2611 3660 ’Ὥσπερ
2639 3593 2689 3645 οἱ
2717 3595 3080 3661 ὑπνώττοντες
3115 3599 3352 3671 εὐχερῶς
3393 3604 3678 3659 συλῶνται’
3710 3609 3889 3677 οὕτως

2325 3678 2418 3732 καὶ
2437 3681 2485 3732 οί
2514 3681 2738 3752 πλησίον
2759 3685 2965 3756 κόσμου
2987 3689 3085 3759 τὴν
3105 3689 3306 3760 ἀρετὴν
3332 3696 3746 3766 μετερχόμενοι.

2396 3852 2604 3924 ’Ὠσπερ
2647 3857 2675 3909 6
2712 3856 2884 3912 λέοντι
2932 3861 3231 3932 μαχόμενος
3265 3863 3360 3916 ἐὰν
3405 3865 3574 3937 ρεφθῇ
3609 3846 3670 3921 τὸ
3709 3869 3887 3941 ὄμμα,

2322 3942 2525 4006 εὐθέως
2553 3945 2867 4013 ἀπόλλυται·
2896 3948 3066 4013 οὕτως
3095 3951 3190 4004 καὶ
3213 3955 3242 4006 ὀ
3268 3955 3335 4025 τῇ
3371 3955 3568 4008 ἑαυτοῦ
3597 3957 3766 4028 σαρκὶ
3787 3975 3890 4030 μα-

2321 4032 2547 4103 χόμενος
2575 4036 2668 4090 ἐὰν
2697 4037 2901 4109 ταύτην
2925 4041 3228 4113 ἀναπαύσῃ.

2391 4246 2602 4316 ’Ὠσπερ
2644 4232 2693 4300 cl
2726 4251 2806 4313 εἰς
2833 4251 3078 4322 κλίμακα
3115 4255 3496 4323 ἀναϐαίνοντες
3529 4260 3740 4334 σαθρὰν
3773 4279 3892 4317 κιν-

2320 4334 2650 4390 δυνεύουσιν·
2689 4337 2861 4403 οὕτως
2890 4345 3041 4395 πᾶσα
3068 4344 3224 4414 τιμὴ,
3264 4348 3359 4400 καὶ
3390 4348 3540 4416 δόξα,
3582 4353 3677 4405 καὶ
3722 4352 3889 4408 δυνα-

667 4409 882 4477 gloria,
929 4417 985 4463 et
1043 4411 1324 4480 imperium
1368 4432 1460 4474 seu
1516 4420 1758 4490 potcntia
1812 4431 2072 4491 repugnat
2119 4424 2223 4478 hu-

2326 4425 2479 4479 στεία
2511 4429 2576 4496 τῇ
2601 4431 3065 4502 ταπεινοφροσύνῃ
3095 4409 3444 4493 ἀντ-ίκεινται.

669 4502 908 4559 militati.

746 4592 814 4648 Ut
869 4595 981 4650 fieri
1030 4610 1137 4650 non
1182 4609 1359 4666 potest
1403 4603 1531 4671 quin
1585 4603 1865 4662 famelicus
1921 4607 2226 4662 meminerit

668 4687 848 4754 panis,
882 4688 955 4743 ita
984 4689 1168 4745 salvus
1205 4689 1319 4744 fieri
1349 4695 1474 4747 non
1500 4705 1649 4764 potes
1673 4699 1766 4767 qui
1805 4715 1910 4753 non
1941 4690 2226 4770 cogitatde

592 4823 596 4826 .
673 4791 850 4835 morte
878 4788 929 4835 et
952 4780 1177 4850 judicio.
1326 4802 1328 4804 ν

743 4871 898 4926 δίοιη
920 4887 1061 4942 aqua
1091 4873 1321 4938 litteras,
1363 4872 1435 4927 ita
1484 4873 1731 4945 lacryma:
1762 4879 1942 4949 delent
1981 4892 2220 4952 peccata.

738 5024 906 5096 396
923 5026 1074 5084 Sicut
1089 5045 1212 5088 cum
1235 5045 1486 5087 caremus
1503 5045 1667 5100 aqua,
1689 5009 1894 5094 litteras
1914 5040 2033 5096 aliis
2052 5043 2226 5099 modis

669 5117 891 5172 abolere
930 5119 1207 5187 solemus;
1266 5123 1338 5177 ita
1365 5130 1493 5178 sunt
1517 5131 1572 5178 et
1597 5125 1790 5181 animae
1814 5143 1934 5197 quae
1976 5133 2226 5204 lacrymis

671 5210 950 5264 destitutae
996 5225 1092 5278 per
1132 5212 1336 5267 luctum
1371 5224 1428 5270 et
1457 5216 1690 5285 gemitus
1721 5225 1773 5271 et
1803 5221 2069 5278 tristitiam
2106 5239 2223 5279 ma-

669 5315 832 5369 gnam
863 5309 1085 5372 peccata
1108 5301 1362 5358 dedolant
1392 5315 1445 5360 et
1467 5305 1720 5364 eradunt.

745 5477 900 5534 Sicut
928 5496 960 5535 e
995 5481 1166 5536 multo
1213 5489 1453 5537 stercore
1501 5466 1665 5538 multi
1688 5485 1950 5542 exsistunt
1995 5507 2222 5559 vermes,

680 5567 755 5624 ita
780 5572 933 5641 copia
979 5575 1224 5629 ciborum
1259 5574 1466 5644 copiam
1509 5575 1677 5644 gignit
1720 5587 2080 5648 peccatorum,
2110 5591 2225 5639 tur-

687 5660 830 5726 pium
864 5665 1246 5734 cegitationum
1271 5677 1323 5724 ct
1356 5666 1704 5725 somniorum.

2406 4597 2492 4661 Ὧς
2515 4598 2776 4656 ἀδύνατον
2802 4601 2892 4656 τὸν
2917 4603 3184 4658 πεινῶντα
3208 4606 3286 4678 μὴ
3313 4613 3671 4679 μνημονεύειν
3693 4615 3882 4686 ἄρτου·

2323 4685 2496 4750 οὕτως
2520 4688 2800 4765 ἀμήχανον
2831 4689 3068 4762 σωθῆναι
3096 4691 3189 4746 τὸν
3204 4693 3386 4758 ἐξόδου
3418 4698 3511 4749 καὶ
3539 4701 3774 4770 κρίσεως
3809 4704 3884 4776 μὴ

2327 4779 2756 4847 μνημονεύοντα.
3438 4778 3440 4781 ’
3518 4776 3520 4778 ’

2395 4868 2603 4940 Ὥσπερ
2631 4871 2690 4924 τὸ
2727 4870 2868 4942 ὕδωρ
2903 4873 2971 4926 τὰ
3008 4874 3329 4945 γράμματα·
3348 4873 3528 4943 ,οὕτως
3563 4878 3623 4933 τὺ
3648 4877 3886 4958 δάκρυον

2323 4958 2393 5012 τὰ
2419 4961 2735 5032 πταίσματα
2761 4962 3063 5033 ἐξαλείφειν
3091 4963 3331 5021 δύναται.
3665 5008 3670 5012 -
3704 5041 3712 5044 _

2397 5049 2606 5122 Ὥσπερ
2634 5053 2756 5130 τινὰ
2777 5052 2884 5105 τῶν
2911 5054 3275 5125 γραμμάτων,
3307 5056 3637 5128 ἀποροῦντες
3667 5060 3878 5130 ὓδατος,

2322 5138 2389 5192 δι’
2417 5140 2619 5210 ἑτέρων
2647 5128 2861 5211 τρόπων
2892 5143 3282 5215 ἀπαλείφομενο
3313 5145 3482 5211 οὕτως
3512 5148 3620 5202 εἰσὶ
3647 5152 3743 5206 καὶ

2323 5229 2416 5299 χαὶ
2457 5230 2756 5301 ἀποροῦσαι
2791 5231 3060 5303 δακρύων,
3090 5234 3184 5287 καὶ
3210 5233 3298 5289 διὰ
3329 5235 3527 5306 λύπης,
3565 5240 3660 5294 καὶ
3691 5258 3882 5297 στενα-

2325 5320 2489 5389 γμοῦ,
2515 5321 2608 5374 καὶ
2637 5321 2770 5375 σκυθ
2780 5323 3087 5394 ρωπότητος
3109 5323 3308 5395 πολλῆς
3331 5324 3500 5380 ταῦτα
3524 5329 3879 5398 έκλεαίνουσι,

2323 5411 2419 5465 καὶ
2447 5412 2787 5480 ἀποξέουσιν.

2395 5503 2604 5573 ’Ὠσπερ
2629 5502 2830 5574 πλῆθος
2854 5497 3058 5575 κόπρου
3087 5504 3290 5577 πλῆθος
3321 5509 3619 5581 σκωλήκων
3646 5513 3879 5584 ἐργάζε-

2325 5605 2436 5646 ταιο
2491 5591 2664 5656 οὕτως
2703 5592 2905 5664 πλῆθος
2949 5593 3250 5665 βρωμάτων
3299 5597 3518 5669 πλῆθος
3548 5603 3875 5672 πτωμάτων,

2326 5676 2417 5730 καὶ
2450 5677 2695 5748 πονηρῶν
2719 5678 3010 5748 λογισμῶν,
3042 5682 3133 5736 καὶ
3160 5683 3425 5740 ἐνυπνίων
3461 5687 3772 5755 ἐργάζεται.
