4032 6340
175 533 195 595 l
205 534 303 597 0'39

1112 525 1342 586 SCALA
1378 519 1755 583 PARADISI.
1786 543 1854 552 -
1878 517 2184 578 GRADUS
2209 519 2412 577 XXVI.

3250 514 3391 579 1090

172 644 377 711 Ὠσπερ
423 641 454 692 ὁ
496 640 625 702 τοὺς
654 638 817 700 πόδας
856 633 1105 706 πεδηῦεὶς
1138 632 1372 703 βαδίζειν
1401 629 1637 700 εὐχερῶς
1670 628 1731 680 οὐ

1905 626 2368 692 Quemadmodum
2403 626 2742 694 compcditus
2768 640 2909 694 :rgre
2938 623 3155 689 int-edit,
3187 626 3259 680 ita
3295 630 3389 696 qui

167 731 409 784 δύναταιε
440 728 618 789 οὕτως
664 727 759 779 καὶ
807 726 856 778 οί
901 724 1318 795 θησαυρίζοντες
1351 722 1627 791 χρήματα,
1656 719 1736 780 είς

168 820 391 889 οὐρανὸν
415 818 666 872 ἀνελθεῖν
688 818 785 870 οὐκ
812 815 1105 885 ίσχύουσιν.
1408 872 1412 877 _

158 978 161 983 γ
238 912 452 980 Ὠσπερ
484 909 716 981 ζεούσης
746 910 844 979 τῆς
880 908 1090 978 πληγῆς
1130 904 1340 967 είιῒατος
1378 900 1726 969 καθέστηκενσ

170 998 336 1063 οὕτως
379 1001 448 1053 τὰ
500 1000 693 1070 χρόνια
730 998 1017 1069 τραύματα
1067 998 1163 1067 τῆς
1204 994 1382 1064 ψυχῆς
1432 991 1735 1046 τούναντίον

154 1073 460 1162 ⁸πάσχουσι,
513 1093 609 1146 καὶ
658 1091 931 1153 δυσκόλως
979 1089 1161 1143 ἰῶνται
1209 1088 1298 1140 ὅτε
1337 1086 1429 1139 καὶ
1488 1084 1736 1153 ίαθήσον-

170 1198 279 1236 ται.

248 1273 335 1335 Ὠς
366 1272 432 1324 οὐ
462 1272 690 1326 δυνατὸν
718 1271 810 1325 τὸν
837 1269 1245 1341 ἀποθνήσκοντα
1278 1266 1531 1336 βαδίζειν,
1565 1263 1737 1326 οὕτως

172 1361 429 1414 ἀδύνατον
460 1361 773 1430 ἀπογνόντα
805 1358 1067 1430 σωθῆναι.
1302 1386 1305 1390 ·
1718 1351 1726 1359 ’

248 1452 307 1505 '0
332 1453 521 1506 πίστιν
553 1453 654 1523 μὲν
688 1451 858 1524 ὀρθὴν
892 1450 1187 1521 κεκτῆσθαι
1224 1448 1395 1517 λέγων
1431 1448 1528 1516 (9).
1555 1448 1737 1516 ἁμαρ-

173 1544 284 1605 τίας
308 1544 364 1596 δὲ
384 1545 871 1616 διαπραττόμενος,
895 1542 1077 1613 ὅμοιός
1110 1543 1225 1595 ἐστι
1248 1537 1521 1611 προσώπῳ
1544 1538 1739 1607 ὀφθαλ-

178 1635 306 1703 μοὺς
334 1635 413 1705 μὴ
447 1634 652 1705 ἔχοντι.
926 1694 929 1695 ν
1184 1634 1187 1635 ν

252 1724 311 1776 '0
340 1724 530 1778 πίστιν
562 1727 636 1794 μὴ
661 1724 818 1795 έχων,
850 1723 989 1777 καλὰ
1030 1723 1087 1776 δὲ
1116 1722 1246 1784 ἴσως
1277 1722 1401 1775 τινὰ
1440 1720 1739 1792 ἐργαζόμε-

178 1829 355 1881 μενος,
380 1815 573 1884 ὅμοιός
600 1817 715 1868 ἐστι
738 1814 815 1886 τῷ
849 1813 990 1884 ὕδωρ
1017 1811 1315 1876 ἀντλοῦντι,
1347 1814 1439 1866 καὶ
1476 1813 1557 1875 είς
1586 1810 1740 1864 πίθον

176 1906 507 1975 τετρημένον
533 1905 796 1975 βάλλοντι.

1834 719 2186 787 pecuniarum
2214 719 2497 773 thesauros
2509 717 2785 785 colligunt,
2804 717 2998 771 cmlum
3030 718 3394 773 conscendere

1835 823 1942 862 non
1978 819 2226 878 possunt.

1908 899 2059 955 Sicut
2114 915 2302 956 recens
2355 901 2510 972 plaga
2567 900 2725 955 facile
2779 910 3042 963 curatur,
3093 900 3164 952 ita
3204 898 3421 955 contra

1834 989 2147 1044 inveterata:
2205 991 2400 1044 anima:
2448 991 2671 1045 vulnera
2719 1005 2859 1061 aegre
2914 976 3196 1051 sanantur,
3231 992 3397 1045 etiam

1835 1081 2051 1149 quando
2074 1091 2355 1136 sanantur.

1908 1256 2059 1321 Sicut
2089 1256 2185 1325 qui
2240 1265 2489 1311 mortuus
2537 1265 2642 1319 est,
2697 1255 2974 1310 ambulare
3026 1254 3174 1307 nullo
3233 1254 3397 1308 modo

1836 1346 2135 1416 potest,'ita
2166 1346 2259 1413 qui
2289 1346 2561 1414 desperat,
2592 1359 2697 1398 non
2731 1354 2910 1414 potest
2939 1344 3119 1397 salvus
3160 1342 3296 1396 fieri.

1909 1432 2010 1497 Qui
2049 1430 2334 1500 profitetur
2358 1446 2416 1484 se
2445 1432 2602 1485 fidem
2635 1440 2834 1485 rectam
2863 1430 3079 1491 habere,
3102 1439 3155 1483 et
3183 1428 3397 1483 interim

1836 1537 2063 1591 peccare
2090 1538 2196 1576 non
2226 1521 2446 1586 desinit,
2482 1522 2679 1577 similis
2702 1530 2785 1576 est
2812 1522 2886 1575 illi
2915 1520 3079 1575 vultui
3111 1520 3203 1589 qui
3226 1519 3398 1573 oculis

1837 1622 2007 1667 caret.

1912 1703 2017 1770 Qui
2049 1720 2155 1759 non
2183 1703 2374 1767 credit,
2400 1712 2454 1757 et
2492 1713 2668 1757 tamen
2699 1702 2943 1771 quaedam
2989 1701 3220 1754 fortasse
3255 1700 3399 1754 bona

1838 1809 1998 1865 opera
2030 1794 2181 1860 facit,
2222 1796 2416 1850 similis
2445 1804 2530 1849 est
2556 1795 2630 1847 illi
2662 1793 2753 1864 qui
2793 1781 2987 1862 aquam
3022 1792 3223 1855 haurit,
3258 1798 3312 1844 et
3344 1791 3399 1843 in

1840 1886 2044 1941 dolium
2090 1896 2371 1956 pertusum
2408 1886 2661 1940 infundit.

242 1961 456 2066 'hgmp
487 1961 693 2059 πλοῖον,
739 1993 941 2063 ἀγαθὸν
968 1972 1304 2062 κυϐερνήτην
1348 1990 1483 2060 ἔχων
1520 1989 1737 2043 ἀκινδύο

1920 1977 2393 2042 Quemadmodum
2423 1976 2577 2030 navis
2619 1992 2739 2045 quae
2776 1976 2977 2030 bonum
3019 1973 3175 2027 habet
3206 1987 3401 2026 navar-

178 2100 280 2147 νως
320 2086 401 2146 είς
428 2084 647 2155 λιμένα,
676 2084 810 2137 Θεοῦ
842 2082 1250 2155 συνεργοῦντος,
1291 2083 1610 2151 είσέρχεται’
1646 2080 1740 2133 οὖ-

179 2191 282 2238 τως
321 2176 416 2228 καὶ
453 2175 605 2246 ψυχὴ
650 2175 851 2244 ἀγαθὸν
885 2174 1118 2244 ποιμένα
1161 2173 1358 2242 ἔχουσα
1400 2171 1637 2241 εὐχερῶς
1662 2173 1742 2233 είς

181 2264 403 2337 οὐρανὸν
443 2266 757 2336 ἀνέρχεται,
803 2265 897 2318 καὶ
936 2264 1105 2317 πολλὰ
1150 2262 1294 2316 κακὰ
1333 2261 1743 2330 διαπραξαμένη

184 2355 548 2427 καθέστηκεν.

238 2438 463 2516 ’Ὠσπερ
500 2445 575 2515 μὴ
607 2445 745 2515 ἔχων
773 2446 964 2516 ὁδηγὸν
999 2445 1108 2514 (10)
1157 2445 1394 2517 εὐχερῶς
1435 2445 1491 2495 ὲν
1537 2446 1601 2513 τῇ
1642 2442 1746 2509 ὁδῷ

185 2537 475 2602 πλανᾶται,
511 2536 611 2589 κᾶν
635 2536 754 2589 λίαν
777 2538 1037 2607 φρόνιμος
1059 2537 1415 2604 καθέστηκενο
1447 2535 1618 2598 οὕτως
1653 2535 1747 2587 καὶ

184 2625 213 2677 ό
238 2625 601 2691 αὐτεξουσίως
633 2623 731 2695 τὴν
763 2624 1054 2694 μοναδικὴν
1092 2625 1211 2678 ὁδὸν
1240 2624 1621 2693 πορευόμενος,
1655 2622 1747 2673 εὖ·

187 2717 357 2787 χερῶς
380 2716 700 2781 ἀπόλλυται,
738 2715 838 2769 κᾶν
863 2718 1042 2767 πᾶσαν
1070 2714 1168 2783 τὴν
1192 2715 1380 2780 σοφίαν
1416 2712 1511 2764 τοῦ
1544 2713 1746 2781 κόσμου

188 2792 477 2861 ἐπίσταται
488 2846 501 2860 .

266 2898 506 2952 Ὀπόταν
564 2912 647 2961 τις
695 2895 757 2949 τὸ
802 2894 959 2965 σῶμα
1017 2891 1247 2961 ἀσθενὴς
1294 2888 1350 2964 ᾖ.
1409 2893 1500 2945 καὶ
1540 2891 1749 2962 χαλεπά

192 2987 509 3057 πταίσματα
537 2986 855 3059 πεπραχὼς,
899 2986 995 3058 τὴν
1038 2984 1155 3037 ὁδὸν
1210 2985 1308 3050 τῆς
1348 2984 1746 3050 ταπεινώσεως,

191 3076 280 3130 καὶ
306 3077 413 3131 τῶν
437 3078 612 3147 αὐτῆς
648 3077 949 3149 ἰδιωμάτων
972 3076 1216 3129 ὁδευέτω·
1245 3076 1411 3147 ἄλλην
1440 3078 1546 3147 γὰρ
1578 3093 1752 3146 σωτη-

196 3168 311 3239 ρίαν
329 3168 429 3239 οὐχ
452 3170 695 3239 εὑρήσει.

1841 2066 2003 2120 chum
2070 2081 2168 2120 seu
2240 2067 2697 2135 gubernatorem,
2764 2065 2873 2118 Deo
2932 2065 3218 2133 adjuvante
3285 2062 3404 2116 sine

1843 2154 2081 2223 periculo
2112 2154 2164 2207 in
2188 2164 2399 2224 portum
2433 2154 2672 2207 defertur
2698 2170 2713 2207 :
2749 2153 2823 2206 ita
2851 2153 3027 2205 anima
3058 2166 3177 2220 qua:
3200 2152 3401 2203 bonum

1845 2245 2005 2298 habet
2032 2255 2321 2314 pastorem,
2355 2244 2510 2299 facile
2541 2244 2740 2297 coelum
2791 2241 3125 2305 conscendit,
3154 2241 3404 2309 quamv‘s

1844 2344 1999 2389 antea
2024 2322 2176 2388 ‘mala
2208 2337 2376 2389 multa
2403 2334 2810 2404 perpetraverit.

1918 2427 2067 2480 Sicut
2108 2426 2200 2493 qui
2254 2427 2392 2480 duce
2442 2434 2589 2480 caret
2618 2426 2751 2491 vite,
2789 2425 2944 2479 facile
2979 2432 3191 2478 exerrat
3234 2440 3262 2476 a
3297 2424 3405 2489 via,

1846 2516 2194 2586 quantumvis
2247 2516 2447 2584 alioqui
2482 2517 2719 2585 prudens
2757 2515 2868 2569 sit:
2905 2517 2977 2568 ita
3012 2514 3104 2582 qui
3136 2528 3235 2567 suo
3256 2513 3405 2566 arbi-

1847 2615 1987 2659 tratu
2020 2604 2072 2657 in
2108 2603 2410 2658 monastico
2432 2615 2573 2659 statu
2605 2605 2737 2658 vivit
2766 2614 2819 2658 et
2857 2602 3217 2672 progreditur,
3254 2600 3410 2656 faci'c

1848 2696 2005 2764 perit,
2058 2694 2271 2749 etiamsi
2299 2709 2514 2747 omnem
2548 2691 2829 2762 profanam
2858 2692 3041 2745 smculi
3086 2690 3408 2758 sapientiam

1847 2784 2163 2854 percalleat.
2490 2768 2495 2771 “

1918 2873 2022 2939 Qui
2047 2888 2276 2942 corpore
2306 2873 2466 2943 397
2511 2872 2727 2926 infirmo
2762 2882 2876 2936 est,
2920 2871 3165 2940 quamvis
3204 2873 3410 2927 atrocia

1851 2967 2056 3019 scelera
2101 2966 2251 3033 prius
2295 2964 2652 3029 commiserit,
2688 2963 2900 3018 incedat
2934 2978 3027 3030 per
3058 2964 3197 3015 viam
3231 2962 3411 3015 humi-

1852 3057 2040 3121 litatis,
2085 3065 2137 3109 ct
2194 3056 2314 3125 ejus
2346 3055 2564 3110 virtutis
2605 3067 2854 3109 naturam
2897 3054 3086 3107 induat
3119 3054 3194 3123 (et
3236 3054 3415 3108 saltus

1856 3148 2006 3214 erit),
2036 3147 2197 3201 aliam
2230 3146 2375 3200 enim
2398 3145 2590 3201 salutis
2624 3146 2761 3199 viam
2785 3145 2985 3198 nullam
3019 3143 3273 3199 inveniet.

268 3258 354 3318 Ὧς
378 3234 482 3309 ουκ
646 3256 736 3309 τὸν
763 3258 978 3327 μακρὰν
1002 3256 1328 3322 νενοσηκότα
1360 3256 1532 3317 νόσον,
1566 3258 1624 3308 ὲν
1656 3258 1749 3327 μιᾷ

1925 3234 2392 3301 Quemadmodum
2446 3235 2560 3288 ﬁeri
2622 3250 2727 3287 nou
2758 3244 2952 3303 potest,
2988 3244 3048 3287 ut
3084 3234 3175 3301 qui
3207 3235 3433 3286 diutur»

196 3347 326 3415 ῤ’-πῇ
370 3345 472 3414 τὴν
507 3345 695 3411 ὑγείαν
736 3344 1058 3414 κτήσασθαι·
1091 3342 1261 3403 οὕτως
1300 3343 1399 3394 οὐκ
1432 3343 1578 3396 ἔστιν
1604 3344 1752 3408 ἐξαί-

194 3450 325 3505 φνης
352 3433 596 3500 παθῶγῆ
622 3432 824 3496 πάθους
858 3429 1259 3500 περιγενέσθαι.

262 3610 472 3674 Παντὸς
493 3609 719 3673 πάθους.
745 3609 839 3664 καὶ
861 3610 1037 3680 πάσης
1066 3610 1265 3681 ἀρετῆς
1290 3610 1379 3677 ἔχε
1410 3610 1631 3679 σημεῖον
1656 3610 1755 3678 τῆς

195 3704 491 3773 ποσότητος
543 3701 730 3767 αὐτοῦ,
771 3703 863 3755 καὶ
908 3700 1137 3770 γνώσεις
1178 3701 1279 3771 τὴν
1316 3701 1509 3753 ἑαυτοῦ
1553 3717 1753 3771 προκο-

198 3794 322 3863 «tu.

268 3886 482 3954 Ὠσπερ
509 3884 559 3935 οί
589 3883 796 3953 χρυσίῳ
824 3883 993 3953 πηλὸν
1017 3880 1471 3942 καταλλάττοντες
1500 3879 1757 3947 ζημιοῦν-

198 3993 304 4030 ται·
332 3977 510 4039 οὕτως
550 3975 645 4027 καὶ
669 3976 717 4027 οί
746 3973 857 4027 τῶν
886 3972 1213 4042 σωματικῶν
1238 3972 1399 4042 χάριν
1425 3973 1492 4023 τὰ
1519 3987 1757 4037 πνευμα-

198 4068 322 4120 τικᾶ
354 4066 780 4138 θριαμϐεύοντες
805 4065 898 4117 καὶ
923 4063 1281 4132 διηγούμενοι.
1467 4055 1477 4064 ’

270 4156 499 4224 ’Δφεσιν
532 4154 631 4225 μὲν
655 4154 930 4223 συντόμως
970 4151 1168 4215 πολλοὶ,
1203 4152 1469 4205 ἀπάθειαν
1504 4150 1558 4203 δὲ
1588 4150 1759 4213 οὐδεὶς

201 4246 484 4316 ἐκτήσατο·
513 4245 671 4297 τοῦτο
690 4243 799 4315 γάρ
827 4244 1038 4316 χρόνου,
1064 4242 1161 4296 καὶ
1186 4243 1351 4297 πόθου
1386 4240 1597 4313 [πόνου]
1641 4242 1763 4295 πολ-

200 4333 312 4402 λοῦ,
331 4335 430 4390 καὶ⁸
460 4333 617 4388 Θεοῦ.

1859 3341 1928 3379 no
1955 3326 2146 3378 morbo
2177 3324 2465 3386 laboravit,
2500 3333 2718 3391 repente
2743 3324 3085 3376 convalescat
3112 3339 3124 3372 :
3171 3324 3238 3374 ita
3300 3323 3416 3375 fieri

1860 3428 1966 3467 non
2000 3422 2177 3482 potest
2211 3422 2270 3466 ut
2300 3414 2478 3467 subito
2508 3413 2729 3465 vitiosos
2760 3410 2981 3465 affectus
3020 3426 3113 3465 seu
3168 3412 3417 3465 allectum

1858 3519 2023 3557 exuas
2052 3513 2107 3556 et
2144 3504 2351 3556 vincas.

1928 3594 2117 3648 Omnis
2178 3592 2293 3645 vitii
2331 3599 2386 3645 et
2410 3591 2589 3645 omnis
2617 3590 2832 3645 virtutis
2863 3600 3097 3660 quantus
3134 3590 3203 3644 sit
3228 3589 3422 3646 modus

1861 3690 2109 3752 observa,
2139 3695 2192 3741 et
2226 3687 2525 3756 profectum
2557 3686 2681 3740 inde
2715 3695 2865 3740 tuum
2901 3700 3215 3756 cognosces.

1935 3868 2105 3921 Sicuti
2139 3868 2230 3934 qui
2258 3881 2449 3919 aurum
2481 3866 2594 3920 luto
2648 3876 3004 3929 commutant,
3041 3868 3421 3923 detrimentum

1865 3958 1987 4011 inde
2020 3956 2273 4024 capiunt;
2322 3956 2392 4006 ita
2428 3954 2519 4022 qui
2564 3954 2866 4021 corporalia
2898 3964 3138 4013 narrant,
3176 3965 3226 4007 et
3260 3957 3423 4009 veluti

1864 4050 1917 4102 in
1955 4047 2228 4113 triumpho
2258 4042 2558 4111 spiritualia
2617 4052 2906 4097 ostentant.

1906 4126 2083 4192 [Multi
2112 4136 2327 4205 quidem
2363 4144 2707 4204 peccatorqu
2738 4136 2947 4187 veniam
2992 4143 3263 4186 momento
3320 4134 3422 4187 im-

1866 4238 2166 4302 petrarunt,
2221 4226 2315 4282 sed
2366 4240 2529 4279 nemo
2582 4235 2801 4293 repente
2823 4226 2887 4278 ad
2942 4240 3207 4278 summam
3254 4224 3423 4277 animi

1867 4324 2308 4393 tranquillitatem
2336 4318 2595 4387 aspiravit
2621 4333 2633 4368 :
2661 4317 2762 4369 hoc
2788 4318 2929 4369 enim
2954 4325 3005 4369 et
3028 4326 3241 4383 tempus
3264 4330 3422 4368 suum

1866 4425 1919 4470 et
1945 4414 2271 4469 desiderium
2304 4410 2325 4483 [
2358 4412 2595 4464 laborem
2632 4408 2648 4477 Ἰ
2675 4418 2725 4461 et
2753 4406 2843 4460 Dei
2888 4422 3040 4476 Opem
3093 4409 3425 4477 singularem

1866 4507 2131 4561 desiderat
2145 4544 2159 4557 .

272 4601 606 4673 Ζητήσωμεν
648 4602 775 4655 ποῖα
823 4602 919 4669 μὲν
966 4600 1023 4654 ἐν
1066 4600 1143 4668 τῷ
1186 4599 1391 4668 σπόρῳ,
1438 4600 1561 4650 ποία
1596 4597 1651 4649 δὲ
1696 4600 1749 4666 τῇ

1936 4595 2298 4650 Obscrvemns
2353 4590 2635 4660 diligenter
2698 4602 2819 4656 quae
2866 4588 2993 4644 ferae
3019 4599 3071 4643 et
3099 4605 3224 4644 aves
3256 4590 3309 4643 in
3336 4605 3426 4644 sc-

205 4691 353 4765 χλόῃ,
376 4695 507 4745 ποῖα
534 4693 592 4745 δὲ
628 4694 686 4745 ἐν
717 4690 794 4759 τῷ
831 4691 1023 4761 ἁμήτῳ
1065 4692 1195 4758 ἡμῖν
1246 4687 1409 4757 Θηρία
1459 4687 1490 4757 ἢ
1546 4688 1764 4741 πετεινὰ

207 4782 663 4848 ἐπιϐουλεύουσιν,
686 4782 772 4835 ἵνα
790 4781 885 4835 καί
914 4781 982 4833 τὰ
1005 4780 1250 4850 θήρατρα
1282 4778 1593 4848 ἁρμόζοντα
1631 4780 1763 4847 στή-

211 4890 409 4943 σωμεν.

276 4964 487 5035 ’Ἴσπερ
517 4963 580 5015 οὐ
610 4961 815 5015 δίκαιον
846 4960 935 5015 τὸν
966 4959 1296 5029 πυρέττοντα
1335 4960 1524 5013 ἑαυτὸν
1563 4960 1766 5029 διαχει-

211 5055 481 5125 ρίσασθαι·
509 5052 683 5119 οὕτως
713 5053 817 5118 ἓως
847 5052 1080 5123 ἐσχάτης
1112 5050 1385 5121 ἀναπνοῆς
1414 5048 1489 5121 μὴ
1518 5050 1768 5117 ἀπογνῶ-

210 5147 294 5200 val
323 5163 476 5201 ποτε.
975 5212 983 5239 κ

278 5322 491 5392 Ὠσπερ
523 5322 758 5392 ἄσεμνον
782 5320 1004 5381 cont-6v
1037 5321 1228 5374 ἑαυτοῦ
1259 5320 1468 5389 πατέρα
1501 5318 1768 5386 θάψαντα.

210 5407 326 5466 εἶτα
343 5414 410 5465 ἐκ
427 5412 530 5482 τῆς
546 5412 767 5481 κηδείας
787 5412 1220 5482 ὑποστρέψαντα,
1243 5413 1321 5475 εἰς
1348 5411 1522 5479 γάμον
1541 5410 1770 5479 πορεύεο

214 5504 353 5557 σθαιο
380 5502 553 5567 οὕτως
578 5505 841 5557 ἀνοίκειον
872 5506 982 5564 τοῖς
1010 5503 1295 5555 πενθοῦσιν
1320 5501 1410 5554 ἐπὶ
1444 5501 1767 5569 πταίσμασι,

212 5591 375 5662 τιμὴν
405 5592 441 5662 ἢ
476 5592 780 5645 ἀνάπαυσιν
805 5592 837 5662 ἢ
864 5592 1016 5658 δόξαν
1045 5592 1102 5643 ὲν
1138 5591 1216 5661 τῷ
1243 5590 1469 5660 παρόντι
1500 5588 1653 5641 αἰῶνι
1681 5592 1770 5643 ex-

215 5682 440 5753 ζητῆσαι
460 5682 612 5753 παρὰ
636 5682 957 5753 ἀνθρώπων.

282 5772 490 5844 Ὠσπερ
537 5772 672 5827 ἀλλα
713 5773 780 5827 τὰ
816 5774 922 5826 τῶν
953 5772 1202 5837 πολιτῶν,
1248 5773 1339 5845 καὶ
1376 5771 1535 5841 ἕτερα
1561 5770 1627 5822 τὰ
1662 5771 1771 5823 τῶν

218 5863 511 5919 καταδίκων
539 5863 849 5934 οἱκητήρια’
880 5865 1050 5927 οὕτως
1091 5864 1267 5934 πάντῃ
1304 5862 1507 5932 ὀφείλει
1545 5862 1770 5931 ἐνηλλα-

1865 4695 2065 4750 meute,
2098 4700 2220 4755 quae
2259 4684 2310 4736 in
2343 4681 2527 4743 herba,
2557 4694 2678 4748 quae
2701 4678 2933 4748 denique
2960 4681 3012 4732 in
3043 4696 3217 4735 messe
3272 4681 3429 4735 nobis

1866 4778 2213 4839 insidientur,
2277 4782 2337 4827 ut
2386 4771 2623 4825 vicissim
2680 4769 2787 4825 illis
2832 4770 3151 4826 insidiarum
3207 4772 3428 4839 laqueos

1865 4878 1919 4924 et
1949 4868 2168 4938 pedicas
2210 4876 2510 4932 ponamus;

1942 4958 2093 5012 Sicut
2149 4953 2374 5023 impium
2429 4962 2512 5006 est
2564 4959 2620 5006 et
2668 4952 2939 5022 iniquutn,
2965 4964 3023 5009 ut
3051 4952 3293 5007 fchricnti
3321 4951 3426 5005 sibi

1868 5048 1993 5116 quis
2024 5048 2138 5114 ipse
2162 5043 2425 5095 violentas
2462 5056 2657 5095 manus
2704 5040 2904 5097 inferat
2945 5053 2997 5098 et
3052 5041 3293 5104 occidat;
3353 5040 3425 5095 ita

1871 5136 2000 5191 nulli
2028 5135 2093 5187 ad
2127 5141 2429 5185 extremum
2459 5145 2631 5199 usque
2662 5132 2913 5202 spiritum
2941 5146 3173 5199 unquam
3223 5139 3305 5184 est
3336 5130 3431 5185 de-

1870 5225 2214 5299 sperandum.

1892 5380 1895 5381 ν
1940 5322 2085 5374 Sicut
2115 5330 2271 5385 turpe
2296 5323 2381 5370 est
2410 5326 2537 5370 eum
2566 5316 2658 5388 qui
2690 5317 2851 5371 modo
2882 5314 3048 5385 patris
3082 5311 3244 5368 funus
3271 5330 3431 5370 cura-

1871 5414 1965 5477 vit,
1998 5428 2027 5465 a
2062 5411 2249 5464 funere
2308 5425 2431 5464 mox
2479 5410 2545 5465 ad
2593 5411 2809 5481 nuptias
2837 5407 3101 5479 proﬁcisci
3130 5422 3144 5457 :
3178 5408 3249 5461 ita
3278 5409 3433 5476 plane

1872 5521 1979 5561 non
2012 5506 2185 5566 decet,
2218 5502 2394 5573 utqui
2427 5514 2645 5572 peccata
2669 5517 2761 5559 sua
2787 5499 3098 5569 deploratet
3151 5500 3317 5568 luget,
3367 5497 3434 5549 ab

1874 5593 2188 5649 hominibus
2240 5595 2497 5661 honores,
2546 5591 2927 5657 relaxationes,
2976 5592 3177 5660 glorias
3211 5590 3262 5644 in
3294 5596 3433 5656 prata

1874 5684 2008 5739 senti
2041 5682 2147 5735 vita
2171 5694 2398 5751 quaarat.
2832 5686 2835 5689 ’

1940 5772 2409 5838 Quemadmodum
2447 5773 2548 5827 alia
2579 5770 2800 5833 civium,
2824 5772 2928 5825 alia
2964 5782 3176 5824 reorum
3202 5773 3255 5818 et
3281 5755 3433 5837 dam-

1876 5872 2124 5917 natorum
2174 5873 2299 5918 sunt
2354 5858 2652 5927 domicilia,
2705 5858 2775 5914 ita
2834 5859 3052 5915 omnino
3110 5859 3339 5925 oportet,
3376 5862 3435 5907 ut
