4032 6340
593 483 726 549 1091

1848 484 1906 543 S.
1934 482 2256 545 IOANNIS
2271 480 2581 541 CLIMACI

3714 483 3853 548 1092

589 595 732 649 alius
783 591 857 648 sit
887 591 1011 648 vita!
1053 599 1229 647 status
1261 605 1450 655 eorum
1473 589 1568 661 qui
1593 605 1723 648 suas
1752 591 1939 662 culpas
1961 591 2168 662 lugent,

2274 590 2449 660 γμένη
2494 585 2632 642 εἶναι
2672 589 2706 658 ἡ
2751 588 2858 642 τῶν
2890 588 3225 645 πενθούντων
3257 588 3484 658 εὐθύνας
3527 591 3687 662 παρά
3726 592 3854 654 τοὺς

588 694 644 739 ct
695 697 889 738 eorum
947 683 1044 754 qui
1093 683 1436 738 innocentem
1500 696 1715 753 semper
1747 682 1911 737 vitam
1987 690 2169 738 trans-

590 783 843 845 egerunt.

661 863 1128 930 Quemadmodum
1154 863 1321 935 398
1355 864 1650 934 imperator
1679 864 1927 929 militem,
1959 863 2054 935 qui
2089 862 2174 918 in-

591 954 774 1025 gentia
837 954 890 1008 in
939 954 1092 1009 vultu
1148 956 1374 1010 vulnera
1429 955 1657 1024 accepit,
1701 969 1810 1008 non
1833 955 1904 1008 ob
1935 954 1986 1008 id
2018 953 2174 1023 jubet

591 1062 742 1101 arma
771 1061 992 1116 ponere,
1019 1053 1074 1101 et
1097 1061 1157 1102 se
1185 1046 1379 1101 militia
1412 1045 1687 1108 abdicare,
1722 1046 1816 1100 sed
1843 1044 2026 1114 potius
2073 1059 2173 1099 au-

593 1139 814 1194 dentius
879 1138 1129 1208 progredi
1179 1135 1401 1208 [magis
1463 1134 1849 1206 proiicere]et
1880 1135 1932 1189 in
1963 1136 2171 1192 hostem

595 1228 707 1292 ire;
772 1229 846 1281 ita
890 1227 1203 1296 religiosum
1255 1227 1431 1282 virum
1467 1227 1706 1282 caelestis
1737 1227 2031 1295 imperator
2052 1236 2174 1298 post

595 1316 764 1370 multa
815 1331 938 1371 cum
985 1316 1324 1372 daemonibus
1373 1318 1615 1387 pericula
1661 1316 1936 1373 cxantlata
2006 1318 2173 1374 etiam

594 1415 839 1462 coronat.
1677 1454 1683 1460 .
1985 1455 2004 1480 ,ι

667 1498 875 1553 Sensus
915 1506 998 1553 est
1056 1499 1248 1554 anima:
1312 1499 1589 1570 proprius,
1618 1510 1898 1569 peccatum
1929 1514 2058 1556 vero
2093 1505 2177 1556 est

595 1602 792 1642 sensus
822 1601 1198 1656 repercussus,
1244 1601 1340 1642 seu
1375 1588 1640 1657 colaphus
1675 1589 1962 1657 impactus.

669 1676 876 1733 Sensus
929 1679 1277 1734 conscientia!
1304 1680 1444 1748 parit
1466 1689 1559 1734 aut
1589 1680 1826 1748 quietem
1854 1688 1946 1734 aut
1980 1679 2177 1734 minuit

600 1771 616 1832 (
649 1767 927 1822 stimulum
956 1769 1160 1839 peccati
1185 1769 1225 1838 ).
1252 1767 1568 1824 Consensus
1598 1780 1778 1823 autem
1803 1786 1866 1824 ex
1923 1785 2177 1826 consceno

2272 679 2599 741 ἀνευθύνους
2637 679 2986 743 κατάστασις.
3008 731 3020 742 ,

2342 855 2555 924 Ὥσπερ
2583 854 2676 908 τὸν
2709 855 2788 919 εἰς
2817 856 3108 927 πρόσωπον
3140 857 3340 912 ἑαυτοῦ
3369 859 3606 914 λαϐόντα
3630 859 3849 932 πληγὲς

2270 946 2516 1019 χαλεπὰς
2545 948 2884 1017 στρατιώτην
2920 950 2978 1002 ἐν
3001 949 3079 1018 τῷ
3100 949 3341 1021 πολέμῳ,
3363 952 3423 1005 οὐ
3447 951 3658 1006 κελεύει
3691 953 3852 1023 βασν-

2273 1038 2524 1111 λεὺςτῆς
2557 1041 2845 1111 στρατείας
2867 1041 3173 1111 ῥίπτεσθαι,
3199 1042 3335 1097 ἀλλά
3358 1044 3453 1097 καὶ
3479 1043 3687 1115 μᾶλλον
3714 1060 3852 1114 προ-

2273 1127 2518 1182 κόπτεινο
2562 1127 2737 1195 οὕτως
2769 1129 2863 1182 καὶ
2893 1131 3127 1201 μοναχὸν
3180 1131 3409 1196 πολλοὺς
3457 1132 3744 1196 κινδύνους
3789 1133 3854 1185 ὲκ

2271 1220 2544 1291 δαιμόνων
2576 1220 2914 1290 ὑπομένοντα
2951 1223 2980 1274 ὁ
3013 1221 3332 1294 ἐπουράνιος
3362 1221 3616 1293 βασιλεὺς
3644 1237 3854 1292 στεφα-

2271 1314 2358 1366 νοῖ
2382 1311 2520 1384 (ιι).

2345 1491 2608 1560 Αἴσθησις
2641 1491 2821 1568 ψυχῆς
2869 1493 3066 1564 ἰδίωμα
3105 1493 3276 1563 αὐτῆς
3323 1495 3456 1564 (12)·
3495 1495 3746 1566 ἁμαρτία
3795 1494 3855 1551 δὲ

2272 1584 2580 1652 αἰσθήσεως
2610 1571 2964 1654 κολαιρισμός.

2347 1675 2611 1744 Αἴσθησις
2637 1676 2808 1744 γεννᾷ
2836 1675 3009 1729 κακοῦ
3054 1693 3088 1746 η
3119 1677 3485 1741 κατάπαυσιν,
3529 1677 3563 1747 ἢ
3599 1680 3853 1748 μείωσινο

2280 1765 2629 1836 συναίσθησις
2665 1767 2722 1820 δὲ
2760 1768 3004 1838 γέννημα
3043 1769 3417 1840 συνειδήσεως.
3457 1769 3858 1841 Συνείδησιςδέ

599 1860 672 1915 tia
707 1860 970 1916 nascitur.
994 1859 1343 1914 Conscientia
1373 1871 1555 1916 autem
1601 1871 1687 1917 est
1706 1862 1950 1916 custodis
2005 1861 2174 1916 nostri

2279 1860 2396 1910 ἐστι
2421 1858 2577 1926 λόγος
2609 1858 2701 1912 καὶ
2725 1858 2946 1929 ἐλεγχος
2968 1859 3062 1914 τοῦ
3089 1860 3359 1932 ἡμετέρου
3394 1860 3631 1930 φύλακος
3660 1857 3762 1914 τοῦ
3791 1861 3856 1914 ἐκ

600 1951 758 2006 nobis
819 1952 872 2004 in
925 1951 1197 2021 baptismo
1226 1949 1392 2006 aDeo
1417 1953 1679 2024 assignati
1707 1963 1756 2008 et
1807 1953 1919 2007 dati
1965 1953 2176 2022 objecta

596 2039 740 2094 ratio
786 2051 839 2094 et
886 2039 1260 2110 reprehensio.
1305 2037 1459 2095 Unde
1487 2041 1546 2095 lit
1569 2052 1627 2096 ut
1654 2041 1927 2112 baptismo
1950 2057 2058 2096 non
2089 2042 2174 2096 Iu-

596 2130 753 2186 strati
807 2144 919 2184 non
975 2139 1178 2196 tantos,
1215 2131 1312 2186 sed
1365 2131 1537 2185 multo
1560 2131 1800 2185 minores
1831 2131 2178 2186 conscientia:

597 2222 850 2277 stimulos
875 2237 942 2276 ex
981 2221 1139 2276 malis
1197 2221 1522 2291 perpetratis
1573 2222 1630 2276 in
1679 2223 1862 2277 anima
1916 2223 2176 2288 sentiant,

596 2326 760 2382 quam
793 2311 1074 2380 haptizati.

669 2399 966 2454 Diminutio
988 2400 1115 2454 mali
1148 2402 1289 2471 parit
1311 2401 1697 2456 abstinentiam
1721 2415 1752 2455 a
1798 2401 1963 2456 malo.
1997 2400 2179 2455 Absti-

597 2491 779 2544 nentia
827 2500 1010 2544 autem
1059 2505 1090 2544 a
1143 2492 1290 2546 malo
1331 2491 1661 2562 principium
1708 2501 1792 2546 est
1822 2490 2178 2561 poenitentiae,

595 2582 915 2649 pwnitentia
945 2592 1124 2636 autem
1152 2582 1364 2637 initium
1410 2592 1494 2638 est
1522 2582 1736 2649 salutis,
1769 2577 1985 2636 initium
2031 2582 2180 2638 salu-

598 2673 668 2728 tis
706 2675 906 2728 bonum
945 2675 1306 2743 propositum.
1382 2743 1386 2746 γ

665 2761 872 2818 Bonum
916 2751 1256 2835 propositum
1305 2768 1542 2822 creatrix
1585 2775 1669 2821 cst
1709 2765 1987 2832 laborum,
2034 2766 2179 2820 labo-

595 2869 716 2908 rum
743 2855 954 2909 initium
987 2866 1114 2910 sunt
1147 2857 1395 2919 virtutes,
1426 2857 1642 2911 initium
1676 2866 1860 2910 autem
1913 2857 2178 2909 virtutum

595 2944 718 3010 ﬂos,
767 2943 867 2999 llos
925 2953 1103 2998 autem
1146 2946 1388 3011 virtutis,
1433 2946 1575 3001 bona
1616 2946 1780 3012 actio,
1809 2945 2028 2999 virtutis
2053 2960 2179 3014 par-

599 3045 684 3090 tus
723 3045 808 3090 est
862 3036 1194 3104 assiduitas;
1245 3039 1482 3092 assidua:
1533 3036 1942 3092 exercitationis
1969 3034 2179 3091 fructus

596 3137 652 3184 ct
706 3128 849 3185 fetus
927 3140 1010 3184 est
1039 3130 1254 3184 habitus
1288 3130 1550 3195 {habitus
1575 3130 1793 3185 soboles
1825 3128 2178 3198 estqutedam

596 3222 763 3276 animi
791 3221 1144 3284 modiﬁcatio,
1177 3236 1298 3291 quae
1330 3236 1526 3292 parens
1555 3230 1640 3276 est
1661 3221 1788 3275 boni
1821 3220 2036 3275 timoris
2066 3219 2174 3276 Do-
2200 3222 2244 3280 ϐ

599 3327 754 3367 ﬂlllll.

668 3402 858 3458 Timor
926 3405 1070 3474 parit
1132 3402 1443 3459 divinorum
1466 3414 1521 3460 et
1551 3405 1914 3459 humanorum
1973 3419 2177 3475 prrece-

527 3492 532 3497 ’
602 3500 818 3565 ριυηιηι
853 3495 1312 3550 observationem.
1338 3493 1540 3565 Legum
1569 3496 1818 3551 custodia
1850 3496 2065 3567 signum
2097 3507 2179 3553 est

597 3588 902 3652 charitatis,
963 3588 1246 3642 charitatis
1280 3588 1491 3643 initium
1543 3588 1651 3643 alta
1707 3597 1765 3643 et
1797 3589 1964 3642 multa
1995 3588 2177 3643 humi-

597 3676 743 3729 lilas.

666 3765 830 3819 Multa
877 3765 1158 3819 humilitas
1204 3773 1283 3821 est
1319 3765 1500 3835 proles
1531 3780 1760 3820 summa:
1795 3766 1990 3821 animae
2027 3776 2177 3822 tran-

595 3857 900 3928 quillitatis,
920 3857 1087 3928 399
1114 3857 1271 3926 cujus
1307 3859 1583 3928 possessio
1605 3869 1689 3914 est
1716 3860 2173 3931 complementum

594 3949 898 4013 cliaritatis,
923 3949 1036 4002 sive
1068 3948 1304 4017 perfecta
1329 3959 1382 4003 et
1429 3948 1619 4002 intima
1662 3950 1755 4004 Dei
1802 3951 2173 4018 familiaritas,

592 4055 721 4097 cum
789 4040 857 4094 iis
907 4040 999 4110 qui
1062 4041 1132 4093 ab
1175 4041 1323 4095 omni
1361 4041 1556 4096 vitioso
1589 4043 1782 4098 all‘ectu
1831 4045 2008 4112 liberi,
2048 4057 2177 4102 sunt

596 4131 802 4186 mundo
851 4132 1036 4194 corde,
1073 4130 1332 4199 quoniam
1381 4131 1483 4200 ipsi
1509 4134 1676 4188 Deum
1701 4135 1958 4190 videbunt
1988 4136 2056 4202 ⁸⁷,
2086 4138 2175 4192 cui

595 4224 762 4295 gloria
796 4225 849 4279 in
881 4238 1071 4280 omnes
1102 4224 1344 4278 omnium
1383 4225 1707 4282 saeculorum
1745 4228 2099 4286 aeternitates.

1210 4359 1527 4416 SCHOLIA.

504 4509 510 4515 ι
592 4476 672 4528 Ad
694 4475 1133 4529 enumerationem
1165 4485 1213 4528 et
1242 4491 1503 4529 summam
1532 4477 1863 4546 superiorum
1885 4481 2170 4551 graduum.

1198 4569 1447 4624 Scholion
1484 4572 1535 4624 1.

661 4661 1053 4730 Argumentum
1103 4671 1187 4716 est
1234 4672 1468 4718 mentem
1523 4663 1686 4720 rebus
1730 4681 1851 4736 quae
1873 4669 1938 4724 ad
1970 4669 2167 4726 intelli-

590 4754 826 4823 gentiam
887 4754 1172 4821 pertinent,
1207 4768 1422 4819 vacare,
1464 4755 1686 4824 quando
1715 4761 2015 4817 contemnit
2047 4777 2167 4817 om—

590 4849 702 4911 nia,
749 4862 870 4917 qum
896 4861 1116 4902 sensum
1158 4863 1378 4903 movere
1424 4859 1671 4918 possunt.

1292 4941 1476 4995 Aliud.

661 5032 781 5085 \ita
818 5032 870 5086 in
908 5030 1015 5086 Deo
1049 5041 1152 5098 est,
1196 5049 1342 5096 mors
1371 5051 1656 5092 sensuum.
1688 5035 1914 5102 Quando
1981 5051 2161 5094 autem

585 5123 779 5176 vixerit
810 5138 924 5184 cor,
958 5123 1157 5177 cadunt
1203 5139 1418 5179 sensus.
1594 5115 1596 5117 ἰ

1142 5275 1144 5277 ς
1275 5214 1455 5269 Aliud.

676 5304 904 5370 Quando
969 5304 1299 5360 reviviscunt
1354 5323 1570 5373 sensus,
1637 5311 1864 5365 moritur
1918 5325 2050 5376 cor;
2108 5321 2162 5367 et

583 5396 801 5466 qnamlo
873 5397 925 5449 hi
971 5397 1283 5460 revixerint,
1341 5398 1554 5468 signum
1610 5413 1690 5458 est
1736 5417 1883 5457 cora
1925 5401 2034 5457 Deo
2065 5419 2159 5473 per

583 5496 814 5538 mortem
852 5486 1056 5551 peccati
1087 5486 1396 5541 recessisse.

1247 5577 1516 5633 Scholion.

649 5668 749 5732 Qui
782 5683 838 5721 se
879 5665 1036 5721 bonis
1069 5668 1321 5721 omnibus
1358 5668 1650 5730 abdicavit,
1689 5686 1793 5726 non
1827 5674 1984 5730 habet
2015 5674 2155 5730 unde

582 5775 640 5811 rx
680 5758 978 5814 amissione
1010 5757 1240 5826 alicujus
1269 5760 1635 5827 perturbetur.

653 5897 688 5924 θ’
726 5892 910 5946 Matth.
947 5909 995 5954 ν,
1033 5894 1085 5944 8.

2280 1949 2656 2020 βαπτίσματος
2679 1951 3074 2021 παραδοθέντος
3100 1953 3250 2023 ἡμῖν.
3277 1951 3479 2022 Διόπερ
3508 1951 3632 2005 οὐδὲ
3657 1949 3854 2005 τοσοῦ-

2277 2057 2369 2094 τον
2420 2041 2547 2104 τοὺς
2587 2041 2927 2110 ἀφωτίστους
2970 2041 3298 2112 εὑρίσκομεν
3341 2042 3716 2112 τυπτομένους
3762 2041 3856 2095 ἐπὶ

2276 2133 2398 2194 ταῖς
2420 2134 2618 2194 κακαῖς
2644 2131 2907 2202 πράξεσιν
2943 2133 3002 2185 ὲν
3032 2135 3097 2204 τῇ
3127 2131 3334 2186 ἑαυτῶν
3363 2131 3532 2204 ψυχῇο
3564 2131 3683 2187 ἀλλ’
3707 2132 3853 2202 ἀμυ-

2277 2223 2422 2295 δρῶς
2447 2241 2584 2288 πως.

2350 2404 2590 2469 Μείωσις
2622 2404 2723 2475 μὲν
2755 2403 2926 2459 κακοῦ
2959 2406 3132 2458 τίκτει
3176 2405 3385 2476 ἀποχῆν
3428 2401 3631 2460 κακοῦ·

2280 2497 2336 2551 δὲ
2369 2496 2538 2551 κακοῦ
2571 2497 2704 2570 (15),
2743 2498 2886 2569 ἀρχὴ
2927 2496 3236 2566 μετανοίαςο
3279 2496 3420 2567 ἀρχὴ
3459 2495 3516 2548 δὲ
3564 2495 3855 2564 μετανοίας

2279 2588 2424 2660 ἀρχὴ
2456 2587 2751 2658 σωτηρία-ς’
2781 2590 2924 2660 ἀρχὴ
2957 2588 3014 2642 δὲ
3045 2587 3318 2659 σωτηρίας
3353 2586 3612 2656 πρόθεσις
3647 2584 3850 2655 ἀγαθή.

2353 2763 2613 2831 Πρόθεσις
2635 2761 2691 2814 δὲ
2712 2760 2890 2832 ἀγαθὴ
2911 2760 3205 2832 γεννήτρια
3233 2759 3428 2815 πόνωνο
3459 2760 3638 2813 πόνων
3661 2758 3724 2812 δὲ
3753 2759 3852 2830 ἀρ-

2280 2857 2369 2926 χὴ,
2399 2854 2590 2927 ἀρεταί
2609 2871 2624 2884 ο
2651 2855 2794 2926 ἀρχὴ
2823 2854 2881 2908 δὲ
2913 2853 3124 2925 ἀρετῶν
3148 2853 3325 2916 ἄνθοςο
3367 2853 3526 2917 ἄνθος
3557 2852 3615 2906 δὲ
3645 2851 3852 2925 ἀρετῆς

2279 2946 2531 3018 ἐργασία⁸
2564 2945 2764 3018 ἀρετῆς
2787 2945 2843 2999 δὲ
2872 2946 3119 3016 γέννημα
3145 2943 3412 3016 συνέχεια’
3456 2943 3852 3014 συνεχεστέρας

2279 3040 2335 3094 δὲ
2372 3039 2602 3111 μελέτης
2630 3038 2841 3109 καρπὸς
2872 3039 2965 3092 καὶ⁸
3002 3039 3269 3108 γέννημα,
3300 3035 3434 3103 ἔξιςο
3465 3038 3632 3102 ἕξεως
3667 3036 3727 3090 δὲ
3761 3036 3851 3090 τό·

2280 3149 2377 3196 κος
2409 3132 2653 3193 τιοίωσις⁹
2690 3129 2854 3185 καλοῦ
2886 3130 2944 3183 δὲ
2968 3130 3193 3193 ποίωσις
3268 3132 3522 3200 εννήτρια
3551 3129 3745 3198 φόϐου.

2347 3397 2514 3465 Φόϐος
2543 3397 2600 3451 δὲ
2623 3397 2798 3451 τίκτει
2825 3397 3057 3468 τήρησιν
3082 3393 3432 3466 ὲνταλμάτων
3463 3394 3596 3466 (14),
3618 3395 3847 3465 ἐπουρα-

2277 3490 2404 3544 νίων
2451 3490 2593 3558 λέγω
2648 3489 2715 3560 δὴ
2753 3488 2848 3540 καὶ
2889 3484 3167 3555 ἐπιγείωνο
3216 3485 3567 3558 ὲνταλμάτων
3625 3487 3845 3556 φυλακὴ

2275 3581 2499 3652 ἀγάπης
2531 3583 2849 3652 τεκμήριον·
2880 3580 3102 3648 ἀγάπης
3145 3577 3202 3632 δι
3237 3577 3384 3650 ἀρχὴ
3417 3577 3619 3651 πλῆθος
3656 3594 3846 3633 “ramu-

2277 3670 2515 3735 νὼσεως.

2341 3754 2558 3831 ’Πλῆθος
2576 3763 2633 3816 δὲ
2655 3762 3035 3826 ταπεινώσεως
3061 3760 3308 3833 θυγάτηρ
3327 3762 3619 3827 ἀπαθείας·
3644 3767 3846 3833 ταύτης

2273 3855 2331 3909 δὲ
2355 3855 2545 3925 κτῆσις
2573 3855 2796 3923 ἀγάπης
2829 3854 3119 3926 πλήρωμα·
3143 3854 3242 3908 εἴτ’
3270 3849 3364 3909 οὖν
3389 3855 3522 3908 Θεοῦ
3551 3857 3732 3909 τελεία
3758 3859 3842 3909 ὲν-

2274 3947 2490 4018 οἰκησις
2511 3947 2624 4009 τοῖς
2641 3946 2707 3999 δι’
2729 3945 2996 4010 ἀπαθείας
3026 3944 3282 4017 καθαροῖς
3305 3948 3370 4017 τῇ
3398 3945 3613 4019 καρδίᾳ·
3642 3950 3727 4001 ὅτι
3751 3947 3844 4001 αύ-

2273 4039 2357 4092 τοὶ
2399 4038 2490 4092 τὸν
2518 4037 2650 4092 Θεὸν
2675 4037 2925 4108 ὄψονταιο
2969 4037 3117 4108 αύτῷ
3144 4039 3178 4109 ὴ
3207 4036 3332 4104 δόξα
3371 4037 3453 4102 εἰς
3481 4038 3607 4102 τοὺς
3645 4039 3842 4098 αἰῶνας

2274 4129 2384 4182 τῶν
2419 4127 2651 4186 αἰώνων.
2687 4129 2881 4201 ’Λμήν.

2930 4378 3205 4434 ΣΧΟΛῘΑ.

2347 4498 2451 4564 Εἰς
2481 4496 3005 4566 ἀνακεφαλαίωσιν
3047 4495 3168 4548 τῶν
3202 4496 3399 4566 λόγων
3431 4494 3788 4562 ,ἀνωτέρωνν

2875 4583 3136 4653 Σχόλιον
3166 4590 3236 4639 α’.

2343 4677 2572 4748 Σημεῖον
2599 4677 2681 4731 ὃτι
2713 4675 2958 4747 σχολάζει
3003 4677 3032 4728 ό
3078 4677 3200 4740 νοῦς
3242 4678 3371 4750 περί
3415 4677 3484 4731 τά
3534 4680 3721 4747 νοητά,
3758 4677 3830 4744 ct,

2270 4770 2445 4824 πάντα
2478 4773 2822 4842 περιφρονεῖν
2842 4770 2911 4823 τά
2931 4770 3026 4822 si“:
3045 4771 3293 4843 αἴσθησιν
3323 4771 3591 4826 σαίνοντα.

2941 4949 3150 5002 Ἄλλο.

2263 5045 2271 5050 “
2342 5040 2462 5110 Ζωὴ
2486 5041 2542 5093 ἐν
2574 5039 2692 5109 Θεῷ
2712 5040 2745 5108 ἡ
2773 5040 3117 5104 κατάπτωσις
3141 5041 3248 5095 τῶν
3270 5041 3574 5112 αἰσθήσεων
3592 5059 3603 5071 ’
3633 5043 3761 5096 ὅταν
3781 5038 3838 5098 δὲ’

2272 5130 2411 5202 ζήσῃ
2444 5135 2475 5202 ἡ
2514 5131 2728 5202 καρδία,
2763 5131 3199 5186 καταπίπτουσιν
3218 5136 3272 5188 αἱ
3297 5133 3597 5204 αἰσθήσεις.

2960 5225 3169 5278 Ἄλλο.

2349 5314 2414 5366 Ἦ
2455 5315 2745 5377 ἀνάστασις
2785 5314 2893 5366 τῶν
2935 5314 3259 5387 αἰσθήσεων,
3305 5314 3454 5368 ἐστὶν
3493 5314 3526 5385 ἠ
3571 5314 3826 5384 νέκρωσις

2262 5405 2363 5475 τῆς
2387 5408 2627 5476 καρδίας·
2657 5409 2750 5460 καὶ
2779 5408 2914 5462 ὅταν
2935 5405 3092 5464 αὗται
3121 5408 3444 5471 ἀναστῶσιν,
3467 5408 3584 5461 ἐστὶ.
3611 5409 3826 5477 σημεῖον

2265 5497 2361 5568 τῆς
2383 5497 2704 5569 νεκρώσεως
2741 5498 2838 5569 τῆς
2869 5499 3093 5568 καρδίας
3121 5500 3229 5556 ἀπὸ
3254 5496 3407 5553 Θεοῦ.

2917 5594 2962 5645 Σ
2964 5595 3194 5661 χόλιον.

2345 5677 2402 5730 ’0
2436 5679 2542 5749 γὰρ
2570 5682 2832 5753 ἀκτήμων
2865 5686 2962 5755 οὐχ
2994 5685 3102 5750 ἕξει
3132 5686 3185 5739 τί
3225 5680 3286 5739 οὗ
3321 5689 3385 5760 τῇ
3419 5689 3705 5763 ἀφαιρέσει
3735 5693 3820 5749 λυ·

2263 5767 2587 5838 πηθήσεται.
