4032 6340
591 509 728 576 1095
1297 530 1305 536 -
1826 499 1885 558 s.
1926 491 2244 558 JOANNIs
2295 490 2601 552 CLIMACI
3689 476 3826 541 1096

1220 607 1489 663 Scholion.
2181 644 2187 660 ι

2417 637 2420 639 λ
2895 589 3166 661 Σχόλιον.

659 701 932 772 Principio
987 697 1344 755 abdicationis
1406 695 1586 752 medio
1632 702 1687 749 et
1727 691 1822 747 lini
1850 705 1948 748 seu
1975 687 2149 759 perle-

591 793 782 849 ctioni.

2326 690 2406 759 Τῇ
2451 689 2592 760 ἀρχῇ
2638 685 2733 756 τῆς
2781 683 3084 752 ἀποταγῆς,
3110 681 3188 752 ιτῇ
3225 678 3480 750 μεσότητι
3521 676 3618 731 καὶ
3639 679 3706 747 τῇ
3736 691 3822 729 τεο

2291 779 2516 848 ειότητι.

649 796 782 848 ioni.
2256 796 2516 848 Αειοτητι.

1149 868 1398 936 Scholion
1438 880 1527 934 ll.

660 972 904 1028 Pericula
927 973 1175 1044 intelligit
1197 971 1542 1034 tentationes,
1581 969 1719 1023 sicut
1767 980 1931 1023 sonos
1987 964 2157 1034 phan-

599 1065 770 1130 tasiae,
801 1065 1007 1135 plagas.

1295 1150 1478 1205 Aliud.

666 1242 951 1308 Quomodo
981 1237 1360 1310 accipiendum
1395 1235 1526 1291 illud
1557 1244 1640 1289 est
1668 1233 1811 1302 quod
1865 1233 1959 1301 qui
2019 1231 2160 1301 peri-

2749 922 2752 932 ,
2857 868 2903 919 Σ
2904 864 3116 934 χόλιον
3137 867 3226 916 ια’.

2325 959 2616 1020 Κινδὺνους
2664 954 2799 1025 φησὶ
2845 955 2969 1017 τοὺς
3017 950 3376 1023 πειρασμοὺς,
3422 943 3552 1012 οἷον,
3585 945 3824 1009 κτύπους

2258 1048 2557 1118 φαντασίας
2583 1046 2816 1130 πληγάς.

2930 1136 3142 1189 Ἀλλο.

2329 1231 2454 1295 Πῶς
2483 1230 2630 1284 ἔστιν
2655 1231 2827 1284 εἰπεῖν
2855 1228 3133 1294 κινδύνους
3167 1230 3500 1300 ὑπομένοντα
3531 1227 3828 1295 στεφανοῦ-

598 1332 721 1386 eula
776 1331 1088 1398 sustineat,‘
1122 1335 1436 1387 coronetur,
1495 1323 1650 1394 401
1710 1338 1777 1376 an
1811 1320 1904 1392 qui
1938 1319 2161 1375 omnino

2291 1322 2406 1388 θαι,
2439 1321 2472 1389 ἢ
2500 1320 2735 1386 πάντως,
2767 1321 2860 1374 τὸν
2884 1320 2958 1390 μὴ
2985 1320 3279 1374 ὑπενδόντα
3297 1323 3413 1384 ταῖς
3431 1321 3540 1373 τῶν
3564 1319 3828 1373 κινδύνων

601 1436 711 1474 non
765 1423 919 1476 cedat
960 1418 1327 1489 periculorum
1394 1411 1788 1475 illectamentis,
1845 1411 1938 1465 sed
1979 1423 2162 1478 perse-

2261 1415 2556 1485 ἀφορμαῖς·
2587 1413 2706 1466 ἀλλ’
2745 1410 3184 1495 ἐγκαρτεροῦντα
3222 1414 3336 1476 τοῖς
3361 1412 3576 1478 δεινοῖς,
3613 1412 3707 1466 καὶ
3752 1410 3830 1480 μὴ

602 1520 745 1566 veret
807 1513 862 1565 in
911 1509 1194 1565 tolerantia
1226 1505 1490 1578 malorum
1524 1513 1578 1559 et
1605 1496 1858 1558 virtutem
1891 1517 2000 1554 non
2032 1513 2161 1570 pro-

2291 1501 2583 1573 προδιδόντα
2613 1500 2713 1565 τάς
2741 1501 2939 1571 ἀρετάς
2959 1517 2975 1565 ;

601 1599 742 1654 dat?

1193 1684 1444 1739 Scholion
1474 1683 1562 1738 12.

672 1776 878 1830 Sensus
931 1773 1232 1844 spiritualis
1274 1784 1357 1829 est
1380 1773 1454 1828 ita
1483 1771 1732 1838 afectus,
1759 1763 1818 1824 ut
1844 1769 2016 1839 possit
2053 1769 2162 1823 vim

601 1864 1001 1934 contemplandi
1063 1866 1298 1932 recipere
1325 1902 1343 1929 ,

603 1957 886 2011 oculorum
939 1955 1347 2024 c'orporeorum,
1385 1954 1499 2024 [qui
1563 1952 1744 2008 lumen
1807 1952 2166 2007 continentia

603 2061 683 2110 se,
710 2045 855 2114 quod
888 2044 991 2098 sub
1012 2058 1232 2099 sensum
1265 2043 1429 2103 cadit.

1228 2131 1479 2187 Scholion
1509 2131 1596 2186 l5.

676 2223 876 2275 Bonum
901 2223 1281 2290 comprehendi
1306 2232 1358 2276 et
1390 2222 1580 2292 attingi
1603 2224 1750 2277 nullo
1784 2223 1945 2277 modo
1973 2232 2168 2291 potest,

2851 1682 3110 1748 Σχόνιιον⁸
3147 1676 3233 1747 ιβ’.
3289 1639 3303 1648 ἢ

2333 1769 2596 1841 Αἴσθησις
2625 1769 2967 1839 πνευματική
2999 1770 3167 1834 ἐστιν,
3199 1767 3232 1836 ἡ
3263 1766 3552 1821 πιωθετσα
3571 1763 3834 1830 δέξασθαι

1420 1862 1875 1931 quemadmodum
1963 1861 2164 1930 pupilla

2291 1861 2364 1932 τὴν
2397 1863 2625 1932 δύναμιν
2654 1859 2753 1931 τὴν
2781 1859 3138 1931 Θεωρητικὴν,
3175 1859 3251 1922 ὡς
3277 1861 3310 1930 ή
3335 1859 3470 1929 κόρη
3502 1857 3608 1912 τῶν
3639 1875 3833 1928 σωμα-

2265 1957 2432 2010 τικῶν
2465 1953 2779 2030 ὀφθαλμῶν,
2812 1953 2920 2006 τῶν
2963 1953 3023 2006 ὲν
3065 1953 3244 2015 αὐτοῖς
3273 1951 3506 2021 ἑχόντων
3533 1949 3593 2002 τὸ
3621 1949 3736 2017 φῶς
3772 1947 3856 2000 τὸ.

2267 2045 2541 2117 αἰσθητόν.

2869 2122 3126 2203 Σχόλιον
3153 2140 3239 2202 ιγ’.

2351 2227 2654 2296 Ἀμήχανον
2702 2225 2940 2294 ἅψασθαι
2993 2222 3088 2277 τοῦ
3131 2224 3336 2302 ἀγαθοῦ
3401 2226 3477 2295 μὴ
3522 2222 3839 2278 ἀποστάντα

607 2312 711 2366 nisi
768 2313 837 2366 ab
891 2327 957 2365 eo
1015 2314 1106 2381 qui
1151 2313 1365 2382 pen‘tus
1418 2331 1447 2367 a
1483 2315 1628 2368 male
1662 2315 1812 2383 prius
1844 2314 2088 2378 desistat,
2118 2325 2173 2370 et

2291 2317 2535 2386 τρότερον
2584 2313 2865 2378 παντελῶς
2911 2315 3006 2368 καὶ
3053 2314 3378 2368 ὲκνεὺσαντα
3408 2313 3501 2366 τοῦ
3531 2313 3727 2366 κακοῦ⁸
3763 2311 3837 2373 ὡς

608 2402 738 2455 illud
789 2401 1014 2468 rejiciat.
1069 2400 1138 2455 Ut
1196 2418 1354 2456 neruo
1413 2405 1697 2458 sanitatem
1719 2405 1953 2474 recipere
1974 2413 2172 2474 potest,

2291 2407 2561 2476 ὶμήχανον
2600 2404 2788 2474 ὑγείαν
2827 2403 3114 2458 ἀναλαϐεῖν
3152 2404 3228 2476 μὴ
3252 2404 3352 2475 τῆς
3381 2405 3538 2458 νόσου
3588 2403 3840 2457 ἀπαλλα-

607 2491 712 2546 nisi
742 2493 894 2562 prius
924 2507 957 2544 a
984 2492 1176 2546 morbo
1211 2493 1485 2546 liberetur.

1307 2583 1489 2637 Aliud.

678 2674 897 2727 Declina
931 2691 963 2726 a
1016 2669 1180 2738 malo,
1209 2682 1258 2727 et
1295 2674 1379 2739 fac
1407 2674 1597 2728 bonum
1625 2674 1692 2727 ’°.
1723 2673 1837 2729 Hoc
1867 2685 1968 2738 est,
1999 2690 2186 2746 pugna

612 2763 879 2819 adversus
931 2764 1136 2830 hostes,
1171 2773 1233 2818 ut
1265 2765 1487 2820 vitiosas
1519 2765 1840 2834 cupiditates
1864 2765 2172 2820 imminuas.

614 2851 818 2907 Deinde
867 2855 1050 2908 sobrie
1103 2856 1247 2918 vive,
1300 2871 1368 2910 ne
1415 2867 1731 2924 augeantur,
1762 2871 2060 2925 rursusque
2079 2856 2177 2910 de-

614 2952 760 2996 certa
810 2951 868 2996 ut
935 2944 1161 2998 virtutes
1193 2945 1288 3010 tibi
1317 2959 1630 3013 compares:
1662 2945 1856 3000 iterum
1891 2946 2176 3000 abstinete.

617 3041 676 3086 ut
701 3031 889 3087 eadem
925 3032 1222 3087 custodiast
1279 3030 1346 3084 Et
1387 3033 1489 3086 hoc
1521 3033 1624 3088 erit
1651 3033 1862 3101 operari
1921 3034 2142 3088 bonum.

1141 3206 1390 3261 Scholion
1422 3205 1601 3261 Isaaci
1632 3209 1717 3263 Η.

685 3296 874 3353 Timor
909 3306 990 3352 est
1017 3296 1166 3368 virga
1199 3297 1495 3366 spiritualis
1518 3315 1638 3367 quae
1669 3300 1809 3370 regit
1851 3316 1952 3356 nos
1999 3303 2176 3372 quoad

617 3389 899 3444 Veniamus
949 3389 1005 3443 in
1041 3388 1350 3458 paradisum
1392 3390 1655 3443 bonorum
1706 3391 2087 3459 spiritualium,
2123 3403 2176 3447 et

539 3529 543 3531 .
618 3480 835 3548 quando
873 3479 948 3534 ibi
1003 3479 1288 3544 fuerimus,
1357 3480 1579 3535 dimittit
1632 3496 1750 3546 nos,
1789 3491 1842 3536 et
1871 3484 1998 3538 abit.

1113 3841 1392 3924 anuus
1444 3867 1658 3922 xxvu.

628 3983 705 4039 De
755 3997 909 4037 sacra
949 3983 1181 4050 corporis
1218 3993 1267 4035 et
1305 3983 1498 4035 animi:
1553 3981 1721 4045 quiete
1773 3981 1920 4050 (sive
1955 3979 2021 4035 de
2073 3983 2181 4035 vila

1022 4053 1384 4105 anachoretica
1409 4064 1458 4104 et
1480 4051 1762 4120 solitaria.)
2135 4072 2140 4078 ί

694 4140 803 4198 llos
830 4158 954 4198 cum
979 4143 1123 4197 velut
1149 4143 1376 4212 emptitii
1398 4143 1615 4212 quidam
1637 4153 1696 4197 et
1722 4143 1982 4210 improbis
2025 4142 2181 4196 vitio-

627 4247 748 4287 rum
802 4231 1082 4287 aﬂ‘ectibus
1139 4231 1360 4285 obnoxii
1429 4232 1567 4286 servi
1595 4231 1719 4286 iacti
1749 4234 1939 4298 simus,
1978 4248 2044 4286 ex
2081 4233 2183 4286 hoc

628 4323 748 4390 ipso
806 4322 1079 4388 improbas
1117 4330 1261 4375 artes
1317 4336 1518 4386 mores,
1561 4322 1804 4390 imperia,
1837 4323 2008 4376 malas
2039 4325 2188 4375 tech-

631 4426 731 4464 nas
800 4409 1198 4463 dominantium
1246 4411 1301 4463 in
1356 4412 1584 4465 miseras
1612 4413 1820 4465 animas
1848 4421 2062 4466 nostras
2084 4411 2187 4463 im-

2273 2495 2458 2564 γέντα.
2638 2523 2643 2527 -

2950 2585 3146 2638 Ἄλλο.

2350 2676 2672 2730 Ἔκκλινον
2715 2675 2835 2730 ἀπὸ
2890 2675 3102 2739 κακοῦ,
3133 2674 3232 2729 καί
3280 2677 3536 2741 ποίησον
3590 2670 3836 2740 ἀγαθόν·

2278 2767 2545 2833 τουτέστι,
2578 2768 2895 2838 Πολέμησον
2930 2768 3056 2831 τοὺς
3100 2765 3326 2838 ἐχθροὺς
3363 2765 3448 2818 ἴνα
3491 2763 3731 2834 μειώσῃς
3772 2761 3843 2814 τὰ

2279 2857 2450 2928 πάθη.
2481 2858 2712 2910 Ἔπειτα
2747 2857 2804 2910 δὲ
2835 2859 2990 2926 νῆφε,
3025 2856 3112 2909 ἵνα
3142 2854 3216 2927 μὴ
3237 2853 3561 2925 αὑξήσωσινο
3595 2846 3755 2912 αὖθίς
3783 2865 3842 2903 τε

2280 2949 2610 3019 πολέμῃσον,
2657 2950 2743 3002 ἴνα
2784 2948 2959 3018 κτήσῃ
3006 2947 3109 3010 τὰς
3148 2946 3365 3016 ἀρετάςο
3416 2945 3510 2997 καὶ
3549 2941 3846 3012 μετέπειτα

2281 3041 2441 3108 νῆφε,
2471 3040 2556 3091 ἵνα
2585 3038 2751 3102 αὑτὰς
2776 3035 3119 3107 διαφυλάξῃςο
3154 3033 3250 3087 καὶ
3277 3032 3431 3086 τοῦτο
3454 3031 3519 3085 ἂν
3548 3031 3633 3100 εἴη
3658 3028 3720 3082 τὸ
3749 3027 3842 3098 ὲρ-

2281 3123 2542 3192 γάζεσθαι
2563 3124 2782 3192 ἀγαθόν.
3318 3139 3336 3145 ·’

2771 3215 2820 3266 Σ
2821 3214 3032 3281 χόλιον
3059 3210 3257 3267 Ἰσαὰκ
3289 3211 3369 3266 ιδ’.

2353 3302 2519 3364 Φόϐος
2562 3302 2679 3355 ἐστὶ
2721 3302 2911 3372 ῥάϐδος
2947 3301 3288 3372 πνευματικὴ
3324 3298 3639 3369 κυϐερνῶσα
3676 3298 3846 3367 ἡμᾶς,

2283 3391 2388 3454 ἕως
2410 3391 2474 3444 ἂν
2497 3389 2789 3460 φθάσωμεν
2813 3389 3004 3466 είςθτδν
3025 3389 3347 3458 παράδεισον
3371 3389 3480 3442 τῶν
3498 3387 3717 3456 ἀγαθῶν
3738 3386 3847 3439 τῶν

2286 3467 2693 3548 πνευματικῶν
2720 3480 2812 3533 καὶ
2838 3480 2964 3532 ὅταν
2986 3481 3101 3531 ἐκεῖ
3128 3477 3439 3547 φθάσωμεν,
3462 3477 3849 3548 ἀφίησινήμᾶς

2288 3571 2384 3621 καὶ
2409 3569 2717 3640 στρέφεται.

2879 3870 3096 3922 ΛΟΓΟΣ
3127 3869 3256 3924 KZ’.

2359 3984 2495 4050 Περὶ
2520 3984 2628 4054 τῆς
2657 3985 2816 4052 ἱερᾶς
2839 3985 3111 4055 σώματος
3135 3984 3230 4040 καί
3255 3984 3462 4055 ’ψυχῆς
3493 3975 3779 4055 ἡσυχίας.

2371 4144 2559 4212 Ἡμεῖς
2589 4143 2776 4213 ὥσπερ
2806 4144 2892 4197 ἀεὶ
2912 4143 3176 4213 ωνὴσιμοί
3201 4159 3342 4206 τινες
3369 4130 3476 4198 τῶν
3502 4144 3732 4199 ἀνοσίων
3758 4165 3853 4199 πα-

2290 4237 2398 4290 θῶν
2427 4237 2761 4305 ὑπάρχοντες
2792 4235 2891 4305 (1),
2926 4234 3018 4286 καὶ
3050 4233 3224 4305 δοῦλοι
3257 4235 3578 4292 ὑπόσπονδοι
3621 4238 3852 4306 γενόμε-

2292 4329 2466 4379 vos-tn
2502 4326 2690 4379 τούτου
2725 4324 2968 4386 καὶτοὺς
3004 4325 3320 4388 δόλουςκαὶ
3357 4327 3593 4397 τρόπους
3629 4329 3724 4380 καὶ
3758 4329 3856 4390 τὰς

2293 4416 2582 4480 ἐπιταγὰς,
2623 4416 2717 4468 καὶ
2776 4415 2875 4477 τὰς
2921 4417 3252 4489 πανουργίαις
3301 4417 3482 4479 ποσῶς
3514 4416 3855 4486 ἐπιστάμεθα

632 4501 925 4570 proborum
949 4499 1234 4567 spirituum
1263 4508 1534 4568 utcunque
1567 4500 1877 4554 didicimus.
1903 4501 2005 4552 Alii
2033 4500 2187 4568 quip-

2292 4505 2398 4557 τῶν
2429 4504 2802 4558 δεσποσάντων
2834 4508 2933 4576 τῆς
2968 4506 3157 4570 ἀθλίας
3203 4507 3358 4578 ἡμῶν
3401 4507 3580 4578 ψυχῆς
3603 4507 3854 4575 Πνευμά-

633 4605 701 4659 pc
737 4589 1083 4657 reperiuntur
1111 4589 1204 4658 qui
1239 4589 1474 4656 Spiritus
1512 4590 1684 4644 sancti
1719 4589 1912 4643 virtute
1942 4590 2194 4643 illustrati

576 4742 581 4746 ν
637 4680 900 4749 improbis
956 4680 1170 4732 illorum
1226 4679 1676 4742 machinationes,
1743 4695 1770 4732 a
1830 4682 2027 4748 quibus
2081 4681 2194 4747 jam

636 4778 765 4826 sunt
805 4770 1014 4823 liberati
1044 4769 1528 4838 deprehenderunt.
1557 4769 1716 4841 402
1752 4772 1902 4824 Alius
1932 4772 2074 4825 enim
2130 4786 2195 4824 ex

637 4861 814 4916 morbi
865 4861 1073 4925 dolore,
1133 4877 1291 4930 quem
1355 4876 1494 4930 aeger
1547 4864 1737 4925 sensit,
1778 4863 2022 4917 sanitatis
2045 4862 2197 4931 quie-

639 4962 745 5006 tem
777 4952 999 5021 conjicit
1027 4969 1041 5016 ;
1076 4953 1216 5007 alius
1240 4967 1364 5006 vero
1388 4968 1452 5006 ex
1487 4952 1738 5008 sanitatis
1772 4953 1970 5023 gaudio
2027 4954 2196 5007 mole-

639 5044 798 5095 stiam
828 5043 1003 5097 morbi
1033 5044 1274 5112 percipit,
1307 5052 1359 5097 et
1388 5044 1693 5112 conjectura
1741 5045 2070 5114 assequitur.
2135 5043 2201 5098 Et

643 5132 769 5185 hinc
799 5133 1041 5200 estquod
1076 5150 1176 5188 nos
1207 5134 1351 5189 velut
1373 5136 1498 5204 aegri
1528 5143 1582 5190 et
1611 5135 1905 5190 imbecilles
1931 5134 2071 5204 apud
2105 5151 2199 5190 vos

642 5221 710 5274 de
744 5221 943 5289 quietis
977 5224 1235 5278 solitariae
1266 5233 1422 5292 portu
1451 5226 1609 5279 verba
1660 5224 1860 5291 facere,
1920 5237 1974 5279 et
2022 5227 2198 5295 philo-

643 5311 861 5380 sophari
887 5310 1319 5379 reformidemus,
1354 5329 1475 5366 cum
1513 5315 1654 5368 haud
1688 5315 1998 5384 ignoremus
2057 5333 2201 5372 sem-

642 5417 740 5473 per
774 5415 962 5456 canem
1003 5403 1235 5470 aliquem
1259 5405 1324 5456 ad
1355 5406 1571 5472 Optimae
1601 5407 1897 5462 sodalitatis
1923 5417 1978 5464 et
2029 5419 2201 5464 coetus

642 5499 893 5548 mensam"
925 5499 1124 5556 astare,
1147 5493 1240 5561 qui
1274 5497 1507 5563 panem(
1539 5496 1650 5549 sive
1685 5499 1922 5553 animam
1954 5501 1972 5567 )
2012 5515 2076 5553 ex
2114 5501 2201 5554 illa

643 5584 886 5664 abripere
917 5591 1166 5646 conatur,
1191 5598 1351 5651 quem
1380 5599 1473 5638 ore
1506 5583 1683 5640 ferens
1709 5587 1983 5657 deinceps,
2040 5599 2204 5658 atque

645 5672 928 5743 a'il‘ugieus
947 5673 1090 5728 clam
1129 5685 1185 5729 ct
1209 5689 1455 5730 seorsum
1486 5676 1724 5732 devoret.
1772 5678 1956 5748 Itaque
2003 5695 2069 5736 ne
2121 5681 2202 5737 lo—

715 5853 760 5884 "
797 5852 938 5912 Psal.
974 5873 1157 5915 xxxvr.
1188 5839 1282 5912 27:

2294 4611 2424 4649 των.
2451 4595 2666 4666 Ἐτεροι
2698 4597 2805 4669 γὰρ
2842 4598 3165 4670 ὑπάρχουσι,
3193 4601 3243 4652 οἱ
3279 4599 3348 4652 δι’
3380 4598 3658 4668 ἐνεργείας
3687 4597 3854 4651 πνεὺ-

2300 4702 2465 4755 ματος
2494 4687 2671 4754 ἁγίου,
2706 4688 2917 4758 καὶτῆς
2938 4688 3142 4742 τούτων
3169 4686 3489 4756 ἀπαλλαγῆς
3519 4687 3599 4748 είς
3619 4689 3718 4749 τὰς
3749 4704 3854 4757 μη-

2298 4778 2464 4846 χανάς
2493 4780 2670 4832 αὑτῶν
2702 4779 3080 4848 φωτισθέντες.
3113 4779 3306 4840 ’Δλλος
3344 4779 3440 4845 μὲν
3471 4775 3579 4846 γάρ
3603 4777 3630 4830 ὁ
3659 4777 3727 4828 ὲκ
3756 4777 3854 4846 τῆς

2299 4871 2357 4923 ὲν
2379 4873 2444 4939 τῇ
2471 4871 2609 4941 νόσῳ
2635 4871 2825 4940 ὀδύνης
2847 4870 2944 4940 τὴν
2966 4870 3064 4937 τῆς
3084 4866 3272 4934 ὑγείας
3302 4866 3698 4935 στοχαζόμενος
3727 4867 3854 4920 ἀνάο

2300 4977 2516 5028 παυσιν,
2568 4963 2662 5015 καὶ
2710 4962 2894 5030 ἕτερος
2939 4959 2968 5009 ό
3008 4959 3074 5010 ὲκ
3129 4957 3229 5026 τῆς
3276 4958 3334 5009 ἐν
3384 4958 3452 5027 τῇ
3494 4956 3650 5022 ὑγεία
3696 4957 3854 5009 εὐθυ-

2303 5053 2430 5121 μίας
2470 5053 2564 5122 τὴν
2611 5056 2669 5106 ὲν
2717 5055 2782 5122 τῇ
2834 5051 2971 5118 νόσῳ
3023 5048 3260 5118 ἀθυμίαν
3307 5047 3854 5116 καταλαμϐανόμενος

2301 5141 2392 5193 καὶ
2429 5142 2874 5213 τεκμαιρόμενος.
2903 5138 3094 5191 Τοίνυν
3123 5138 3282 5207 ἡμεῖς
3306 5135 3382 5198 ὡς
3413 5131 3852 5206 ἀσθενεῖςοδεδοί-

2301 5247 2473 5298 καμεν
2504 5233 2631 5298 ὑμῖν
2668 5231 2761 5283 νῦν
2793 5230 2919 5296 περὶ
2944 5226 3036 5280 τοῦ
3068 5227 3164 5295 τῆς
3193 5227 3420 5296 ἡσυχίας
3446 5227 3661 5297 λιμένος
3695 5231 3754 5280 ὲν
3781 5227 3852 5297 τῷ

2301 5319 2442 5392 λόγῳ
2471 5323 2799 5390 φιλοσοφεῖν,
2841 5317 3190 5386 ἐπιστάμενοι
3217 5316 3305 5369 ἀεὶ
3337 5315 3708 5387 παρίστασθαί
3737 5335 3853 5372 τινα

2301 5409 2436 5462 κύνα
2469 5413 2526 5463 έν
2555 5415 2619 5481 τῇ
2644 5408 2888 5482 τραπέζῃ
2907 5407 3008 5476 τῆς
3045 5406 3214 5475 καλῆς
3242 5406 3507 5472 συνοδίας,
3541 5407 3633 5461 καὶ
3671 5408 3850 5477 ἄρτον,

2303 5500 2467 5568 ἤγουν
2513 5501 2708 5570 ψυχὴν,
2745 5501 2807 5552 ἐκ
2849 5496 3050 5565 ταύτης
3092 5493 3436 5567 ἀφαρπάζειν
3477 5495 3851 5566 δοκιμάζοντα.

2302 5591 2412 5644 Καὶ
2462 5591 2647 5645 τοῦτον
2685 5591 2764 5660 τῷ
2797 5588 3020 5656 στόματι
3059 5585 3448 5654 ἐπιφερόμενον
3502 5586 3686 5640 λοιπὸν
3723 5589 3852 5640 ἀπο·

2302 5681 2581 5754 τρέχοντα,
2620 5681 2712 5736 καὶ
2743 5679 2861 5734 καθ’
2887 5676 3112 5748 ἡσυχίαν
3140 5676 3322 5730 τοῦτον
3348 5677 3737 5734 ὲσθίοντα.’Διὺ
3773 5679 3856 5731 ἵνα
