4032 6340
56 535 182 598 1097

962 537 1182 594 SC.\L.\
1227 528 1593 590 l‘.\l’t.\DlSl.
1630 550 1693 557 ατ
1725 524 2030 582 θηλυυς
2085 524 2313 581 XXVII.

3105 527 3252 588 tuas

47 646 125 714 .ιῆ
157 643 331 714 τούτῳ
378 645 558 714 χώραν
596 646 670 716 τῷ
710 648 829 700 κυνὶ
873 647 958 699 διὰ
999 646 1091 698 τοῦ
1130 645 1397 714 ήμετέρου
1426 642 1635 710 δῶμεν⁴

1739 652 1825 686 um
1909 636 2034 687 huic
2087 639 2228 696 cani,
2280 646 2333 689 et
2382 637 2718 689 occasionem
2749 637 3130 704 qnzerentihus,
3165 655 3254 705 per

46 725 354 803 λόγου,’κα·ι
383 738 630 806 ἀφορμήν
649 741 759 800 τοῖς
791 737 1028 807 ζητοῦσι,
1054 738 1112 788 οὐ
1143 735 1294 801 θέμις
1325 733 1593 804 ἡγησάμε-

47 828 112 878 θα
141 828 254 889 τοῖς
283 828 338 878 ὲν
372 825 448 895 τῷ
473 827 692 897 πολέμῳ
716 829 1068 896 τυγχάνουσιν
1093 826 1350 894 ἐμψύχοις
1379 822 1470 874 τοῦ
1500 822 1594 889 βα-

53 917 245 980 σιλέως
274 917 427 986 ἡμῶν
464 917 833 985 πολεμισταῖς,
878 919 1002 986 περὶ
1040 918 1258 986 εἰρήνης
1302 915 1393 965 νῦν
1425 913 1595 964 διαλέ-

49 1009 263 1074 γεσθαι.
303 1008 508 1061 Ἐκεῖνο
543 1008 600 1060 δὲ
643 1008 800 1077 μόνον
840 1007 1088 1075 λέγομεν,
1113 1007 1192 1058 ὅτι
1228 1009 1334 1066 τοῖς
1374 1005 1598 1064 εὐτόνως

53 1095 402 1166 πολεμοῦσιν,
437 1100 485 1150 οἰ
529 1099 626 1166 τῆς
657 1099 877 1167 εἰρήνης
913 1099 1005 1149 καὶ
1036 1097 1272 1164 γαλήνης
1312 1094 1599 1164 περιεπλά-

53 1205 234 1256 κησαν
265 1188 533 1254 στὲᾳανοι.
573 1189 657 1250 Ὠς
686 1191 740 1240 ἐν
771 1188 1089 1257 διακρίσεως
1121 1184 1210 1238 οὖν
1243 1188 1411 1248 τύπῳ,
1439 1186 1484 1236 εἰ
1514 1184 1596 1234 δο-

54 1282 157 1338 κεῖ,
195 1279 362 1349 μικρᾶ
396 1279 490 1331 νῦν
520 1280 785 1348 λέγωμεν,
833 1281 954 1332 ὅσον
994 1279 1065 1348 μὴ
1093 1278 1326 1345 λυπῆσαί
1360 1292 1509 1336 τινας
1529 1275 1601 1336 ὡς

53 1368 397 1438 ἀγύμναστον
442 1370 533 1422 τὸν
583 1372 706 1438 περὶ
744 1370 944 1421 τούτων
990 1369 1145 1433 λὸγον
1191 1369 1248 1417 ἐν
1287 1366 1363 1441 τῷ
1402 1366 1600 1432 μεταξὺ

57 1460 253 1513 καταλε
263 1461 494 1529 ἑψαντες.

141 1717 366 1787 Ἡσυχία
400 1719 497 1789 μὲν
535 1719 783 1789 σώματός
816 1721 961 1773 ἐστιν
1007 1721 1151 1790 ἠθῶν
1188 1721 1280 1772 καὶ
1309 1720 1608 1787 αἰσθήσεων

65 1809 335 1879 ἐπιστήμη
370 1810 462 1861 καὶ
497 1810 826 1873 κατάστασις
846 1826 858 1838 ⁸
893 1811 1088 1879 ἡσυχία
1119 1810 1176 1862 δὲ
1196 1809 1371 1878 ψυχῆς
1399 1808 1495 1876 (9.),
1527 1808 1611 1858 λο-

67 1900 275 1968 γισμῶν
320 1900 589 1970 ἐπιστήμη
642 1901 732 1952 καὶ
777 1899 1037 1969 ἀσύλητος
1095 1899 1288 1952 ἔννοια.
1355 1898 1611 1966 Ἡσυχίας

1703 738 1945 778 nostrum
2002 744 2306 780 sermonem
2365 729 2578 789 demus,
2637 729 2786 782 nel'as
2845 744 2963 781 esse
3004 731 3253 781 duximus

1700 818 1841 886 apud
1871 835 1963 870 eos
2012 819 2078 869 de
2141 835 2273 886 pace
2322 820 2612 888 disputare,
2668 821 2758 888 qui
2812 823 2861 872 in
2923 822 3255 887 imperatoris
3324 885 3327 888 _

1700 911 1868 962 nostri
1905 911 2094 978 prtL-lio
2127 909 2404 964 fortissimi
2441 911 2725 963 lu-llatores
2763 922 3062 964 versantur.
3127 912 3254 964 Illud

1700 1008 1906 1052 tantum
1947 1001 2276 1053 allirntarnus
2311 1002 2376 1055 iis
2402 1001 2493 1068 qui
2528 1003 2736 1054 lortiter
2767 1003 2820 1053 in
2865 1003 3003 1054 bello
3058 1003 3259 1057 iaciunt

1674 1098 1753 1140 -et
1774 1089 2106 1156 depugnant,
2139 1089 2300 1141 etiam
2332 1105 2519 1142 eorum
2546 1105 2773 1142 coronas
2817 1100 2866 1141 et
2903 1090 3139 1157 prmrnia,
3168 1088 3256 1156 qui

1703 1183 1755 1234 in
1788 1197 1914 1249 pare
1937 1191 1990 1234 et
2028 1183 2417 1250 tranquillitate
2451 1184 2755 1238 solitudinis
2791 1193 3097 1244 versantur,
3139 1202 3255 1234 em:

1705 1273 1955 1341 reposita.
2012 1271 2187 1326 Pauca
2239 1290 2368 1341 ergo
2426 1276 2567 1328 velut
2622 1291 2714 1344 per
2762 1275 3106 1328 discretionis
3149 1277 3258 1325 Ιίνι-

1707 1382 1868 1427 ntam,
1927 1367 1969 1418 si
2029 1368 2099 1418 ita
2164 1368 2392 1427 videtur,
2461 1368 2726 1431 dicamus,
2787 1384 2852 1419 ne
2899 1369 3265 1436 prtetereutnlo

1706 1458 1850 1509 velut
1912 1457 2247 1526 inexpertum
2288 1471 2438 1521 anne
2495 1460 2669 1511 lorum
2725 1468 2778 1511 et
2838 1474 3142 1511 sermonem
3210 1459 3258 1507 in

1708 1548 1884 1600 medio
1926 1549 2400 1624 relinquarnpshet
2426 1550 2636 1619 aliquos
2669 1551 2743 1602 (in
2803 1557 3089 1603 unctorem
3149 1550 3268 1600 inde

1708 1648 1763 1692 et
1801 1640 2083 1693 tristitiam
2124 1623 2505 1708 conjiciamus.
2813 1623 2816 1625 i

1777 1730 1943 1796 Quies
1972 1733 2216 1800 corporis
2246 1742 2329 1785 est
2364 1741 2608 1784 motuum
2636 1741 2686 1786 et
2731 1746 2986 1785 sensuum
3040 1731 3272 1798 cognitio

1711 1831 1764 1876 et
1799 1824 2142 1891 compositio.
2184 1823 2350 1888 Quies
2393 1825 2609 1885 animas,
2659 1834 2740 1877 est
2792 1823 3012 1877 scientia
3074 1824 3300 1889 cogita--

1713 1914 1942 1976 tionum,
1974 1923 2029 1968 et
2063 1929 2253 1986 secura
2276 1930 2371 1967 seu
2427 1915 2750 1968 inviolabilis
2804 1917 2998 1967 mentis
3047 1915 3270 1965 medita-

67 1993 237 2059 φίλος,
276 1992 512 2062 ἀνδρεῖός
532 1985 622 2054 ¹τις
647 1992 742 2045 καὶ
772 1992 1042 2062 ἀπότομος
1073 1991 1346 2060 λογισμὸς,
1381 1993 1438 2042 ἐν
1476 1990 1616 2059 θύρα

1735 2005 1813 2058 ,io.
1852 1985 2176 2059 Solitudinis
2202 2020 2394 2060 amans
2420 2015 2502 2058 est
2535 2004 2690 2059 fortis
2714 2005 2957 2073 quaedam
2991 2016 3038 2057 ct
3094 2018 3273 2056 severa
3359 1995 3362 1998 ”

70 2083 292 2152 καρδίας
311 2083 658 2145 ἀνυστάκτως
678 2083 982 2152 ἱστάμενος,
999 2084 1230 2145 καὶτοὺς
1255 2081 1620 2152 προσερχομέ-

69 2192 206 2238 νους,
238 2175 274 2244 ἢ
300 2173 544 2237 κτείνων,
573 2175 605 2243 ἦ
636 2175 1039 2244 ἀποσειόμενος.
1067 2174 1124 2228 '0
1144 2176 1201 2226 ὲν
1225 2175 1618 2244 αἱσθήσεικαρ-

69 2268 180 2331 δίας
207 2265 516 2336 ἡσυχάζων,
535 2267 864 2335 γινώσκειτὸ
885 2267 1168 2338 εἰρημένον
1184 2283 1195 2294 ’
1220 2270 1246 2319 ὁ
1268 2266 1323 2318 δὲ
1344 2271 1528 2336 νήπιος
1544 2266 1620 2319 ἔτι

71 2345 364 2420 ὦν,τούτου
383 2358 642 2423 ἄγευστος
664 2357 758 2408 καὶ
785 2356 1056 2422 ἄγνωστος
1088 2356 1256 2408 πέλει.
1292 2356 1623 2424 Ἡσυχαστὴς

71 2447 359 2514 γνωστικδς
392 2449 450 2499 ού
499 2445 820 2516 δεηθήσεται
872 2445 1043 2513 λόγων
1072 2462 1084 2474 ·
1132 2448 1252 2507 τοὺς
1297 2446 1402 2514 γὰρ
1439 2445 1623 2509 λόγους

72 2537 176 2588 τῶν
222 2536 396 2604 ἔργων
435 2535 745 2603 φωτίζεται.
792 2535 959 2603 Ἀρχὴ
1001 2536 1098 2603 μὲν
1137 2533 1364 2602 ἡσυχίας
1394 2533 1458 2585 τὸ
1495 2533 1626 2584 ἁπο-

78 2627 311 2680 σείεσθαι
338 2626 593 2689 κτύπους,
623 2626 696 2688 ὡς
727 2625 819 2677 τὸν
851 2624 1010 2694 βυθὸν
1041 2625 1406 2693 ταράσσοντας
1433 2641 1444 2651 ·
1479 2624 1627 2685 τέλος

76 2719 128 2770 δὲ
159 2717 380 2787 ταύτης,
412 2715 473 2768 τὺ
504 2717 580 2786 μὴ
619 2709 845 2769 δεδιέναι
872 2714 1137 2786 θορύϐους
1162 2732 1175 2744 ·
1222 2715 1333 2768 ἀλλ’
1366 2715 1628 2784 ἀναισθηη

79 2811 186 2859 τεῖν
220 2809 278 2860 ὲν
303 2805 530 2868 τούτοις.
579 2806 1007 2875 Προερχόμενος,
1044 2806 1073 2857 ὁ
1105 2805 1246 2874 λόγῳ
1275 2806 1333 2856 ού
1364 2806 1628 2874 προερχὸ-

86 2916 258 2966 μενος,
291 2901 468 2968 ήπιος,
511 2897 728 2966 ἀγάπης
755 2896 874 2960 ὅλος
906 2893 1053 2958 οἶκος
1080 2912 1094 2926 ·
1147 2897 1464 2966 δυσκίνητος
1496 2896 1630 2965 πρὸς

86 2989 253 3056 λόγον,
286 2988 538 3054 ἀκίνητος
584 2987 720 3056 πρὸς
773 2987 942 3056 θυμὸν
987 2986 1225 3053 πέφυκεν
1263 2984 1423 3039 εἶναι.
1473 2987 1544 3039 Τὸ
1575 2987 1630 3040 δὲ

87 3081 321 3132 ἐναντίον
349 3079 609 3149 πρόδηλον
633 3093 647 3109 ο
686 3079 994 3149 ήσυχαστής
1023 3081 1168 3131 ἐστιν
1203 3066 1232 3132 ὁ
1263 3079 1326 3132 τὸ
1349 3079 1632 3148 ἀσώματον

90 3174 142 3223 ἐν
171 3170 462 3240 σωματικῷ
489 3170 620 3240 οἴκῳ
646 3169 973 3240 περιορίζειν
1003 3153 1337 3241 φιλούεικῶν,
1369 3172 1426 3224 τὸ
1455 3171 1630 3240 παρά-

1719 2095 1999 2165 cogitatio,
2022 2111 2142 2164 qua:
2168 2095 2226 2155 in
2260 2095 2468 2148 foribus
2501 2093 2680 2149 cordis
2715 2095 3064 2147 inconnivens
3114 2109 3275 2146 excu—

1719 2184 1831 2251 bat,
1860 2194 1913 2240 et
1943 2187 2211 2240 irruentes
2238 2183 2594 2254 cogitationes
2623 2193 2714 2237 aut
2759 2184 3013 2250 Opprimit
3038 2191 3130 2236 aut
3185 2199 3268 2234 re-

1719 2275 1858 2342 jicit.
1886 2275 1990 2341 Qui
2018 2276 2070 2328 in
2097 2290 2259 2330 sensu
2281 2275 2464 2329 cordis
2485 2275 2840 2343 conquiescit,
2869 2274 3112 2340 intelligit
3136 2273 3276 2341 quod

1716 2368 1832 2435 jam
1866 2367 2025 2438 5,03
2055 2367 2257 2421 dictum
2297 2376 2398 2422 est.
2446 2365 2625 2420 Infans
2659 2377 2837 2420 autent
2879 2383 2971 2420 seu
3003 2367 3122 2428 tiro,
3158 2365 3280 2433 quia

1723 2459 1828 2513 hoc
1869 2473 2144 2527 nunquam
2173 2459 2431 2528 gustavit,
2481 2457 2609 2526 quid
2661 2458 2732 2511 sit
2763 2458 2993 2526 ignorat.
3043 2456 3285 2510 Prudens

1727 2543 1977 2616 [peritus]
2012 2546 2210 2615 quietis
2241 2545 2420 2598 cultor
2460 2560 2566 2597 non
2612 2545 2811 2611 indiget
2859 2545 3039 2614 multis
3071 2545 3283 2602 verbis;

1727 2631 1884 2684 factis
1934 2632 2077 2684 enim
2129 2630 2260 2697 ipsis
2304 2630 2466 2682 verba
2516 2630 2904 2698 interpretatur
2934 2641 2986 2683 et
3036 2631 3284 2682 illustrat.

1727 2720 2061 2790 Principium
2091 2721 2288 2788 quietis
2320 2727 2404 2773 est
2432 2734 2620 2774 omnes
2659 2721 2934 2787 strepitus,
2971 2731 3026 2772 ut
3049 2721 3138 2788 qui
3184 2721 3284 2772 ima

1728 2812 1907 2866 cordis
1955 2796 2292 2879 perturbant,
2342 2824 2640 2863 removere.
2686 2809 2836 2864 Finis
2885 2821 3062 2863 autem
3109 2812 3118 2840 ‘
3188 2814 3193 2819 ’
3275 2854 3286 2870 ,

1735 2919 1835 2956 nec
1887 2904 2076 2956 timere
2117 2901 2333 2972 quidem
2383 2901 2519 2954 ullos
2571 2902 2801 2969 amplius
2849 2913 3108 2954 tuimutns
3141 2941 3156 2962 ,
3200 2906 3288 2952 ht‘tl

1735 2995 1992 3046 immotos
2023 3002 2076 3045 et
2101 2993 2218 3045 sine
2248 3007 2410 3046 sensu
2440 2992 2593 3059 quasi
2636 2994 2685 3043 ’n
2722 2993 2826 3046 illis
2858 2997 3160 3060 persistere.
3191 2996 3291 3057 Qui

1732 3084 2073 3153 progreditur
2113 3091 2166 3136 et
2194 3096 2296 3135 neu
2338 3082 2596 3151 loquitur,
2625 3095 2936 3137 mansuetus
2976 3094 3076 3148 cst,
3108 3095 3158 3136 et
3185 3088 3294 3150 plr-

1734 3186 1863 3224 nuru
1894 3170 2176 3224 charitatis
2200 3169 2556 3222 domicilium.
2583 3169 2684 3233 Qui
2713 3185 2851 3238 a-grc
2881 3170 2944 3222 ad
2972 3171 3292 3237 loquemlum

90 3260 232 3324 δοξον
259 3277 273 3290 ⁸
309 3262 462 3330 τηρεί
493 3259 588 3326 μὲν
621 3258 722 3328 μῦν
753 3259 788 3329 ή
824 3259 1012 3312 τούτου
1060 3259 1351 3328 θηρεύτρια
1379 3277 1392 3291 ο
1445 3260 1545 3329 μῦν
1579 3261 1633 3311 δὲ

1737 3272 2081 3332 permovetur
2131 3261 2198 3314 ad
2236 3261 2371 3314 iram
2403 3261 2624 3313 omnino
2678 3264 2976 3327 permoveri
3040 3276 3144 3313 non
3201 3278 3294 3328 po-

94 3351 292 3422 νοητδν,
332 3347 635 3419 ήσυχαστοῦ
672 3347 866 3401 ἔννοια.
917 3349 1010 3417 Μὴ
1051 3347 1188 3424 ἐστω
1228 3365 1310 3401 σοι
1336 3348 1635 3416 ἀπόϐλητον

95 3443 150 3494 τὸ
177 3437 465 3512 προλεχθὲν
508 3438 808 3508 ὑπόδειγμα
833 3453 848 3466 ·
902 3441 950 3490 εἰ
993 3439 1049 3490 δὲ
1087 3439 1180 3510 μὴ,
1213 3439 1366 3491 οὔπω
1408 3440 1637 3509 ἡσυχίαν

97 3531 406 3601 ἐγνώρισάς.
450 3529 559 3598 Ούχ
591 3527 763 3590 οὕτως
791 3527 1021 3597 μοναχὸς
1056 3529 1130 3594 (5)
1162 3527 1538 3600 [ήσυχαστὴς],
1565 3528 1639 3588 ὡς

103 3622 324 3692 μοναχδς
370 3618 603 3690 μοναχῷ.
657 3619 716 3670 '0
754 3617 980 3687 μοναχὸς
1018 3618 1234 3686 -νήψεως
1285 3617 1503 3684 πολλῆς,
1551 3619 1643 3668 καὶ

99 3711 432 3780 ἁρεμϐάστου
464 3711 580 3774 νοὸς
607 3708 783 3762 δέεται
815 3725 828 3774 ς
882 3708 960 3778 τῷ
991 3709 1085 3778 μὲν
1116 3710 1362 3778 προτέρῳ
1391 3707 1643 3767 πολλάκις

93 3793 386 3872 ’ἰδοήθησεν
418 3801 632 3870 ἕτερος·
663 3797 740 3867 τῷ
764 3797 820 3850 δὲ
853 3798 1082 3868 δευτέρῳ
1116 3799 1450 3868 συνήργησεν
1482 3798 1643 3862 ἄγγε-

104 3891 223 3953 λος·
272 3891 456 3962 νοερὰς
489 3890 743 3958 δυνάμεις
769 3888 1254 3959 συλλειτουργοῦσι,
1288 3888 1379 3940 καὶ
1421 3888 1645 3956 φιλοχω-

112 3985 287 4051 ροῦσιν
315 3985 371 4035 ὲν
390 3981 607 4050 ψυχικῷ
631 3983 928 4050 ήσυχαστῇ.
957 3981 1030 4031 Τὸ
1051 3981 1108 4032 δὲ
1134 3979 1370 4032 ἐναντίον
1393 3981 1648 4048 σιωπήσω

110 4088 186 4122 σοι
220 4071 298 4140 (Δ)
327 4085 342 4100 °
387 4069 669 4138 δογμάτων
703 4067 857 4137 βυθὸς
891 4067 1078 4137 βαθὺς,
1116 4067 1237 4131 νοῦς
1264 4067 1320 4119 δὲ
1349 4068 1646 4136 ήσυχαστού

110 4161 320 4213 ἂλλεται
355 4159 453 4211 οὐκ
478 4155 771 4218 ἀκινδύνως
813 4157 872 4209 ἐν
914 4156 1093 4218 αὐτοῖς
1131 4156 1206 4224 (5)
1230 4171 1243 4185 ³
1287 4156 1384 4207 ούκ
1415 4156 1650 4222 ἀσφαλὲς

117 4250 223 4316 μετ’
254 4247 478 4317 ἐσθῆτος
505 4244 761 4315 νήχεσθαι
785 4260 800 4275 ⁸
830 4244 949 4296 οὐδὲ
971 4243 1140 4306 πάθος
1169 4243 1354 4312 ἔχοντα
1379 4242 1651 4311 θεολογίας

117 4337 393 4393 ἅπτεσθαι.
441 4336 618 4402 Κέλλη
674 4335 771 4404 μὲν
801 4334 1108 4405 ήσυχαστοῦ
1158 4333 1506 4404 περιορισμὺς
1546 4333 1652 4384 σώ-

119 4447 300 4499 ματος,
335 4428 540 4482 ἔνδοθεν
586 4427 781 4495 ἔχουσα
822 4421 966 4477 οἷκον
1014 4424 1280 4492 γνώσεως.
1334 4425 1392 4478 '0
1426 4425 1654 4495 ψυχικὸν

118 4522 278 4586 πάθος
311 4520 495 4584 νοσῶν,
517 4518 611 4571 καὶ
637 4516 862 4586 ἡσυχίαν
893 4514 1133 4586 [ἡσυχίᾳ]
1166 4517 1453 4587 ἐπιχειρῶν
1474 4517 1656 4587 ὅμοιός

1737 3364 1860 3407 test.
1898 3353 1992 3406 His
2026 3353 2296 3404 contraria
2331 3361 2459 3405 sunt
2487 3359 2687 3418 aperta.
2734 3350 3022 3404 Solitarius
3053 3368 3145 3405 seu
3174 3356 3263 3419 qui
3291 3387 3296 3392 η

1737 3445 1840 3497 etis
1873 3451 1926 3496 ct
1955 3442 2264 3496 solitudinis
2297 3443 2568 3496 studiosus
2604 3442 2648 3494 is
2689 3452 2770 3494 est
2800 3443 2891 3509 qui
2940 3451 3185 3494 naturam
3218 3445 3299 3494 ia-

1739 3546 2053 3600 corpoream
2081 3531 2327 3598 corporis
2359 3532 2441 3584 sui
2471 3531 2746 3584 domicilio
2779 3531 2942 3598 tquod
2977 3546 3107 3582 sane
3144 3546 3299 3598 para-

1740 3625 1941 3677 doxum
1969 3635 2022 3676 et
2051 3638 2236 3674 rarum
2268 3624 2371 3689 est)
2399 3622 2844 3676 circumscribere
2880 3635 2933 3675 ct
2983 3624 3300 3676 concludi-ri-
3377 3643 3387 3653 -

1743 3726 1989 3770 conatur.
2034 3715 2348 3780 Aucupatur
2377 3716 2591 3782 quidem
2628 3730 2832 3768 murem
2863 3717 3107 3769 venatrix
3145 3718 3303 3783 ltujtls
3338 3777 3343 3782 ἢ

1745 3802 1864 3856 fetis
1903 3821 1914 3854 :
1955 3802 2046 3854 sed
2079 3816 2287 3854 murem
2321 3801 2653 3868 spiritualem
2683 3806 2799 3868 (seu
2829 3804 3146 3868 daenronem)
3177 3805 3302 3852 soli-

1748 3895 1867 3946 tarii
1911 3891 2110 3944 intenta
2155 3905 2306 3943 mens
2349 3901 2402 3944 et
2451 3891 2723 3955 cegitatio.
2765 3889 2878 3943 Non
2910 3891 3151 3943 videatur
3209 3895 3300 3943 tihi

1755 3980 1897 4050 quod
1967 3980 2078 4032 dixi
2129 3980 2435 4044 exemplum
2490 3977 2938 4029 contemnendum
2983 3987 3120 4038 zant
3163 3992 3304 4031 certe

1750 4068 1932 4122 nescis
1968 4067 2098 4136 quid
2141 4065 2212 4118 sit
2241 4065 2480 4117 solitaria
2515 4065 2641 4116 vita.
2693 4064 2988 4120 Monachus
3035 4069 3306 4119 solitarius

1751 4177 1858 4214 non
1889 4168 1974 4213 est
2017 4167 2076 4212 ut
2101 4157 2399 4210 monachus
2420 4157 2710 4219 emnohita,
2746 4157 2835 4210 ubi
2867 4159 2998 4210 alter
3021 4174 3143 4211 cum
3177 4162 3303 4211 alte-

1752 4266 1813 4303 ro
1852 4249 2001 4301 vivit.
2039 4247 2326 4301 Solitarius
2362 4248 2532 4299 multo
2558 4246 2762 4315 jejunio
2815 4249 3086 4316 multaque
3118 4254 3311 4303 mentis

1753 4340 2055 4395 constantia
2106 4339 2326 4406 indiget.
2359 4337 2530 4391 Priori
2561 4340 2638 4406 (a)
2671 4341 2783 4407 (seu
2819 4343 3128 4410 cmuohitw)
3174 4359 3312 4410 sa-pe

1754 4433 1888 4486 alter
1917 4447 2071 4500 Opem
2104 4431 2260 4495 tulit;
2289 4431 2441 4484 alteri
2475 4443 2652 4489 autent
2681 4447 2775 4485 seu
2817 4433 3060 4486 solitarlo
3093 4436 3313 4500 angelus

1757 4521 2041 4576 succurrit.
2063 4521 2327 4590 Angelica:
2350 4525 2572 4576 virtutes
2596 4538 2718 4576 cum
2742 4524 2982 4576 solitario
3007 4524 3312 4593 |spiritualil

120 4615 225 4666 tm
265 4612 345 4683 τῷ
378 4616 434 4666 ἐν
483 4612 562 4682 τῷ
608 4609 830 4676 πελάγει
881 4609 944 4659 ἐκ
986 4607 1083 4676 τῆς
1110 4607 1235 4674 νηὸς
1267 4608 1630 4678 ὲκπηδήσαντι

1759 4612 1985 4666 libenter
2018 4621 2330 4672 versantur,
2364 4621 2598 4680 aguntet
2626 4614 3312 4667 ministrant.Contrarium

123 4708 208 4756 και⁵
236 4707 294 4757 ὲν
345 4704 512 4757 σανίδι
556 4703 650 4754 ἐπὶ
683 4702 781 4769 τὴν
823 4697 928 4766 γῆν
969 4695 1261 4758 ἀκινδύνως
1307 4697 1542 4772 φθάνειν⁵
1574 4700 1656 4750 δο-

124 4795 299 4846 κοῦντι
331 4812 343 4825 ·
392 4795 504 4847 ὅσοι
533 4797 598 4863 τῇ
634 4789 787 4859 πηλῷ
836 4789 1115 4859 μάχονται,
1154 4786 1358 4848 τούτοις
1386 4789 1442 4839 ὲν
1485 4789 1658 4859 καιρῷ

124 4887 297 4955 οἰκείῳ
330 4886 361 4955 ή
389 4884 589 4955 ἡσυχία
626 4881 972 4952 συντρέχεται
1004 4877 1099 4948 [ιιι.
1124 4875 1479 4946 συνέρχεται],
1509 4880 1660 4948 εἴπερ

127 4975 213 5027 καὶ
255 4977 347 5029 τὸν
378 4974 741 5044 ὲφοδηγοῦντα
785 4973 1072 5040 κέκτηνται
1097 4986 1113 5002 ’
1165 4968 1224 5020 τὸ
1263 4968 1367 5036 γὰρ
1417 4985 1660 5038 μεμονω-

134 5066 278 5130 μένον
331 5064 625 5134 ἀγγελικῆς
684 5061 862 5132 ἰσχύος
911 5061 1122 5114 δέεται·
1175 5057 1294 5126 ἐμοὶ
1334 5055 1488 5123 λόγος
1534 5061 1660 5125 περὶ

132 5152 284 5218 ὅντως
309 5153 627 5226 ήσυχαστῶν
657 5152 867 5221 σώματι
889 5152 984 5204 καὶ¹
1013 5149 1298 5218 πνεύματι.
1332 5147 1662 5219 Ἢσυχαστὴς

135 5244 588 5316 ἀπορῤᾳθυμήσας
631 5243 852 5313 λαλήσει
902 5242 1065 5313 ψεύδη
1094 5282 1108 5304 ,
1168 5241 1289 5302 τοὺς
1347 5233 1663 5309 ἀνθρώπους

138 5333 284 5385 αὑτὸν
311 5335 411 5404 τῆς
442 5333 666 5404 ἡσυχίας
697 5333 898 5386 παῦσαι
925 5333 1010 5386 διὰ
1041 5332 1147 5384 τῶν
1177 5329 1502 5398 αἰνιγμάτων
1533 5349 1663 5400 προ-

100 5489 107 5508 |
138 5424 474 5492 τρεπόμενος.
503 5423 847 5492 Καταλείψας
889 5425 987 5495 τὴν
1023 5424 1237 5488 κέλλαν,
1280 5422 1510 5473 αἰτιᾶται
1551 5422 1664 5475 δαί-

145 5526 316 5576 μονας,
347 5513 536 5582 λέληθε
580 5513 638 5566 δὲ
684 5514 844 5578 αὐτὸς
889 5515 1065 5583 ἑαυτῷ
1110 5515 1312 5584 δαίμων
1359 5510 1664 5579 γενόμενοςο

148 5595 281 5650 Εἶδον
327 5600 650 5668 ήσυχαστὰς,
699 5603 794 5654 καὶ
822 5601 920 5670 τὴν
953 5602 1281 5671 φλεγομένην
1312 5600 1488 5652 αὐτῶν
1536 5601 1667 5668 πρὸς

147 5686 265 5739 Θεὸν
288 5687 577 5757 ἐπιθυμίαν
602 5691 689 5760 διὰ
720 5691 817 5760 τῆς
840 5691 1066 5760 ἡσυχίας
1091 5692 1415 5762 ἀπληρώτως
1451 5690 1667 5756 πληρώ-

100 5513 108 5749 1

1760 4720 1866 4758 non
1897 4717 1978 4758 est
1995 4704 2133 4770 quod
2163 4703 2259 4756 tibi
2284 4703 2482 4756 dicam.
2511 4702 2828 4771 Dogtnatnm
2863 4705 3090 4757 altitudo
3125 4720 3205 4756 est
3235 4707 3312 4756 in—

1752 4789 1894 4863 gens
1927 4801 1981 4846 et
2030 4786 2296 4860 profunda
2333 4791 2386 4843 in
2425 4807 2546 4858 qua:
2585 4808 2736 4846 mens
2775 4795 3001 4846 solitarii
3055 4810 3159 4846 non
3203 4795 3317 4844 sime

1762 4883 2086 4947 periculose
2131 4883 2400 4936 immittet.
2424 4882 2538 4936 Non
2583 4885 2696 4937 sine
2733 4885 3041 4938 discrimine
3084 4885 3317 4936 vcstilms

1762 4973 2038 5028 involutus
2083 4982 2249 5033 natat,
2299 4989 2472 5041 neque
2514 4975 2693 5027 divina
2732 4976 2984 5042 mysteria
3027 4983 3079 5025 et
3121 4989 3316 5024 arcana

1765 5063 2045 5130 theologia:
2073 5062 2220 5129 capit
2253 5063 2398 5116 vitiis
2422 5064 2708 5117 obnoxius.
2746 5064 2886 5115 Cella
2913 5062 3136 5115 solitarii
3159 5061 3321 5133 494,

1767 5155 2006 5210 continet
2027 5168 2245 5219 corpus,
2268 5163 2322 5206 et
2349 5154 2494 5206 intus
2514 5155 2672 5207 habet
2692 5153 3020 5206 domicilium
3045 5156 3318 5220 rogitatio—

1771 5247 1875 5298 nis.
1908 5242 2011 5307 Qui
2048 5243 2254 5297 morbis
2286 5244 2452 5296 animi
2482 5243 2706 5301 laborat,
2734 5251 2788 5294 et
2819 5252 2995 5295 tamen
3041 5245 3201 5297 vitam
3236 5262 3321 5296 so-

1769 5335 1999 5388 litariam
2027 5334 2188 5386 audet
2216 5333 2454 5400 aggredi,
2487 5331 2707 5398 perinde
2735 5331 2862 5385 facit
2891 5348 2953 5384 ac
3001 5337 3090 5402 qui
3121 5337 3173 5387 ia
3219 5336 3323 5385 alto

1771 5412 1906 5480 mari
1936 5441 2000 5478 ex
2033 5425 2154 5476 navi
2185 5423 2364 5476 desilit
2391 5424 2442 5475 itt
2485 5422 2701 5483 ﬂuctus,
2741 5432 2796 5476 et
2827 5426 2876 5476 in
2910 5427 3089 5478 tabula
3139 5425 3322 5475 existi-

1771 5527 1879 5569 mat
1905 5529 1964 5570 se
2001 5515 2119 5569 sine
2144 5514 2380 5582 periculo
2408 5514 2460 5565 in
2489 5523 2698 5582 portum
2731 5529 3038 5568 evasurum.
3071 5515 3169 5578 Qui
3199 5529 3320 5566 curn

1769 5605 1883 5658 luto
1915 5606 2157 5673 corporis
2185 5615 2237 5656 et
2269 5609 2452 5657 carnis
2485 5621 2595 5657 sua?
2625 5607 2917 5664 luctantur.
2946 5607 3030 5658 his
3062 5621 3158 5656 suo
3189 5615 3321 5656 tem-

1772 5711 1901 5763 pore
1932 5698 2035 5750 vita
2060 5697 2299 5751 solitaria
2327 5697 2600 5762 convenit,
2633 5699 2674 5751 si
2710 5707 2886 5764 tamen
2922 5696 3218 5762 religiosum
3245 5697 3323 5748 vi-

214 5859 284 5930 (a)
310 5860 476 5916 Voces
500 5863 644 5929 prior
707 5874 760 5919 et
798 5868 1054 5931 posterior
1094 5876 1270 5919 essent
1306 5865 1708 5920 commutandis.
1748 5864 1948 5937 Nempe
1982 5872 2125 5940 prior
2181 5883 2261 5926 cst
2310 5873 2582 5928 solitarius
2607 5894 2649 5938 ;.
2677 5876 2806 5928 alter
2864 5873 3148 5927 caznoliita.

421 5949 690 6010 PATROL.
733 5952 850 6011 Gn.
889 5954 1162 6014 LXXXV]
1176 5955 1241 6014 ΙΙ.

2976 5998 2984 6002 -
3008 5965 3074 6020 35
