4032 6340
675 434 812 499 1103

1897 442 1957 498 ὃ.
1998 439 2312 498 JOANNIS
2343 439 2642 498 CLIMACI

3718 443 3844 505 lilii

669 566 788 604 esse
819 558 1017 604 statum
1044 550 1269 604 solitarii
1294 563 1452 616 quam
1483 548 1599 617 ejus
1633 547 1724 614 qni
1757 546 1914 599 habet
1947 562 2111 598 unum
2138 561 2220 597 se-

2327 543 2480 609 εἶναι,
2510 551 2583 609 ὡς
2608 549 2666 599 τὸ
2700 548 2841 615 ἔχειν
2871 550 2960 602 καὶ
2989 550 3145 603 ἀλλον
3173 551 3268 604 ἕνα
3287 566 3299 580 ·
3354 547 3608 612 σώζονται
3633 554 3732 620 γὰρ
3758 556 3844 606 ἀλ-

669 657 812 696 rum.
857 641 996 695 Salvi
1023 642 1162 694 enim
1211 641 1344 694 liuut
1372 651 1422 692 et
1464 645 1870 697 conservantur,
1913 639 2037 688 ilum
2086 636 2217 689 alter

672 732 897 785 alterum
950 731 1013 783 ad
1059 733 1306 783 virtutem
1351 729 1568 782 excitat.
1619 726 1711 779 Ille
1765 737 1940 778 autem
1994 736 2166 778 status
2200 729 2214 745 '

671 832 944 877 extremus
967 821 1230 892 [oinuiuo]
1265 820 1515 882 solitarii,
1557 816 1910 871 formidabilis
1939 824 2021 869 est
2044 815 2194 868 valde

670 913 799 981 quin
830 923 884 967 et
914 913 1047 965 alter
1076 927 1178 964 non
1206 913 1426 964 uuiuiuo
1460 906 1707 962 solitarii.

1304 1001 1546 1054 Scholion
1583 1000 1634 1052 4.

736 1093 1096 1158 Contrarium,
1129 1094 1253 1162 quia
1277 1091 1492 1160 maligni
1512 1090 1734 1158 spiritus
1773 1086 2217 1142 circumfundun-

671 1193 758 1236 tur
788 1184 1031 1253 nugatori
1073 1193 1124 1235 et
1151 1181 1386 1251 garrulo,
1417 1189 1472 1234 et
1509 1180 1627 1234 solo
1673 1192 1896 1246 corpore
1937 1176 2135 1230 frustra
2165 1183 2218 1228 et

673 1283 871 1329 temere
913 1274 1141 1328 incluso.
1754 1288 1759 1293 '

1275 1361 1522 1416 Scholion
1553 1361 1606 1414 5.

737 1456 1050 1512 Solitarium
1089 1455 1140 1506 in
1169 1451 1508 1522 dogmatibus
1533 1449 1652 1504 fidei
1679 1447 1926 1516 occupari
1955 1446 2218 1515 periculo-

676 1563 816 1601 SUIII.

1279 1632 1520 1686 Scholion
1551 1632 1600 1685 6.

741 1730 1023 1799 Propterea
1049 1733 1379 1803 concurrunt
1403 1722 1686 1792 jejunium,
1714 1721 1923 1790 vigilite,
1948 1718 2096 1772 humi
2124 1733 2221 1772 cu-

673 1822 836 1882 batio,
863 1833 1067 1888 preces,
1097 1816 1280 1877 statio,
1337 1813 1471 1878 sitis,
1502 1812 1649 1868 labor
1672 1821 1724 1866 et
1748 1826 1871 1881 quae
1899 1817 2217 1877 sequuntur.

1257 1906 1499 1962 Scholion
1531 1905 1581 1958 'l.

741 1999 967 2070 Diligere
1007 1993 1285 2052 commoda
1317 1993 1526 2058 mundi,
1573 1990 1799 2046 offundit
1851 1989 2014 2044 menti
2071 1997 2221 2044 tene-

672 2093 832 2157 bras;
858 2089 1131 2159 despicere
1159 2097 1338 2140 autem
1367 2084 1476 2149 illa,
1507 2083 1645 2153 parit
1675 2081 1730 2136 in
1759 2080 2009 2136 omnibus
2037 2080 2223 2151 cogni-

674 2184 875 2238 tionem
886 2223 898 2235 .

1208 2329 1211 2331 _
1304 2266 1517 2336 Evagrii
1548 2265 1599 2318 8.

741 2363 858 2418 Non
880 2373 964 2418 est
987 2359 1283 2417 deserenda
1313 2359 1466 2428 quies
1489 2368 1542 2412 et
1571 2356 1806 2412 solitudo
1837 2365 2073 2424 tempore
2112 2364 2226 2409 ten-

673 2450 935 2507 tationum
971 2459 1348 2518 quamcunque
1384 2444 1582 2498 bonam
1634 2443 1689 2495 in
1740 2443 1972 2511 speciem
2007 2456 2224 2497 causam

674 2546 778 2601 sibi
809 2559 959 2600 mens
1004 2551 1100 2597 aut
1143 2539 1390 2594 diabolus
1437 2537 1530 2590 tibi
1581 2542 1863 2605 proponat,
1897 2533 2085 2602 ﬁngat;
2134 2532 2229 2587 sed

627 2644 632 2649 ‘
674 2637 820 2692 intus
849 2634 1145 2691 sedendum
1167 2639 1221 2685 et
1238 2627 1608 2685 sustinendum
1631 2636 1683 2681 et
1713 2637 1966 2697 generose
1992 2622 2227 2679 fortiter-

673 2742 782 2799 que
812 2741 1000 2782 omnes
1023 2727 1295 2780 danrones
1331 2722 1599 2773 irruuttes
1642 2716 1960 2786 excipiendi,
1998 2731 2226 2784 praeser-

2317 637 2505 706 λήλους
2534 637 2903 706 διεγείροντες.
2931 639 3002 693 Τὸ
3027 642 3083 694 δὲ
3111 641 3202 694 τοῦ
3222 640 3400 693 τέλεον
3425 642 3604 711 μόνου,
3633 645 3845 711 φοϐερὸν

2316 727 2457 778 πάνυ
2480 741 2491 752 ·
2541 728 2632 780 καὶ
2655 730 2714 781 τὸ
2740 728 2833 781 τοῦ
2869 731 2943 800 μὴ
2969 732 3100 793 ὅλως
3131 731 3307 800 μόνου.
3395 713 3401 717 1

2925 1005 2969 1055 Σ
2972 1003 3180 1068 χόλιον
3207 1002 3269 1055 δ’.

2401 1087 2690 1150 Ἐναντίον.
2714 1089 2798 1142 ὅτι
2825 1092 3084 1160 πονηρίας
3119 1091 3400 1161 πνεύματα
3441 1093 3748 1160 περιάγουσι
3775 1092 3846 1162 τῷ

2318 1178 2538 1248 φλυάρῳ
2564 1179 2658 1232 καὶ
2698 1179 2970 1251 πολυλόγῳ
3012 1181 3456 1253 καᾋσωματικῶς
3483 1183 3620 1252 μόνῳ
3653 1183 3849 1235 κεκλειο

2319 1269 2497 1340 σμένῳ
2523 1269 2668 1339 εἰκῆ.

2852 1375 2857 1438 ξ
2926 1365 3180 1432 Σχόλιον
3213 1371 3270 1418 ε’.

2387 1453 2498 1507 Ούκ
2527 1453 2803 1507 ἀκίνδυνον
2843 1453 2970 1524 περὶ
3015 1453 3258 1522 δόγματα.
3287 1455 3621 1524 ἀσχολεῖσθαι
3651 1459 3848 1526 ἡσυχα-

2324 1548 2472 1617 στήν.

2913 1641 3168 1706 Σχόλιον
3204 1646 3278 1703 ς’.

2391 1728 2487 1781 Διά
2515 1728 2684 1781 ταῦτα
2718 1729 3028 1798 συνέρχεται
3061 1731 3300 1800 νηστεία,
3342 1731 3624 1802 ἀγρυπνία,
3655 1746 3851 1800 χαμευ-

2325 1817 2429 1881 νία,
2456 1819 2610 1889 εὐχὴ,
2646 1820 2848 1885 στάσις,
2875 1820 3022 1889 δίψα,
3051 1822 3237 1886 κόπος,
3263 1822 3354 1873 καὶ
3380 1822 3446 1874 τά
3474 1821 3609 1890 ἑξῆς.

2915 1913 3172 1978 Σχόλιον
3206 1913 3270 1976 ζ’.

2392 2000 2464 2054 Τὸ
2497 2001 2715 2071 ἀγαπᾷν
2740 2004 2836 2072 τὴν
2868 2003 3052 2070 χρείαν
3078 2001 3170 2054 τοῦ
3205 2004 3428 2072 κόσμου,
3471 2003 3729 2072 ποιεῖτὴν
3762 2001 3852 2069 ψυ-

2323 2091 2422 2163 χὴν
2457 2093 2798 2163 σκοτισθῆναι
2823 2111 2837 2124 ο
2879 2094 2940 2147 τὸ
2968 2092 3029 2156 δὲ
3057 2093 3421 2163 παραϐλέπειν
3449 2093 3611 2164 αὐτὴν
3638 2097 3694 2146 ὲν
3729 2097 3850 2146 πᾶσι

2324 2185 2477 2254 φέρει
2505 2186 2604 2254 τὴν
2627 2183 2842 2251 γνῶσιν.

2509 2284 2514 2289 ’
2761 2277 3015 2345 Σχόλιον
3040 2275 3331 2344 Εὐαγρίου
3360 2281 3411 2345 η’

2395 2370 2469 2422 Οὐ
2502 2369 2582 2421 δεῖ
2605 2367 2744 2423 κατά
2772 2367 2958 2438 καιρὸν
2982 2365 3090 2419 τῶν
3109 2365 3425 2436 πειρασμῶν
3450 2366 3853 2436 καταλιμπάνειν

2326 2459 2421 2529 τὴν
2439 2461 2690 2529 ἡσυχίαν,
2712 2458 3005 2528 προφάσεις
3028 2456 3276 2524 εὐλόγους
3295 2456 3451 2526 δῆθεν
3480 2458 3849 2528 πλαττόμενον·

2326 2550 2438 2605 ἀλλ’
2469 2550 2674 2603 ἔνδοθεν
2721 2548 3004 2619 καθῆσθαι,
3036 2548 3130 2600 καὶ
3162 2546 3464 2617 ὑπομένειν,
3496 2550 3588 2601 καὶ
3624 2548 3854 2618 δέχεσθαι

2327 2639 2588 2708 γενναίως
2615 2639 2739 2702 τοὺς
2765 2637 3160 2708 ἐπερχομένους
3191 2638 3433 2702 ἅπαντας
3453 2654 3470 2668 ο
3503 2639 3783 2710 ἐξαιρέτως
3804 2638 3855 2690 δὲ

2325 2732 2417 2785 τὸν
2448 2732 2545 2801 τῆς
2583 2729 2808 2800 ἀκηδίσς
2837 2730 3082 2798 δαίμονα,
3126 2729 3273 2792 ὅστις
3304 2729 3442 2799 ὑπὲρ
3475 2731 3677 2789 πάντας
3706 2729 3856 2799 βαρύ-

674 2821 772 2875 tirn
801 2818 1023 2888 spiritus
1060 2814 1258 2870 accdize
1285 2829 1298 2877 ;
1315 2811 1416 2892 aui
1456 2825 1620 2879 super
1644 2823 1830 2862 omnes
1869 2808 2126 2861 molestus
2148 2816 2226 2861 est

2329 2837 2479 2882 τονος
2507 2820 2604 2884 ὢν,
2629 2817 2999 2888 δοκιμωτάτην
3025 2817 3254 2887 μάλιστα
3278 2816 3452 2888 ψυχὴν
3471 2817 3852 2889 ἀπεργάζεται·

673 2923 729 2968 et
765 2911 984 2981 (victus)
1011 2910 1249 2966 animam
1274 2904 1701 2981 laudatissimam
1727 2900 1906 2956 efficit.
1943 2899 2225 2955 Declinare

676 2978 854 3060 autiam
897 2978 1207 3073 huiusmodi
1266 2978 1561 3051 ceriamina
1602 3002 1657 3047 et
1699 2992 1840 3047 hosti
1874 2993 2090 3056 cedere,
2140 3005 2232 3044 ru-

675 3097 794 3152 dem
831 3096 1069 3150 animum
1095 3100 1151 3145 et
1179 3091 1429 3159 ignavum
1453 3094 1506 3140 et
1535 3083 1778 3153 fugacem
1815 3097 1936 3138 esse
1963 3081 2138 3135 docet.

1275 3179 1526 3239 Scholion
1558 3178 1621 3231 9.
1654 3241 1656 3243 μ

747 3277 861 3334 Hoc
887 3287 971 3332 est
1002 3294 1015 3329 :
1050 3275 1151 3329 hoc
1179 3281 1271 3328 aut
1298 3271 1427 3325 illud
1453 3268 1836 3337 sivesuscipiet
1860 3278 1953 3322 aut
1983 3284 2086 3322 non
2109 3283 2216 3324 sus-

674 3342 853 3441 cip/iet.
905 3367 1014 3422 Vox
1048 3365 1191 3420 enim
1237 3364 1490 3431 πότερον,
1519 3361 1569 3414 id
1607 3369 1708 3424 est,
1738 3369 1936 3420 utrum,
1968 3360 2231 3428 significat

677 3463 784 3518 hoc
810 3468 906 3516 aut
938 3459 1090 3514 illud.

1302 3543 1548 3597 Scholion
1584 3541 1669 3595 10.

743 3643 820 3697 Da
854 3641 965 3711 pio,
1010 3652 1110 3694 nec
1134 3651 1390 3691 succurre
1419 3632 1681 3704 peccatori
1711 3631 1923 3702 (opibus
1963 3632 2068 3685 tuis
2116 3633 2230 3702 qui.

674 3734 778 3790 bus
813 3730 1086 3798 abutatur)
1125 3725 1353 3782 Beuefac
1380 3723 1589 3786 humili,
1621 3732 1675 3777 et
1708 3737 1813 3776 nou
1847 3721 2031 3790 impio.

1166 3816 1408 3873 Scholion
1442 3813 1618 3867 Iaaaci
1651 3814 1708 3867 Η
1722 3852 1734 3866 .

742 3910 927 3982 Neque
959 3910 1100 3965 enim
1126 3908 1200 3964 ita
1234 3908 1470 3976 intellige
1503 3906 1662 3974 quasi
1699 3903 2146 3972 debeasueipsum
2175 3903 2230 3957 in

674 4019 891 4063 crucem
922 4015 1079 4072 agere
1106 4011 1161 4054 et
1199 3998 1544 4067 suspendere.
1577 4004 1740 4064 atque
1774 3995 1847 4050 ita
1882 3995 2034 4064 sequi
2075 3994 2233 4048 Chri-

676 4108 842 4161 stum,
871 4095 966 4150 sed
992 4091 1156 4165 6.09
1185 4091 1415 4159 teipsum
1443 4087 1594 4143 cruci
1623 4085 1805 4156 alliges
1829 4085 2144 4141 extricando
2162 4086 2231 4140 ab

675 4187 1024 4248 molaribus
1079 4181 1328 4253 negotiis,
1369 4196 1439 4236 ne
1484 4180 1572 4234 illa
1611 4178 1841 4247 amplius
1884 4178 2132 4247 attingas.
2166 4177 2233 4232 Et

677 4291 824 4335 tuam
861 4290 1072 4344 semper
1115 4281 1348 4328 mentem
1402 4272 1454 4324 in
1506 4270 1686 4324 anima
1712 4278 1804 4322 tua
1833 4268 2135 4336 cmciligas,
2172 4275 2231 4322 ut

678 4386 747 4426 ne
782 4370 857 4424 sis
904 4366 1178 4436 negligens
1214 4362 1404 4418 salutis
1450 4370 1574 4414 tute.
1614 4359 1723 4414 Nec
1769 4358 2086 4428 recipiendae
2135 4360 2231 4413 tibi

680 4471 806 4516 sunt
848 4458 1102 4527 improba:
1144 4455 1514 4525 cogitationes,
1569 4452 1662 4507 sed
1707 4450 1996 4519 prudenter
2031 4464 2230 4520 cogno—

2329 2911 2390 2965 τὸ
2413 2911 2470 2964 δὲ
2498 2911 2718 2980 φεύγειν
2747 2911 2871 2971 τοὺς
2897 2910 3169 2972 τοιούτους
3199 2910 3430 2976 ἀγῶνας,
3466 2911 3560 2962 καὶ
3595 2910 3855 2980 περιίστα-

2332 3002 2487 3066 σθαι,
2535 3002 2755 3070 ἀτεχνον
2789 3001 2878 3053 τὸν
2911 3001 3066 3065 νοῦν,
3113 3001 3206 3084 καὶ
3247 2999 3436 3068 δειλὸν,
3481 3003 3572 3054 καὶ
3601 3000 3854 3071 δραπέτην

2331 3093 2588 3146 διδάσκει.

2936 3184 3190 3252 Σχόλιον
3217 3182 3282 3238 θ’.

2401 3273 2554 3328 Τοῦτ’
2583 3275 2696 3328 ἔστι
2716 3292 2730 3305 ο
2762 3273 2915 3328 τοῦτο
2936 3273 2969 3343 ἢ
2992 3275 3184 3337 ἐκεῖνο,
3209 3273 3373 3344 ἡγουν
3403 3270 3607 3337 δέξεται
3633 3271 3666 3342 ἢ
3695 3270 3756 3324 οὐ
3777 3269 3850 3322 δέ-

2331 3367 2479 3433 ξεται
2503 3384 2515 3395 ·
2548 3366 2608 3419 τὸ
2628 3365 2752 3437 γὰρ,
2785 3367 3033 3433 πότερον
3071 3365 3226 3418 τοῦτο
3259 3364 3292 3434 ἤ
3322 3363 3496 3438 ἐκεῖνο
3523 3349 3788 3432 σημαίνει.

2932 3548 3186 3614 Σχόλιον
3223 3551 3273 3599 ι’.

2401 3637 2495 3700 Δὸς
2528 3636 2606 3706 τῷ
2632 3637 2873 3701 εὐσεϐεῖ,
2926 3637 3018 3689 καὶ
3049 3635 3124 3706 μὴ
3149 3633 3544 3704 ἀντιλαμϐάνου
3577 3634 3667 3688 τοῦ
3695 3634 3852 3706 ἀμαρ-

2330 3727 2497 3783 τωλοῦ
2517 3743 2530 3757 ·
2579 3723 2638 3781 εὖ
2666 3727 2884 3798 ποίησον
2909 3726 3166 3796 ταπεινῷ,
3204 3727 3298 3780 καὶ
3331 3725 3405 3797 μὴ
3431 3725 3535 3798 δῷς
3560 3727 3756 3780 ἀσεϐεῖ.

2800 3820 2844 3872 Σ
2847 3819 3054 3886 χόλων
3093 3817 3284 3872 Ἰσαάκ
3318 3824 3406 3872 ια’.

2398 3907 2548 3977 Μηδὲ
2578 3908 2683 3980 γάρ
2714 3909 2788 3972 ὡς
2818 3909 3045 3978 ὀφείλων
3075 3908 3265 3963 ἑαυτὸν
3301 3911 3360 3961 ὲν
3398 3906 3537 3978 ξύλῳ
3577 3907 3846 3980 κρεμάσαι,

2331 3999 2424 4054 καὶ
2454 3998 2763 4052 ἀκολουθεῖν
2788 3999 2866 4068 τῷ
2899 3998 3106 4069 Κυρίῳ,
3143 3997 3314 4062 οὕτως
3349 3997 3493 4051 νόει·
3539 3998 3672 4051 ἀλλά
3708 4013 3850 4048 σταυ-

2331 4086 2524 4159 ρώσεις
2553 4088 2742 4141 ἑαυτὸν
2776 4086 3047 4157 ὀνομάζων
3076 4089 3138 4140 ὲκ
3172 4085 3280 4140 τῶν
3311 4085 3583 4158 κοσμικῶν
3612 4088 3848 4156 πραγμά-

2328 4197 2456 4246 των,
2485 4178 2582 4233 τοῦ
2615 4179 2689 4250 μὴ
2720 4177 2954 4246 ἅψασθαι
2980 4193 2993 4205 ·
3025 4177 3117 4231 καὶ
3148 4177 3304 4232 πάλιν
3331 4180 3419 4233 ἵνα
3448 4179 3754 4250 σταυρὼσῃς
3774 4181 3849 4232 τὸν

2331 4271 2455 4326 νοῦν
2484 4289 2576 4326 σου
2601 4272 2688 4325 διά
2717 4269 2912 4332 παντὸς
2939 4271 2995 4322 ὲν
3021 4271 3087 4340 τῇ
3117 4268 3281 4340 ψυχῇ,
3311 4271 3456 4332 ὅπως
3488 4269 3563 4340 μὴ
3596 4270 3849 4340 ἀμελήσῃς

2330 4365 2426 4434 τῆς
2477 4362 2745 4432 σωτηρίας
2795 4379 2906 4414 σου.
2957 4362 3064 4414 Καὶ
3104 4361 3201 4415 ούκ
3247 4359 3447 4430 ὀφείλει
3490 4361 3849 4431 καταδέχεσθαι

2331 4456 2456 4518 τοὺς
2505 4453 2769 4524 πονηροὺς
2814 4453 3126 4522 λογισμοὺς,
3173 4450 3306 4506 ἀλλὰ
3349 4451 3637 4521 διακρίνειν
3677 4451 3848 4505 εἰδέναι

681 4552 891 4606 scenda:
931 4526 1419 4613 discemendaaque,
1459 4542 1602 4614 quod
1646 4557 1674 4594 a
1708 4540 1921 4595 diabolo
1970 4539 2075 4593 sint
2103 4555 2226 4608 pro-

2333 4547 2416 4622 ὅτε
2441 4544 2535 4597 τοῦ
2556 4543 2788 4613 πονηροῦ
2813 4545 2976 4614 εἰσιν·
3009 4543 3115 4596 ἀπὸ
3142 4541 3340 4604 παντὸς
3361 4540 3468 4610 γὰρ
3495 4538 3846 4614 περισπασμῦ

681 4642 852 4697 fectae.
883 4639 1220 4708 Expedienda
1245 4634 1388 4689 enim
1416 4649 1567 4687 mens
1593 4641 1676 4688 est
1695 4633 1762 4686 ab
1784 4630 1928 4685 omni
1966 4644 2094 4682 cura
2136 4643 2230 4685 seu

680 4731 1027 4790 distractione
1061 4745 1126 4783 ne
1155 4729 1221 4782 ab
1266 4726 1372 4779 illis
1405 4724 1792 4792 interpelletur.
1829 4721 1942 4775 Nisi
1971 4722 2112 4776 enim
2141 4738 2232 4774 ex-

680 4821 966 4894 pediveris,
998 4818 1196 4872 frustra
1224 4815 1478 4885 precaris.
1508 4811 1656 4866 Meus
1697 4813 1844 4864 enim
1871 4813 1923 4864 in
1955 4812 2099 4865 curis
2128 4810 2232 4868 illis

682 4923 926 4968 versatur
954 4919 1006 4964 et
1040 4916 1355 4976 occupatur:
1379 4903 1624 4975 quamvis
1653 4903 1793 4957 enim
1835 4904 2086 4970 preceris,
2107 4917 2230 4970 pre-

684 5004 825 5058 catio
854 5013 1028 5057 tamen
1055 5001 1118 5054 ad
1159 4999 1324 5052 Deum
1357 5013 1460 5050 non
1487 4995 1750 5051 ascendit.
1798 4993 1908 5048 Nisi
1943 4994 2084 5048 enim
2115 5007 2234 5046 ora-

688 5096 883 5150 tionem
927 5095 1178 5148 mundam
1219 5091 1428 5158 lideque
1477 5091 1688 5157 plenam
1741 5085 2014 5152 obtuleris,
2058 5099 2086 5138 a
2123 5083 2230 5137 Deo

687 5203 794 5240 non
826 5186 1100 5254 recipitur.

1294 5297 1538 5352 Scholion
1568 5297 1651 5350 12.

756 5388 871 5445 Vox
916 5386 1309 5457 ἁμιλλώμενοι,
1360 5388 1408 5440 id
1452 5395 1535 5443 est
1576 5388 1888 5442 aemulantes
1915 5427 1929 5450 ,
1972 5387 2236 5455 signiﬁcat

689 5497 796 5537 una
833 5492 1110 5537 currentes
1151 5498 1243 5536 seu
1288 5498 1452 5538 cursu
1499 5490 1789 5546 certantes;
1830 5483 2232 5545 contendentes,

692 5581 877 5629 contra
902 5583 1168 5630 certantes
1216 5574 1282 5630 de
1306 5574 1476 5644 gloria
1501 5573 1708 5630 caelesti
1739 5573 2125 5642 depugnantes.

2335 4639 2439 4710 χρὴ
2464 4636 2617 4689 λῦσαι
2652 4636 2741 4690 τὸν
2773 4636 2894 4689 νοῦν
2920 4654 3034 4700 σου,
3076 4636 3163 4688 ἵνα
3193 4633 3266 4703 μὴ
3293 4632 3512 4703 ὀχλῆται
3540 4634 3632 4687 ὑπ’
3656 4632 3843 4687 αὐτῶν·

2335 4731 2428 4782 ἐὰν
2459 4727 2566 4797 γὰρ
2608 4728 2681 4798 μὴ
2729 4726 2916 4798 λύσῃς,
2948 4727 3121 4795 μάτην
3151 4721 3305 4794 εὔχῃ.
3367 4722 3423 4776 Ὀ
3451 4724 3556 4793 γὰρ
3583 4723 3700 4786 νοῦς
3740 4719 3848 4788 περὶ

2336 4821 2517 4872 ἐκεῖνα
2567 4819 2823 4888 ῥέμϐεται
2851 4833 2864 4847 ·
2916 4816 3018 4870 κᾶν
3062 4813 3219 4883 δῆθεν
3261 4813 3492 4884 εὔχεται,
3535 4814 3693 4881 καὶὴ
3736 4806 3847 4876 εὐχὴ

2337 4909 2496 4965 αὑτοῦ
2531 4911 2663 4981 πρὸς
2695 4910 2823 4962 Θεὸν
2865 4908 2962 4960 οὐκ
3005 4904 3280 4960 ἀναϐαίνει
3311 4921 3327 4937 ο
3379 4905 3472 4958 ἐὰν
3501 4905 3609 4973 γάρ
3638 4903 3707 4972 μὴ
3735 4898 3847 4969 εὔχῃ

2337 5002 2497 5073 εὐχὴν
2535 5002 2778 5071 καθαράν
2822 5001 2880 5051 ἐν
2915 4999 3092 5050 πίστει
3130 4995 3580 5068 πεπληρωμένην,
3621 4994 3679 5047 ού
3709 5007 3826 5060 προσ

2335 5096 2542 5164 δέχεται
2567 5098 2596 5148 ὁ
2621 5095 2767 5156 Θεός.

2870 5276 3129 5362 Σχόλιον
3158 5292 3246 5364 ιβ’.

2409 5391 2500 5453 Τὸ,
2531 5384 2939 5458 ἁμιλλώμενοι,
2969 5385 3114 5454 δηλοῖ
3137 5384 3215 5450 τὸ,
3247 5381 3642 5450 συντρέχοντες,
3673 5375 3848 5448 ἐρίζον-

2341 5496 2447 5545 τες,
2484 5474 2980 5544 ἀνταγωνιζόμενοι,
3013 5469 3448 5544 φιλονεικοῦντες.
