4032 6340
184 471 306 536 nos
704 484 709 485 ν
1077 482 1299 539 sem
1342 479 1714 539 mmmsr.
1753 504 1818 513 —
1858 480 2160 539 GRADUS
2197 480 2426 538 xxvu.
2840 436 2845 445 ’
3218 472 3348 536 1106

304 587 439 653 Περὶ
474 586 757 657 διαφορᾶς
786 590 881 643 καί
911 591 1251 658 διακρίσεως
1282 594 1569 663 ἡσυχιῶν.
1742 602 1787 653 Α
1850 595 1896 648 D

1742 602 1787 653 Α
1850 595 1924 649 De
1948 596 2247 663 differentia
2286 604 2334 647 et
2366 594 2665 646 discriminc
2697 594 2951 662 religiosa:
2995 592 3313 647 solitudinis.

1495 725 1619 788 (Sub
1642 730 1815 779 eodem
1840 727 2031 792 gradu.)

244 819 361 871 Εἰσὶ
406 821 534 888 (καὶ
573 820 730 873 τοῦτο
770 823 902 874 πᾶσι
931 823 1232 894 γνώριμον)
1270 827 1328 877 ἐν
1365 827 1563 888 πάσαις
1598 829 1728 889 ταῖς

1890 828 2075 883 Solent
2114 841 2234 883 esse
2264 828 2428 896 (quod
2460 826 2670 895 ignorat
2712 825 2893 893 nemo)
2924 826 2976 879 in
3010 824 3158 879 omni
3185 822 3356 877 scien-

180 910 281 960 τῶν
325 910 645 977 ἐπιστημῶν
676 913 1051 975 καταστάσεσι,
1096 915 1326 983 γνωμῶν
1377 919 1469 966 καὶ
1517 914 1718 982 βουλῶν

1818 921 2014 974 tiarum
2060 933 2253 987 genere
2293 917 2679 971 sententiarum
2718 924 2773 970 et
2804 916 3140 969 voluntatum
3170 912 3358 967 discri—

179 1002 421 1071 διαφοραί
446 1018 459 1031 ’
508 1003 568 1055 οὐ
601 1002 708 1072 γὰρ
752 1004 965 1056 πάντων
1003 1004 1179 1056 πάντα
1213 1004 1279 1057 τὰ
1323 1005 1502 1056 τέλεια
1538 1004 1604 1057 δι’
1639 1004 1720 1056 ἔν-

1818 1010 1987 1064 mina.
2023 1006 2203 1075 Neque
2245 1008 2387 1061 enim
2438 1007 2679 1060 omnium
2722 1006 2904 1061 omnia
2945 1016 3070 1061 sunt
3097 1003 3357 1073 perfecta,

181 1094 319 1145 δειαν
352 1092 610 1163 σπουδῆς,
656 1094 690 1164 ἢ
733 1094 827 1147 καὶ
871 1094 936 1146 δι’
965 1094 1197 1161 ἀπορίαν
1227 1094 1524 1163 δυνάμεως.
1570 1096 1722 1148 Εἰσὶν

1821 1101 2017 1170 partim
2044 1098 2184 1168 quod
2210 1099 2329 1152 aliis
2349 1098 2484 1153 desit
2510 1099 2745 1152 studium
2763 1105 2815 1150 et
2834 1096 3140 1166 diligentia;
3170 1095 3360 1163 partim

180 1186 227 1234 ol
271 1183 363 1235 ἐπὶ
395 1185 486 1236 τὸν
516 1184 706 1253 λιμένα
750 1185 953 1247 τοῦτον,
991 1185 1186 1254 μᾶλλον
1232 1185 1287 1236 δὲ
1329 1186 1390 1237 τὸ
1420 1186 1651 1252 πέλαγος
1686 1185 1721 1254 ἢ

1823 1197 2040 1257 propter
2085 1185 2391 1240 facultatem
2422 1193 2475 1237 et
2516 1184 2809 1254 ingenium.
2853 1183 2990 1235 Sunt.
3010 1183 3103 1249 qui
3129 1182 3192 1232 ad
3223 1180 3365 1231 hunc

182 1273 311 1340 τάχα
342 1274 436 1326 τὶν
470 1274 648 1343 βυοὸν,
681 1276 1044 1345 εἰσερχόμενοι
1072 1275 1139 1328 δι’
1169 1276 1445 1329 ἀσθένειαν
1475 1276 1567 1329 τοῦ
1594 1278 1723 1330 ἐαυ-

1824 1289 2037 1347 portum
2074 1277 2354 1345 (solitariae
2385 1277 2547 1343 vitm).
2581 1275 2661 1328 vel
2691 1273 2869 1343 potius
2900 1273 3118 1341 pelagus
3143 1280 3235 1324 aut
3261 1284 3366 1321 rua-

183 1360 281 1412 τῶν
310 1362 575 1429 στόματος
596 1366 695 1433 (Ι),
719 1365 811 1416 καὶ
836 1363 1080 1433 σώματος
1106 1364 1191 1417 διὰ
1221 1363 1482 1435 πρόληψιν
1508 1379 1523 1393 ⁶
1550 1366 1724 1434 ἕτεροι

1823 1373 1899 1424 ris
1931 1369 2253 1439 profundum
2286 1370 2654 1438 ingrediuntur
2684 1376 2898 1436 propter
2924 1363 3365 1439 incontinentiam

185 1451 432 1521 ἀκρατῶς
472 1454 606 1522 πρὸς
657 1454 826 1525 θυμὸν
870 1455 1097 1525 ἔχοντες,
1156 1457 1249 1509 καὶ
1304 1458 1441 1526 μετά
1491 1456 1725 1526 πλήθους

1827 1461 2021 1530 lingua:
2062 1467 2114 1513 et
2158 1460 2450 1513 inveterata
2488 1457 2731 1527 corporis
2765 1465 2819 1510 et
2864 1454 3043 1510 carnis
3094 1451 3221 1504 vitia
3265 1448 3364 1517 (α).

187 1546 453 1614 κρατῆσαι
484 1545 671 1599 τοῦτον
720 1549 795 1619 μὴ
853 1548 1134 1619 δυνάμενοι
1166 1550 1215 1600 οἱ
1262 1549 1486 1611 τάλανες
1512 1565 1525 1578 ⁸
1582 1548 1728 1601 ἄλλοι

1829 1552 1969 1603 Sunt
2009 1550 2101 1618 qui
2151 1550 2285 1602 iram
2328 1548 2537 1603 frenare
2577 1548 2714 1601 inter
2756 1546 2955 1599 multos
2984 1558 3093 1597 non
3139 1542 3366 1611 possint,

190 1636 492 1707 ἰδιορυθμία
528 1638 725 1708 μᾶλλον
755 1640 853 1709 (9.),
888 1641 920 1709 ἢ
949 1641 1138 1710 ὁδηγία
1166 1641 1223 1706 ἐξ
1249 1642 1512 1710 οἰκήσεως
1545 1640 1726 1693 πλέειν

1826 1643 1968 1712 quod
2018 1643 2082 1694 ad
2112 1657 2229 1695 eam
2259 1642 2554 1711 przccipites
2586 1640 2830 1693 feruntur
2856 1656 2870 1703 ;
2904 1639 2996 1707 qui
3022 1653 3151 1691 sane
3187 1635 3369 1688 miseri

189 1729 514 1798 σκεψάμενοι
538 1746 553 1760 ’
580 1730 754 1802 ’ἑτεροι
788 1733 862 1801 μὴ
892 1722 1175 1800 δυνάμενοι
1204 1732 1262 1783 ἐν
1297 1732 1441 1800 μέσῳ
1468 1731 1567 1799 τῆς
1597 1730 1727 1799 ὕλης

1829 1739 1979 1783 sunt.
2017 1727 2153 1781 Sunt
2200 1730 2290 1796 qui
2321 1744 2381 1781 ex
2419 1728 2583 1781 animi
2620 1727 2848 1781 elatione
2892 1724 3078 1777 malint
3105 1738 3203 1776 suo
3232 1722 3374 1775 arbi-

190 1818 291 1871 τῶν
314 1819 459 1870 ὑλῶν
490 1820 787 1890 ἀπέχεσθαι
811 1836 826 1849 °
882 1822 1025 1884 τινὲς
1071 1821 1190 1890 μὲν,
1245 1822 1331 1873 ἵνα
1366 1821 1637 1873 σπουδαῖοι
1666 1823 1729 1873 ἐκ

1831 1830 1995 1880 tratu,
2030 1835 2187 1887 quam
2224 1821 2401 1872 alieno
2449 1820 2613 1872 ductu
2662 1827 2715 1871 et
2746 1815 3053 1887 magisterio
3093 1814 3369 1882 navigare.

192 1911 281 1976 τῆς
310 1910 558 1973 ίδιάσεως
590 1912 876 1979 γένωνται·
912 1912 1057 1964 ἄλλοι
1084 1913 1169 1963 ἵνα
1198 1912 1486 1979 ἀγνώστως
1512 1912 1731 1972 ἑαυτοὺς

1830 1912 1931 1963 Alii
1967 1911 2108 1980 quod
2141 1914 2192 1964 in
2232 1912 2479 1980 praesenti
2528 1925 2815 1977 corporum
2866 1917 2919 1961 et
2946 1906 3186 1960 materiae
3224 1904 3376 1971 copia

194 2001 326 2071 ὑπὲρ
370 2001 608 2054 εὐθυνῶν
647 2002 897 2056 αἱκίσωσι
943 2000 1279 2073 [κολάσωσι]
1308 2020 1321 2032 ·
1367 2003 1509 2064 τινες
1538 2001 1614 2061 δὲ,
1645 2001 1732 2053 ἴνα

1806 1983 1935 2055 ἠοη
1965 2012 2185 2071 possunt
2210 2004 2277 2057 ab
2299 2004 2385 2057 illa
2402 2004 2669 2057 abstinere
2693 2021 2708 2069 ;
2732 2002 2820 2057 alii
2847 2010 2903 2055 ut
2922 2018 2986 2056 ex
3010 1999 3202 2070 quietis
3221 1998 3381 2069 410

194 2092 275 2144 διὰ
302 2092 505 2163 ταύτης
549 2093 705 2159 δόξαν
754 2096 959 2157 ἑαυτοῖς
1004 2096 1484 2163 περιποιήσωνται.
1532 2092 1652 2147 Εἰσὶ
1681 2083 1786 2144 δὲ]

1788 2083 1808 2135 3
1839 2094 2129 2148 solitudine
2161 2096 2525 2164 diligentiores
2554 2094 2683 2147 ﬁant
2706 2112 2719 2158 ;
2746 2093 2837 2147 alii
2870 2102 2927 2147 ut
2960 2093 3014 2145 in
3038 2100 3248 2145 secreto
3276 2105 3380 2159 pa:-

195 2182 368 2253 ἓτεροι
426 2186 497 2251 (εί
534 2186 642 2255 ἄρα
671 2185 838 2237 ἐλθὼν
864 2186 893 2237 ὁ
931 2186 1055 2248 Υἱὸς
1079 2184 1172 2237 τοῦ
1201 2185 1484 2255 ἀνθρώπου
1520 2184 1736 2253 εὑρήσει

1840 2201 1937 2239 nas
1975 2200 2004 2239 a
2040 2202 2097 2241 se
2129 2187 2261 2256 ipsis
2295 2203 2386 2255 per
2415 2188 2637 2241 verbera
2670 2197 2889 2255 propter
2919 2186 3104 2255 culpas
3130 2193 3186 2238 et
3213 2198 3383 2237 noxas

194 2274 459 2337 τοιούτους
486 2276 576 2328 ἐπὶ
604 2277 698 2345 τῆς
728 2276 852 2345 γῆς)
880 2276 966 2330 διὰ
992 2277 1201 2345 τρυφὴν
1233 2277 1323 2329 καὶ
1352 2276 1506 2343 δίψαν
1531 2275 1627 2344 τῆς
1646 2272 1738 2324 τοῦ

1839 2277 2086 2346 exigant;
2132 2280 2217 2332 alii
2250 2289 2305 2333 ut
2340 2280 2559 2349 gloriam
2597 2278 2696 2333 sibi
2740 2293 2832 2347 per
2872 2278 3011 2331 hanc
3040 2284 3376 2344 comparent.

195 2364 325 2416 Θεοῦ
356 2366 597 2434 ἀγάπης,
628 2367 723 2418 καὶ
759 2365 1092 2433 γλυκύτητος
1123 2368 1186 2435 τῇ
1216 2366 1337 2435 ὁσία
1362 2364 1527 2434 ταύτῃ
1556 2362 1741 2425 συζευ-

1839 2369 1942 2422 Alii
1964 2368 2193 2438 denique
2210 2371 2277 2440 (si
2305 2380 2480 2425 tamen
2504 2372 2642 2425 ullos
2662 2370 2927 2439 ejusmodi
2950 2368 3115 2421 Filius
3148 2365 3383 2420 hominis

196 2455 432 2522 χθέντες,
483 2456 545 2507 οὐ
578 2456 839 2525 πρότερον
886 2454 1043 2508 τοῦτο
1086 2457 1407 2525 ποιήσαντες
1437 2455 1564 2523 πρὶν
1593 2453 1742 2522 πάσῃ

1842 2458 1933 2511 ubi
1966 2460 2190 2522 venerit,
2224 2462 2278 2513 in
2308 2470 2448 2514 terra
2476 2471 2784 2529 reperturus
2806 2461 2907 2524 est)
2931 2468 3148 2527 propter
3167 2456 3387 2510 delicias

196 2544 390 2613 ἀκηδίᾳ
417 2545 742 2597 ἀποστάσιον
766 2546 1024 2597 δεδώκασι
1053 2547 1151 2613 (5).
1193 2544 1405 2612 Ταύτης
1428 2543 1534 2612 γὰρ
1558 2545 1590 2612 ἡ
1628 2561 1745 2594 συν-

1843 2548 2116 2613 ραςὶοεῑοε,
2142 2559 2195 2602 et
2234 2550 2379 2603 sitim
2424 2551 2620 2604 divinae
2667 2549 2949 2603 cltaritatis
2991 2559 3044 2602 et
3089 2546 3387 2601 dulcedinis

198 2635 379 2699 ἀφεια,
431 2635 653 2704 πορνεία
697 2636 847 2702 παρὰ
889 2638 954 2706 τῇ
1000 2637 1240 2706 προτέρᾳ
1281 2635 1557 2704 κρίνεται·
1606 2633 1745 2686 κατά

1844 2654 1966 2692 cum
2008 2638 2110 2692 liae
2156 2655 2215 2694 se
2252 2640 2592 2693 sanctissima
2637 2639 2817 2708 quiete
2854 2638 3001 2691 velut
3037 2636 3264 2703 conjuge
3292 2634 3388 2687 dc-

197 2726 289 2793 τὴν
317 2724 518 2792 γνῶσιν
543 2725 642 2796 τὴν
668 2725 830 2795 ψιλὴν
857 2727 953 2797 τὴν
982 2727 1221 2780 δοθεῖσάν
1254 2744 1365 2796 μοι,
1398 2725 1472 2788 ώς
1498 2725 1557 2777 οὐ
1587 2725 1746 2791 σοφὸς

1846 2729 2150 2794 vinxerunt,
2201 2729 2343 2797 quod
2377 2740 2551 2782 tamen
2597 2744 2703 2781 non
2749 2736 2872 2781 ante
2923 2726 3186 2788 fecerunt,
3225 2740 3388 2792 quam

198 2815 533 2882 ἁρχιτέκτων
566 2816 808 2887 κλίμακα
853 2818 1164 2880 ἀναϐάσεως
1198 2816 1543 2886 πεπελέκηκα
1568 2830 1581 2844 '
1618 2815 1745 2867 ’ἐκα-

1848 2818 2083 2872 libellum
2118 2819 2320 2888 repudii
2365 2820 2581 2874 desidia:
2612 2829 2666 2873 et
2698 2820 2914 2881 accdiae,
2946 2816 3225 2870 dederunt.
3256 2812 3394 2867 Nam

201 2919 318 2965 στος
346 2904 404 2955 δὲ
429 2905 612 2957 λοιπὸν
645 2906 885 2975 βλεπέτω
914 2908 971 2959 ὲν
1007 2907 1133 2975 ποίᾳ
1162 2905 1376 2975 βαθμίδι
1411 2906 1659 2974 ἕστηκεν,
1692 2903 1750 2966 ἐξ

1849 2911 1965 2978 ejus
1994 2925 2116 2963 cum
2150 2910 2349 2979 priore,
2381 2910 2564 2964 acedia
2598 2910 2840 2979 inquam,
2860 2908 3192 2975 conjunctio,
3220 2904 3388 2957 forni-

203 2988 570 3060 ίόιορυθμίας,
619 2993 707 3045 διὰ
758 2993 916 3056 δόξαν
967 2993 1296 3062 ἀνθρώπων,
1354 2993 1420 3045 δι’
1472 2992 1753 3073 ἀσθένειαν

1852 3000 1994 3055 catio
2036 2986 2307 3055 Censetur.
2343 2997 2453 3070 Ego
2485 3000 2629 3054 velut
2659 3014 2766 3053 non
2808 2998 3027 3067 sapiens
3071 2995 3393 3049 architectus

202 3076 452 3146 γλώσσης
480 3094 494 3107 ⁸
541 3079 608 3132 δι’
636 3082 903 3149 ἀκρασίαν
934 3079 1129 3151 θυμοῦ,
1161 3079 1249 3133 διά
1277 3080 1478 3149 πλῆθος
1510 3097 1752 3150 προσπα-

1819 3108 1821 3110 ‘
1851 3106 1949 3162 pro
1984 3093 2127 3146 tenui
2154 3091 2459 3161 cognitione
2491 3091 2623 3144 mihi
2646 3090 2771 3144 data
2802 3090 2944 3144 scala
2975 3087 3112 3140 hanc
3140 3099 3393 3139 ascensus

204 3168 372 3232 θείας,
405 3170 492 3222 ἵνα
522 3170 749 3233 εὐθύνας
778 3170 1018 3233 τίσωσιν,
1050 3171 1139 3224 ἵνα
1167 3170 1440 3223 σπουδαῖοι
1468 3170 1751 3238 γένωνται,

1851 3185 2111 3237 exstruxi.
2131 3180 2395 3236 Caeterum
2421 3180 2614 3250 singuli
2640 3182 2858 3235 videant
2878 3179 2929 3232 in
2950 3193 3057 3247 quo
3079 3174 3243 3246 gradu
3268 3188 3394 3227 con—

202 3260 287 3311 ἵνα
328 3258 441 3328 πῦρ
470 3260 602 3327 πυρὶ
630 3259 1062 3329 προσλάϐωνται.
1101 3260 1376 3313 Ἔσονται
1422 3260 1477 3311 οι
1508 3258 1755 3324 ἔσχατοι

1853 3274 2063 3327 sistant.
2097 3271 2177 3325 An
2217 3287 2282 3325 ex
2323 3272 2532 3325 ratione
2568 3286 2668 3340 pro
2694 3284 2793 3325 suo
2837 3268 3098 3322 arbitratu
3146 3263 3393 3327 vivendi;

202 3346 442 3415 πρῶτοι,
480 3347 578 3401 καὶ
615 3352 667 3402 οί
701 3348 915 3416 πρῶτοι
942 3348 1206 3417 ἔσχατοι.
1255 3349 1319 3400 Αἱ
1360 3346 1457 3417 μὲν
1491 3347 1627 3398 ἔτιτά
1654 3345 1754 3414 τῆς
1778 3398 1794 3453 1

1802 3397 1821 3453 Ξ
1856 3378 1925 3417 an
1978 3371 2193 3431 propter
2226 3362 2452 3431 gloriam
2503 3361 2572 3415 ab
2605 3360 2916 3413 hominibus
2948 3355 3394 3426 exspectandam;

204 3438 459 3509 ἑὸδόμης,
491 3438 582 3492 τοῦ
614 3439 708 3492 νῦν
747 3441 881 3492 εἰσιν
911 3438 1163 3509 ἐργασίαι
1194 3454 1210 3469 ·
1257 3440 1310 3489 al
1344 3437 1440 3506 μὲν
1464 3436 1668 3501 δεκταὶ,
1695 3436 1752 3487 αἱ
1780 3436 1796 3454 “

1805 3436 1821 3452 ”
1854 3466 1919 3504 an
1956 3460 2173 3519 propter
2216 3451 2408 3518 lingua:
2451 3448 2927 3511 incontinentiam;
2960 3462 3028 3501 an
3073 3445 3142 3498 ob
3184 3444 3397 3497 iracun-

203 3531 256 3582 δὲ
286 3531 501 3584 ἀδεκτοι
523 3548 538 3563 ο
570 3532 600 3599 ἡ
622 3530 680 3583 δὲ
700 3531 855 3600 ὀγδόη
880 3529 1118 3599 δηλονότι
1138 3528 1231 3580 τοῦ
1256 3526 1535 3597 μέλλοντος
1563 3524 1755 3585 αἰῶνος

1851 3544 1976 3597 dum
2003 3542 2269 3610 ingenium
2294 3559 2308 3607 ;
2331 3557 2396 3593 an
2431 3540 2721 3595 all'eetuum
2755 3538 3125 3607 improborum
3158 3535 3398 3603 copiam;

207 3622 515 3691 σημαντικὴ
545 3623 797 3691 ὑπάρχει.
850 3622 1145 3691 Ἐπιτήρει,
1176 3612 1220 3672 ὦ
1260 3618 1477 3688 μοναχὲ,
1516 3633 1757 3686 μεμονω-

1854 3650 1922 3687 an
1956 3642 2016 3686 ut
2044 3632 2230 3700 culpas
2257 3631 2437 3694 luant;
2474 3646 2542 3682 an
2576 3639 2633 3683 ut
2657 3629 3025 3698 diligentiores
3055 3626 3215 3687 ﬁant;
3253 3640 3319 3677 an
3346 3633 3406 3676 ut

148 3794 153 3798 ι
208 3717 334 3784 μένε
360 3716 566 3785 θηρίων
593 3714 737 3784 ὦρας
762 3732 774 3744 ·
816 3718 863 3777 εί
894 3715 950 3775 δὲ
1103 3714 1164 3765 οὐ
1191 3712 1393 3784 δυνήσῃ
1418 3708 1740 3780 ἁρμοζούσας

1858 3727 2034 3794 ignem
2058 3724 2164 3792 igni
2196 3722 2310 3790 (per
2339 3720 2914 3789 cliaritatem)addant.
2952 3718 3120 3770 Erunt
3144 3716 3404 3800 novissimi

174 3806 177 3809 “
206 3806 305 3867 τὰς
335 3806 569 3872 παγίδας
600 3806 772 3875 ἱστᾷν,
810 3807 857 3856 εί
896 3805 1103 3873 ἀπέστη
1138 3803 1353 3864 τελείως
1380 3802 1498 3869 ήίτδ
1520 3798 1760 3852 ἀποστά-

1856 3812 2039 3879 prt'mi,
2081 3821 2130 3864 et
2166 3811 2321 3878 primi
2363 3811 2627 3864 novissimi
2657 3812 2722 3864 ⁸⁷.
2766 3808 2849 3862 Ex
2896 3810 2981 3862 his
3008 3817 3240 3875 septemc
3278 3798 3403 3858 sunt

209 3912 324 3947 σιον
353 3893 609 3955 λαὸοὗσα,
659 3882 907 3962 περιττὸν
938 3893 998 3944 τὸ
1035 3893 1191 3961 ἔργον
1213 3906 1229 3922 ο
1273 3893 1320 3943 εί
1348 3890 1405 3941 δὲ
1438 3888 1516 3941 ἔτι
1561 3905 1762 3958 προπε-

1861 3902 2208 3957 hebdomadis
2256 3901 2414 3967 hujus
2444 3899 2724 3968 praesentis
2750 3900 2870 3951 vita:
2904 3897 3264 3965 operationes,
3290 3894 3408 3945 alia:

207 3984 447 4046 τεύεται,
478 3983 538 4034 οὐ
568 3981 817 4050 γινώσκω
852 3980 969 4041 πῶς
1004 3981 1279 4048 ήσυχάσω.
1326 3978 1391 4031 Τί
1423 3980 1486 4046 δή
1532 3994 1660 4030 ποτε
1700 3979 1759 4029 οὐ

1860 3992 1969 4045 Deo
2004 4001 2198 4061 gratae;
2224 3991 2340 4042 alia:
2374 3990 2631 4057 ingratas:
2666 3997 2851 4042 octava
2881 3989 2996 4040 sine
3023 3986 3185 4040 dubio
3213 3993 3294 4038 est
3330 3984 3406 4036 fu-

206 4072 454 4126 τοσοῦτοι
482 4071 631 4141 παρά
652 4073 765 4133 τοῖς
790 4070 955 4136 ὁρίοις
978 4067 1443 4136 Ταὸεννησιώταις
1472 4069 1521 4118 oi
1547 4067 1763 4137 φωστῆ-

1862 4081 1966 4135 turi
1983 4080 2163 4135 saeculi
2192 4079 2369 4132 index.
2386 4076 2645 4144 Observa,
2663 4092 2700 4132 o
2720 4078 3002 4142 monache,
3026 4078 3116 4146 qui
3145 4078 3292 4131 solus
3314 4078 3405 4130 dc-

213 4182 302 4235 ρες
334 4164 436 4234 (ί),
482 4164 595 4217 ὅσοι
628 4162 778 4231 παρά
818 4163 928 4223 τοῖς
962 4157 1296 4230 Σκητιώταις
1337 4157 1664 4225 γεγόνασιν;
1706 4158 1765 4209 '0

1865 4170 1964 4240 gis,
1993 4168 2227 4222 ferarum
2259 4178 2520 4237 tempora.
2555 4168 2708 4233 Quod
2736 4167 2840 4223 nisi
2876 4167 3091 4231 feceris,
3127 4184 3230 4220 non
3255 4177 3405 4237 pote-

116 4330 120 4333 Δ
211 4257 346 4309 νοῶν
381 4256 570 4309 νοείτω
597 4271 611 4284 ’
667 4252 778 4321 ἐγὼ
807 4252 913 4322 γάρ
937 4251 1114 4319 λέγειν
1141 4250 1204 4302 οὐ
1232 4248 1461 4317 δύναμαι
1497 4248 1595 4317 (5),
1632 4249 1708 4316 μᾶ

1865 4259 1942 4311 ris
1972 4266 2125 4326 aptas
2158 4258 2264 4313 illis
2294 4258 2609 4327 laqueorum
2645 4257 2872 4312 insidias
2898 4267 3132 4312 nectere.
3173 4256 3229 4311 Si
3270 4259 3410 4327 igua-

211 4349 302 4401 λον
338 4348 400 4401 δὲ
441 4348 499 4399 οὐ
536 4346 811 4417 βούλομαι.
859 4345 921 4397 Oi
954 4343 1050 4414 μὲν
1076 4342 1148 4395 τὰ
1184 4341 1326 4411 πάθη
1364 4340 1638 4411 μειοῦντες
1667 4339 1767 4408 (6),

1867 4348 1950 4401 via
1976 4364 2095 4418 qua“:
2119 4348 2356 4402 libellum
2392 4348 2596 4417 repudii
2623 4348 2847 4416 accepit,
2883 4349 3096 4416 penitus
3129 4348 3406 4409 abscessit,

212 4444 262 4497 οἱ
293 4443 352 4496 δὲ
400 4441 719 4512 ψάλλοντες,
770 4439 863 4491 καὶ
908 4438 969 4490 τὸ
1021 4437 1266 4490 πλεῖστον
1305 4438 1361 4488 ὲν
1391 4439 1456 4505 τῇ
1499 4437 1769 4506 προσευχῇ

1872 4454 1977 4493 non
2009 4438 2111 4493 erit
2139 4454 2277 4509 opus
2303 4440 2472 4493 multo
2496 4440 2698 4493 labore.
2734 4437 2790 4492 Si
2816 4438 2991 4492 adhuc
3020 4439 3321 4506 importune
3356 4454 3411 4490 se

216 4534 612 4606 καρτεροῦντες
645 4531 749 4604 [τῇ
775 4531 1044 4600 προσευχῇ
1078 4525 1682 4606 προσκαρτεροῦντες
1722 4529 1772 4577 οἱ

1873 4526 2085 4595 ingerit,
2103 4542 2207 4580 non
2225 4527 2380 4580 video
2404 4525 2674 4595 quomodo
2696 4525 3039 4578 solitudinem
3066 4525 3234 4578 colam
3260 4524 3410 4595 [con-

216 4628 273 4681 δὲ
300 4630 371 4698 τῇ
420 4627 622 4697 θεωρίᾳ
662 4620 990 4686 ἀτενίζοντες
1038 4618 1149 4689 [αι.
1187 4622 1339 4674 deest
1382 4622 1439 4672 ὲν
1477 4619 1554 4687 τῷ
1591 4617 1774 4689 βυθῷ]

1874 4615 2192 4686 quiescam].
2222 4615 2384 4690 ﬁll
2415 4614 2551 4680 Quid
2569 4623 2652 4669 est
2672 4612 2812 4682 quod
2838 4628 2942 4665 non
2966 4622 3075 4666 tam
3095 4615 3257 4666 multa
3276 4613 3411 4680 apud

217 4718 493 4785 διάγουσι,
533 4715 676 4770 κατά
719 4714 808 4767 τὸν
837 4702 935 4781 τῆς
966 4708 1229 4779 κλίμακος
1267 4708 1463 4776 τρόπον
1492 4708 1777 4777 ξητηθήτω
1805 4729 1809 4784 ς

1816 4726 1854 4784 D
1881 4717 2100 4762 sanctos
2133 4705 2556 4760 Tabennesiotas
2588 4712 2896 4757 sanctorum
2945 4704 3148 4758 lumina
3194 4702 3408 4761 fuerint,

220 4816 282 4867 τὸ
309 4814 609 4885 πρόϐλημα
632 4831 645 4845 ·
678 4792 942 4882 δ’χωρῶν,
970 4809 1026 4860 ὲν
1054 4804 1240 4874 Κυρίῳ
1263 4803 1529 4873 χωρείτω.

1879 4812 2048 4867 quam
2074 4797 2212 4865 apud
2244 4793 2675 4859 Sectiotas?Qui
2715 4794 2965 4863 intelligit
3005 4794 3278 4871 intelligat,
3315 4806 3414 4857 ego

223 4883 455 4960 causam
490 4883 840 4974 pronuntiare
867 4913 971 4953 non
1001 4910 1241 4966 possum,
1302 4903 1393 4946 aut
1431 4894 1610 4961 potius
1686 4892 1831 4945 nolo.
1874 4888 2071 4943 Eorum
2103 4889 2194 4956 qui
2260 4887 2313 4938 in
2348 4887 2453 4941 hoc
2483 4885 2747 4954 profundo
2785 4885 3088 4939 solitudinis
3134 4883 3412 4951 (tanquam

222 4995 445 5067 pelago)
470 4972 758 5050 versantur
789 5008 806 5057 ;
836 4989 927 5044 alii
961 4988 1183 5043 vitiosos
1216 4984 1433 5039 allectus
1466 4984 1665 5038 sensim
1695 4982 2063 5043 imminuent;
2104 4977 2195 5031 alii
2259 4978 2312 5030 in
2351 4976 2646 5045 psalmodia
2693 4985 2748 5031 et
2776 4977 2829 5030 in
2855 4976 3099 5045 precibus
3125 4972 3414 5039 plurimum

227 5062 499 5158 temporis
541 5094 596 5142 et
623 5085 785 5141 studii
850 5091 1088 5155 ponunt;
1129 5081 1219 5135 alii
1270 5076 1707 5144 contemplationi
1755 5089 1813 5129 se
1848 5072 2068 5127 dedunt.
2105 5068 2258 5135 Quod
2299 5068 2570 5137 problema
2609 5084 2675 5122 ex
2740 5067 3009 5138 praposito
3052 5062 3209 5118 scala:
3256 5066 3418 5125 modo

226 5178 648 5250 disquirendum
678 5192 760 5234 est
784 5198 797 5233 :
830 5180 924 5249 qui
949 5179 1113 5248 capit,
1135 5176 1187 5228 in
1213 5170 1437 5226 Domino
1466 5168 1662 5236 capiat.

298 5245 429 5328 Eiet
463 5274 692 5344 ῥᾴθυμοι
717 5245 890 5343 ψυχαὶ
940 5245 1273 5336 ὲν-κοινοὸίῳ
1314 5262 1769 5330 παραγενόμεναι,

1950 5252 2087 5305 Sunt
2133 5251 2185 5304 in
2235 5251 2498 5305 cmnobiis
2548 5250 2740 5303 animae
2800 5245 3043 5315 quardam
3094 5245 3308 5300 desides
3363 5255 3416 5299 et

230 5363 329 5415 καὶ
361 5335 655 5417 τῶννὺλών
681 5335 1023 5433 τηςιξαυτῶν
1066 5358 1334 5432 ῥᾳθυμίας
1382 5353 1771 5423 εὐπορήσασαι,

1879 5346 2103 5415 ignavae,
2133 5357 2253 5410 qua:
2290 5342 2567 5399 materiam
2602 5337 2828 5409 pigritia:
2879 5351 2991 5391 suae
3016 5347 3187 5391 nacta:
3214 5338 3266 5389 in
3294 5335 3416 5388 ulti-

232 5455 313 5515 είς
352 5452 568 5505 τελείαν
617 5426 891 5508 ἀπώλειαν
930 5426 1286 5523 κατήντησαν.
1325 5444 1430 5497 Καὶ
1461 5443 1567 5500 εἰσὶ
1593 5442 1771 5507 πάλιν,

1882 5426 2030 5490 mum
2061 5433 2284 5487 exitium
2304 5431 2600 5502 praecipites
2624 5427 2885 5481 abierunt.
2916 5426 3053 5482 Sunt
3084 5438 3137 5483 et
3165 5426 3279 5481 alia;
3301 5440 3420 5494 qua:

233 5528 280 5593 ιιί
309 5541 417 5611 τὴν
442 5543 648 5596 ἑαυτῶν
675 5543 942 5614 ρᾳθυμίαν
996 5519 1085 5596 ad;
1100 5541 1193 5611 τῆς
1251 5534 1447 5603 ἑτέρων
1478 5531 1771 5598 συνδιαγω-

1881 5525 2166 5599 segnitiem
2203 5540 2356 5582 suam
2405 5537 2500 5593 per
2544 5519 2773 5574 aliorum
2806 5520 3109 5576 convictum
3148 5528 3201 5572 et
3228 5523 3419 5571 contu.-

308 5712 359 5747 ”
383 5714 579 5769 Matth.
638 5733 754 5782 xu,
776 5717 864 5773 50.

309 5805 393 5875 (α)
424 5802 670 5870 Quietem
695 5800 750 5864 et
781 5807 948 5865 otium
998 5804 1235 5877 corporis
1274 5798 1588 5859 sclioliastcs
1641 5796 1905 5867 intelligit.
