4032 6340
151 437 155 439 _
226 377 378 443 ms
1157 388 1381 448 suam
1438 347 1811 446 lutumst.
1846 412 1913 421 —
1940 388 2243 453 smnus
2272 395 2504 456 XXVII.

222 489 453 559 ἑχουσιν
485 493 518 559 ὴ
559 493 880 564 ἀναιλγησία.
913 497 949 562 ὴ
979 497 1157 565 μήτηρ
1211 497 1319 549 τῶν
1350 497 1674 564 πτωμάτων.

3291 397 3425 462 lll'd

1805 502 1849 555 Α
1879 508 2096 564 petuum
2143 505 2320 558 somni
2369 505 2718 564 desiderium.
2751 510 2928 564 cordis
2975 512 3190 579 duritia,
3236 523 3425 584 stupor

219 592 424 654 animi,
462 595 850 664 cogitationum
899 596 1168 659 horreum,
1217 610 1513 650 consensus
1557 593 1782 647 facilitas
1814 608 1908 646 seu
1942 609 2308 666 augmentum,
2347 604 2529 660 cordis
2571 609 2896 681 captivitas,
2924 609 3141 667 ofﬁcina
3167 615 3426 681 strepitu;

217 684 287 730 et
319 682 608 741 lltmllliUS.
652 686 1015 747 contumacia,
1061 686 1436 750 contradictio,
1479 688 1681 737 .vitiosa
1721 683 1788 734 ad
1861 698 1946 739 res
1990 686 2218 756 aﬂectio,
2274 693 2582 759 infidelitas,
2629 696 2774 752 nulla
2850 682 3068 762 ﬁducia,
3105 703 3422 770 loquacitas.

215 772 404 826 cl'nsa
437 772 658 828 libertas
683 785 735 828 et
765 777 1085 829 conlidentia
1117 791 1236 844 qua:
1286 785 1370 829 est
1438 773 1679 826 ontuium
1739 771 2101 840 gravissima:
2160 781 2253 834 sed
2292 784 2438 850 quod
2465 794 2547 838 est
2604 786 2862 842 omnibus
2918 789 3306 847 miserabilius.
3331 808 3423 844 (σοι’
3463 824 3473 833 -

211 861 397 915 omni”
425 864 600 931 gratia
634 867 809 919 lui-tus
841 881 935 920 seu
983 865 1417 934 compunctionis
1452 863 1790 921 destitutum,
1830 864 1974 924 quod
2006 872 2251 937 sequitur
2318 874 2371 925 in
2406 873 2473 955 iis
2493 873 2586 942 qui
2616 890 2722 929 non
2748 881 3055 940 attendunt,
3090 890 3277 948 stupor
3309 897 3427 935 sen-

211 971 324 1009 SIIS
366 971 462 1008 seu
495 955 808 1017 indolentia,
835 971 954 1024 quae
986 955 1172 1025 lapsus
1193 957 1371 1010 omnis
1411 963 1493 1010 est
1523 965 1716 1023 parens
1746 959 1800 1002 et
1834 963 2020 1009 causa.

295 1048 410 1101 Καὶ
431 1050 751 1118 πνευμάτων
770 1052 882 1112 τοῖς
901 1049 999 1119 μὲν
1021 1051 1382 1119 ἡσυχάζουσιν
1400 1049 1450 1101 οἱ
1467 1048 1624 1100 πέντε
1642 1045 1775 1117 (“)f

209 1140 340 1199 τοῖς
367 1137 424 1190 δὲ
452 1139 922 1211 ύποτασσομένοις,
965 1142 1011 1193 οἱ
1069 1145 1217 1210 τρεῖς
1271 1141 1380 1192 τῶν
1410 1138 1553 1192 ὀκτὼ
1605 1154 1774 1207 προσ-

221 1227 575 1283 παλαίουσιν.
644 1232 701 1282 ‘0
745 1232 1049 1300 ἡσυχάζων,
1104 1233 1196 1285 καὶ
1270 1230 1468 1300 ἀκηδίᾳ.
1523 1228 1775 1298 πολεμῶν

212 1315 518 1385 ζημιοῦται
584 1320 879 1385 πολλάκις·
933 1323 1124 1393 καιρὸν
1161 1322 1270 1391 γὰρ
1325 1319 1634 1390 προσευχῆς
1683 1320 1776 1371 καὶ

213 1405 464 1478 θεωρίας
494 1411 553 1462 ἐν
576 1412 697 1472 ταῖς
743 1412 877 1482 πρὸς
924 1414 1091 1484 αὐτὴν
1127 1417 1392 1484 μηχαναῖς
1427 1413 1772 1479 ὲξαναλώσει,

211 1498 319 1551 καὶ
381 1501 617 1563 πάλαις·
667 1502 1038 1574 ρᾳθυμήσαντί
1091 1505 1178 1575 μοί
1214 1523 1338 1558 ποτε
1391 1509 1448 1560 ἐν
1495 1508 1561 1576 τῇ
1611 1506 1774 1580 κέλλῃ

213 1590 576 1661 καθεζομένῳ
598 1593 730 1662 (15),
761 1594 854 1646 καὶ
884 1593 1085 1664 ταύτην
1125 1596 1308 1666 σχεδὸν
1341 1597 1772 1665 καταλιμπάνειν

211 1679 583 1750 λογιζομένῳ,
615 1682 805 1751 ἄνδρες
831 1683 974 1747 τινὲς
1007 1685 1426 1754 παραϐαλόντες,
1473 1688 1672 1751 ἱκανῶς
1699 1689 1774 1752 ὡς

218 1771 543 1843 ήσυχαστήν
580 1790 647 1843 με
672 1773 1011 1845 ὲμακάρισαν
1035 1791 1049 1805 ·
1083 1775 1176 1828 καὶ
1200 1775 1391 1830 θᾶττον
1417 1778 1446 1830 ὁ
1469 1780 1567 1848 τῆς
1613 1779 1771 1849 ρᾳθυ-

1956 1046 2030 1101 Ex
2059 1059 2182 1104 octo
2216 1053 2541 1122 capitalibus
2587 1056 2732 1111 vitiis
2771 1066 2826 1111 et
2866 1058 3142 1127 spiritibus
3187 1062 3425 1130 quinque

1882 1141 2222 1205 potissimum
2263 1145 2539 1201 solitarios
2571 1158 2921 1217 oppugnant;
2947 1157 3056 1204 tres
3079 1163 3175 1204 eos
3195 1151 3286 1218 qui
3323 1153 3438 1203 sub

1883 1230 2188 1287 obedientia
2221 1235 2420 1290 vivunt.
2459 1237 2744 1292 Solitarius
2773 1238 2903 1292 dum
2944 1253 3068 1293 cum
3105 1241 3287 1294 acedia
3325 1256 3419 1295 seu

1882 1319 2086 1375 desidia
2121 1323 2375 1390 luctatur,
2416 1335 2784 1395 sacpenumero
2816 1327 3138 1383 detrimento
3166 1322 3417 1383 alﬁcitur:

1884 1414 2092 1476 tempus
2121 1410 2264 1462 enim
2293 1411 2542 1480 precibus
2571 1423 2624 1468 et
2661 1413 2823 1485 414
2864 1416 3300 1484 contemplationi
3328 1417 3422 1469 de-

1877 1497 2162 1554 dicandum
2193 1517 2332 1569 saepe
2361 1504 2497 1557 inter
2521 1520 2752 1574 pugnam
2779 1516 2831 1560 et
2853 1506 3050 1560 luctam
3079 1521 3203 1560 cum
3239 1508 3418 1560 acedia

1877 1600 2177 1644 consumet.
2227 1591 2336 1662 Ego
2386 1608 2507 1647 cum
2557 1595 2686 1649 olim
2737 1597 2980 1651 residens
3021 1597 3074 1650 in
3124 1597 3256 1650 cella
3305 1614 3419 1650 me.

1876 1680 2029 1733 tredio
2049 1681 2370 1748 laborarem,
2399 1692 2452 1737 et
2475 1699 2542 1739 eo
2558 1686 2670 1753 jam
2697 1687 3077 1743 descenderem
3103 1696 3160 1742 ut
3191 1689 3256 1742 de
3287 1689 3420 1742 cella

1872 1769 2167 1826 deserenda
2229 1772 2612 1840 deliberarem,
2677 1779 3059 1847 percommode
3096 1778 3311 1845 accidit,
3362 1789 3421 1833 ut
3471 1819 3490 1830 .

214 1859 358 1928 μίας
386 1860 641 1931 λογισμὸς
671 1862 774 1914 ὑπὸ
801 1862 902 1932 τῆς
943 1863 1241 1930 κενοδοξίας
1269 1865 1531 1936 ἐχώρησε,
1577 1866 1668 1918 καί
1707 1883 1766 1934 γε

1875 1860 2116 1931 hospites
2142 1864 2360 1932 quidam
2387 1865 2736 1923 adventantes
2759 1884 2847 1924 me
2870 1870 2942 1924 ob
2970 1869 3134 1924 vitam
3165 1870 3303 1924 hanc
3324 1884 3416 1924 so-

208 1947 542 2018 τεθαύμακα
569 1950 682 2015 πῶς
709 1952 873 2006 πᾶσιν
907 1949 1240 2005 ἐναντιοῦται
1269 1956 1378 2016 τοῖς
1404 1954 1706 2022 πνεύμασιν
1747 1958 1774 2006 ό

204 2038 468 2109 τρίσολος
506 2042 731 2109 δαίμων.
777 2043 916 2112 Ὅρα
960 2042 1081 2097 καθ’
1105 2041 1253 2113 ὥραν
1284 2042 1374 2096 τοῦ
1411 2043 1505 2096 σοῦ
1538 2045 1771 2112 συζύγου

204 2127 352 2191 τοὺς
379 2131 689 2200 ῥιπισμοὺς,
717 2133 810 2185 καὶ
840 2136 1306 2204 παραριπισμοὺς.
1335 2136 1428 2187 καὶ
1453 2135 1642 2205 ῥοπὰς,
1677 2138 1772 2190 καὶ

203 2222 450 2288 τροπὰς,
485 2222 546 2273 τὸ
568 2221 683 2284 πῶς
711 2224 801 2276 καὶ
829 2223 930 2276 ποῦ
955 2225 1051 2295 τὴν
1073 2226 1243 2296 ῥοπὴν
1264 2225 1572 2296 κέκτηνται.
1607 2227 1665 2280 '0
1685 2227 1771 2280 διὰ

205 2311 536 2382 Πνεύματος
567 2313 722 2381 ἁγίου
763 2317 999 2388 γαλήνην
1042 2317 1397 2388 κτησάμενος,
1440 2319 1539 2371 οὐκ
1587 2320 1773 2387 ἁγνοεί

202 2402 279 2455 τὸ
319 2401 598 2479 θεώρημα.
653 2404 852 2474 Ἔργον
893 2408 1119 2478 ἡσυχίας
1154 2410 1452 2479 ἀμεριμνία
1502 2427 1769 2480 προηγου-

209 2493 362 2563 μένη
409 2497 622 2549 πάντων
668 2497 775 2550 τῶν
823 2500 1163 2568 πραγμάτων
1219 2493 1453 2568 εὐλόγων
1503 2503 1597 2554 καὶ
1648 2502 1768 2555 ἀλό-

205 2603 334 2655 γων
359 2587 486 2658 (16).
527 2589 584 2642 Ὀ
610 2590 719 2658 γὰρ
762 2592 875 2652 τοῖς
916 2590 1200 2659 προτέροις
1254 2592 1502 2659 ἀνοίγων,
1557 2593 1612 2643 ὲν
1654 2595 1765 2655 τοῖς

200 2675 488 2745 δευτέροις
517 2679 730 2740 πάντως
768 2680 1158 2748 περιπεσεῖται.
1201 2679 1460 2749 Δεύτερον
1493 2683 1764 2753 προσευχὴ

201 2765 412 2827 ἄοκνος
433 2782 448 2797 ·
482 2767 578 2819 καὶ
602 2766 781 2836 τρίτον
807 2768 1033 2838 ἐργασία
1077 2769 1298 2840 καρδίας
1335 2771 1550 2834 ἄσυλος.
1617 2771 1765 2824 Ἀδύ-

203 2870 382 2908 νατον
401 2856 494 2908 τδν
541 2858 615 2927 μὴ
660 2858 960 2930 γράμματα
1012 2859 1367 2930 μεμαθηκότα
1423 2861 1664 2931 φυσικῶς
1706 2864 1764 2916 ὲν

204 2945 421 3008 δέλτοις
443 2947 667 3020 μελετᾷν
690 2965 702 2978 ·
735 2949 1134 3017 ἀδυνατώτερον
1162 2951 1239 3017 δὲ,
1267 2953 1391 3016 τοὺς
1424 2953 1512 3023 μὴ,
1536 2953 1597 3007 τὺ
1627 2955 1760 3025 πρό·-

209 3053 382 3109 τερον
413 3040 789 3110 κτησαμένους
813 3042 880 3095 τά
903 3041 1014 3104 δύο,
1041 3043 1182 3113 λόγῳ
1214 3043 1509 3112 μετελθεῖνι
1547 3045 1760 3116 Μετερ-

204 3128 447 3198 χόμενος
469 3131 529 3183 τὸ
554 3131 734 3201 μέσον,
784 3135 843 3186 ὲν
895 3135 1081 3202 μέσοις
1117 3138 1346 3203 γέγονα·
1398 3135 1492 3189 καὶ
1529 3135 1760 3204 ὲφὼτιζε

202 3217 452 3287 δήμῶντα
472 3236 484 3248 ·
515 3221 606 3270 καὶ
627 3221 736 3273 ίδοὺ
773 3222 932 3274 πάλιν
968 3218 1036 3291 ἦν
1077 3225 1134 3275 ἐν
1163 3224 1388 3286 ἐκείνοις
1408 3240 1421 3253 ·
1467 3223 1520 3286 τί
1570 3223 1669 3292 μὲν
1693 3219 1760 3293 ἦν

207 3303 327 3375 πρὸ
350 3304 447 3373 τῆς
473 3306 671 3376 ὁρατῆς
698 3309 756 3359 ἐν
779 3310 926 3379 αὐτῷ
958 3311 1168 3381 μορφῆς
1207 3312 1472 3365 διδάσκειν
1509 3313 1606 3364 οὐκ
1636 3313 1761 3382 ἠδύ-

207 3411 348 3449 νατο
367 3413 383 3428 ·
407 3395 523 3449 οὐδὲ
547 3397 655 3467 γὰρ
685 3397 874 3466 ἠφίετο
903 3400 930 3452 ὁ
977 3401 1158 3471 ἄρχων
1178 3418 1194 3434 ·
1224 3402 1339 3466 πῶς
1365 3402 1422 3455 δὲ
1471 3401 1563 3456 νῦν
1611 3404 1762 3458 πέλει

212 3483 447 3557 ἠρώτων
478 3486 655 3556 λέγειν
678 3506 691 3518 ·
722 3491 778 3542 ἐν
809 3493 920 3554 τοῖς
945 3493 1092 3554 ίδίοις
1117 3491 1216 3562 μὲν
1261 3492 1465 3562 ἔλεγεν,
1503 3494 1616 3547 ἀλλ’
1664 3498 1763 3550 οὐκ

208 3579 274 3631 ἑν
315 3578 542 3646 τούτοις.
583 3581 722 3650 Ἐγὼ
764 3581 820 3635 δέ
851 3598 864 3611 ’
912 3584 1006 3645 Τίς
1037 3586 1068 3655 ἡ
1099 3582 1246 3649 δεξιὰ
1279 3585 1462 3648 στάσις
1500 3589 1593 3641 καὶ
1639 3588 1763 3640 καθ-

209 3668 349 3740 έδρα
381 3672 472 3724 ἐπὶ
501 3672 596 3725 τοῦ
647 3674 851 3738 αἰτίους
909 3675 1210 3739 Ἀδυνατον,
1262 3676 1394 3746 ἔφη,
1430 3679 1562 3747 ἀκοῇ
1597 3697 1763 3748 μυστ-

207 3762 543 3829 αγωγεϊσοαι
579 3765 768 3819 ταῦτα.
819 3767 963 3836 Πρὸς
1007 3766 1037 3819 ὃ
1093 3766 1148 3820 δέ
1186 3785 1253 3838 με
1310 3770 1338 3820 ό
1379 3768 1538 3831 πόθος
1593 3765 1760 3833 εἷλκε,

208 3853 581 3920 προσαγαγεῖν
639 3854 717 3922 τῷ
789 3858 963 3926 καιρῷ
1035 3858 1225 3928 ἐκείνῳ
1303 3858 1548 3927 ἠρώτων,
1612 3859 1762 3913 οὔπω

208 3940 448 4011 ἔφραζεν
479 3943 632 4013 ἥκειν
655 3946 754 4014 τὴν
779 3944 948 4013 ὤραν,
975 3946 1041 3998 δι’
1071 3946 1302 4015 ἔλλειψιν
1346 3950 1509 4018 πυρὸς
1556 3949 1761 4018 ἀφθαρ-

211 4033 363 4095 σίας.
416 4033 596 4088 Ταῦτα
625 4036 733 4088 εἴτε
773 4036 869 4090 σὺν
906 4036 980 4106 τῷ
1012 4036 1096 4106 χοῖ
1124 4037 1222 4088 οὐκ
1245 4035 1359 4090 οἶδα
1379 4054 1392 4068 ·
1433 4038 1541 4090 εῑτε
1575 4039 1760 4090 τούτου

206 4125 404 4194 χωρὶς,
432 4125 605 4193 λέγειν
640 4127 720 4190 εἰς
748 4128 893 4180 ἅπαν
935 4127 1034 4180 οὐκ
1079 4128 1204 4198 ἔχω.
1237 4129 1481 4181 Χαλεπὸν
1528 4131 1616 4182 τὸν
1664 4131 1762 4200 τῆς

212 4215 563 4284 μεσημϐρίας
593 4218 1011 4284 ἀποτινάξασθαι
1041 4219 1202 4274 ὖπνον
1233 4222 1291 4272 ἐν
1342 4224 1460 4284 ταῖς
1520 4223 1761 4292 Οεριναῖς

211 4309 450 4377 μάλιστα
471 4306 677 4378 ὥραις·
727 4310 847 4362 τότε
877 4311 985 4379 γάρ
1038 4314 1132 4365 καὶ
1157 4313 1313 4382 μόνον
1362 4317 1489 4376 iam;
1537 4317 1596 4370 τὸ
1653 4318 1758 4368 τῶν

210 4398 416 4468 χειρῶν
459 4399 558 4452 οὐκ
604 4397 905 4468 ἀπόϐλητον
938 4401 1114 4472 ἔργον.
1161 4404 1372 4469 Ἐγνων
1424 4405 1512 4457 τὸν
1537 4405 1758 4473 ἀκηδίας

1875 1947 2105 2003 litariam
2158 1951 2372 2006 beatum
2424 1954 2801 2024 prasdicarent,
2852 1966 2905 2011 et
2942 1958 3124 2013 subito
3163 1959 3419 2028 cogitatio
3482 1943 3497 1958 ’

1872 2036 2091 2091 desidiae
2126 2054 2156 2092 a
2199 2055 2331 2094 vana
2370 2041 2538 2111 gloria
2577 2041 2755 2114 fugata
2803 2046 3048 2110 recessit,
3089 2060 3417 2114 magnopere

1872 2143 1958 2181 me
1986 2128 2286 2186 demirante
2318 2133 2460 2200 quod
2511 2134 2743 2190 trihulus
2772 2135 2875 2190 iste
2920 2150 3013 2190 seu
3055 2151 3206 2189 vana:
3231 2135 3416 2205 gloriae

1870 2217 2076 2272 daemon
2111 2221 2363 2277 omnibus
2408 2223 2692 2292 spiritibus
2738 2225 3131 2282 adversaretur.
3177 2223 3412 2280 Observa

1870 2310 2098 2380 singulis
2127 2311 2277 2366 horis
2305 2312 2553 2382 conjugis
2582 2331 2678 2369 seu
2704 2316 3110 2372 contubernalis
3135 2319 3208 2371 tui
3237 2327 3415 2371 motus

1867 2408 1921 2454 et
1951 2401 2344 2467 ventilationes,
2380 2405 2753 2475 subreptiones
2784 2418 2839 2461 et
2881 2418 3150 2462 momenta
3191 2408 3384 2462 inclina

1869 2493 2098 2556 tinuum,
2128 2501 2182 2548 et
2201 2495 2604 2564 conversiones,
2634 2498 2906 2566 quomodo
2939 2499 3193 2561 habeant,
3222 2515 3330 2568 quo
3359 2511 3414 2552 ct

1865 2592 2026 2646 quam
2050 2579 2103 2632 in
2134 2589 2340 2649 partem
2366 2593 2606 2650 vergant.
2630 2583 2732 2648 Qui
2759 2599 2857 2652 per
2879 2579 3139 2654 Spiritum
3167 2596 3412 2640 sanctum

1865 2669 2031 2723 animi
2071 2670 2513 2740 tranquillitatem
2560 2673 2787 2741 adeptus
2813 2683 2918 2737 est,
2966 2689 3076 2729 non
3118 2678 3286 2729 nescit
3312 2678 3410 2729 hoc

1867 2761 2144 2815 theorema
2200 2775 2292 2816 seu
2336 2761 2848 2817 considerationem.
2901 2761 3157 2832 Princeps
3216 2765 3411 2832 quieta:

1864 2849 2172 2905 solitudinis
2218 2850 2456 2905 studium
2503 2860 2608 2916 est,
2652 2861 2712 2906 ut
2739 2852 3050 2907 solitudinis
3094 2853 3268 2907 cultor
3296 2868 3413 2906 om-

1864 2941 2024 2996 nibus
2063 2941 2210 2998 curis
2237 2957 2359 3012 qua:
2387 2943 2598 3012 negotia
2627 2941 2957 3012 przeceduut,
2989 2945 3102 2999 sive
3124 2944 3214 2998 illa
3251 2945 3412 2999 ratio-

1863 3029 1948 3083 nis
1989 3031 2117 3095 sint,
2142 3031 2254 3084 sive
2283 3046 2390 3084 non
2419 3031 2529 3086 sint
2573 3042 2743 3087 vacet.
2796 3031 2966 3103 (Nam
2999 3034 3092 3102 qui
3145 3035 3412 3103 prioiibns

1863 3120 2067 3174 aditum
2092 3120 2316 3184 dederit,
2343 3121 2396 3174 in
2433 3123 2783 3191 sequentibus
2824 3124 3063 3188 haerebit,
3095 3133 3150 3177 et
3191 3127 3412 3177 omnino

1865 3208 2312 3276 cadet.)Alterum
2341 3225 2475 3279 opus
2488 3221 2570 3264 est
2589 3211 2816 3281 impigra
2839 3212 3011 3266 oratio
3042 3230 3056 3264 :
3085 3216 3318 3275 tertium,
3339 3215 3411 3265 in-

1863 3297 2128 3354 violabilis
2162 3299 2340 3354 cordis
2369 3301 2509 3355 actio
2545 3300 2685 3354 Fieri
2708 3315 2802 3368 per
2818 3309 3064 3354 naturam
3087 3316 3196 3356 non
3213 3311 3409 3372 potest,

1863 3398 1925 3442 ut
1951 3404 2144 3459 expers
2165 3390 2464 3445 litterarum
2488 3391 2541 3445 in
2563 3391 2712 3446 libris
2739 3406 2798 3446 se
2817 3401 3101 3448 exerceat:
3127 3394 3217 3446 sed
3240 3395 3409 3448 multo

1864 3479 2063 3546 minus,
2086 3480 2258 3549 utqui
2285 3480 2459 3549 primo
2483 3489 2648 3543 caret,
2688 3481 2797 3535 duo
2828 3480 2993 3536 altera
3030 3497 3124 3550 per
3147 3482 3407 3536 rationem
3490 3547 3499 3557 .

1867 3572 2140 3638 acquirat;
2192 3568 2427 3624 medium
2474 3579 2760 3624 assecutus
2816 3570 2871 3624 in
2917 3570 3108 3625 mediis
3159 3571 3406 3632 constiti,

1863 3670 1914 3713 et
1958 3658 2228 3731 [angelus]
2264 3660 2532 3714 sitientem
2566 3659 2943 3714 illuminabat.‘
2965 3659 3030 3714 Et
3059 3675 3183 3714 ecce
3219 3675 3409 3716 rursus

1863 3763 2009 3802 erant
2056 3749 2193 3801 inter
2222 3749 2374 3811 illos,
2423 3762 2652 3816 cumque
2712 3760 2985 3817 rogassem
3046 3748 3176 3818 quid
3247 3749 3408 3803 fuerit

1865 3845 1988 3889 ante
2040 3836 2416 3905 aspectabilem
2464 3837 2519 3888 in
2557 3836 2650 3889 illo
2693 3835 2981 3905 (Christo)
3012 3835 3273 3895 formam.
3306 3838 3404 3890 do-

1862 3941 1986 3980 cere
2026 3940 2113 3978 me
2147 3941 2253 3979 non
2304 3925 2508 3994 potuit,
2561 3940 2659 3980 nec
2699 3924 2977 3978 sinebatur
3024 3924 3112 3977 ille
3162 3924 3409 3992 princeps

1866 4017 2110 4086 (angelus
2150 4015 2383 4086 nempe.)
2417 4014 2553 4070 Tum
2607 4017 2861 4085 rogabam
2905 4026 2962 4070 ut
3003 4015 3221 4078 dioeret,
3271 4031 3408 4084 qun-

1864 4111 2024 4165 modo
2056 4124 2200 4165 nunc
2244 4118 2387 4165 esset
2417 4107 2704 4181 [haberet].
2747 4107 2801 4161 ln
2833 4108 3084 4177 propriis,
3112 4107 3408 4174 inquiebat,

1863 4199 2023 4272 415
2057 4201 2147 4256 sed
2182 4215 2286 4254 non
2322 4200 2426 4254 liis.
2463 4199 2599 4252 Tum
2637 4215 2780 4269 ego:
2815 4199 2943 4264 Qua:
2998 4207 3083 4251 est
3137 4207 3191 4251 et
3237 4200 3412 4266 qualis

1865 4295 1954 4346 illa
1978 4293 2042 4346 ad
2073 4292 2333 4354 dextram,
2361 4291 2562 4345 Christi
2619 4290 2852 4344 auctoris
2906 4289 3067 4342 statio
3100 4298 3154 4342 et
3213 4292 3410 4343 sedes?

1865 4383 2008 4448 Haec,
2043 4384 2238 4452 inquit,
2270 4388 2418 4438 auris
2450 4383 2678 4436 humana
2724 4380 2903 4435 doceri
2937 4397 3044 4436 non
3089 4389 3278 4460 potest.
3332 4381 3407 4452 (a)

208 4488 443 4558 δαίμονα
482 4489 844 4559 προποιοῐΝτα
879 4491 974 4543 καὶ
1027 4492 1477 4560 προοδοποιΟὖντα
1521 4472 1753 4562 τὸνγτῆς

1866 4475 2140 4544 Rugabam
2173 4491 2300 4544 ergo
2330 4486 2389 4528 ut
2417 4490 2502 4528 me
2549 4473 2615 4526 ad
2668 4472 2720 4525 id
2777 4473 3061 4527 occasione
3124 4475 3410 4528 deduceret

210 4581 494 4650 πορνείας,
522 4583 608 4635 ἵνα
648 4581 882 4653 ἰσχυρῶς
923 4581 985 4635 τὸ
1042 4583 1198 4652 σῶμα
1235 4583 1488 4646 ἑλκύσας,
1542 4588 1632 4638 καὶ
1684 4587 1761 4654 τῷ

213 4670 374 4741 ὕπνῳ
433 4671 718 4742 βαπτίσας,
773 4673 964 4746 ὥσπερ.
1005 4676 1132 4737 τοὺς
1198 4676 1497 4746 μολυσμοίκ,
1547 4679 1603 4728 ἐν
1653 4681 1761 4734 τοῖς

213 4760 578 4834 ἡσυχάζουσιν
609 4765 924 4836 ἐργάσηται.
969 4766 1094 4819 Ἐὰν
1131 4767 1379 4838 ἀντιστῇς
1411 4767 1590 4830 αὐτοῖς
1623 4771 1762 4838 ίσχυ-
1808 4828 1809 4836 γ

216 4849 354 4920 ρῶς,
381 4849 744 4920 πολεμήσουσι
769 4851 828 4905 ατε
847 4854 1060 4935 πάντως
1079 4857 1370 4926 κραταιῶς,
1409 4856 1472 4908 ἵν’
1493 4856 1566 4918 ὡς
1597 4858 1761 4926 μηδὲν

213 4941 524 5011 ὠφιλοῦπσ
541 4982 556 5004 ,
581 4941 827 4997 παύσωσι
849 4945 955 5014 τῶν
977 4945 1219 5015 ἀγώνων.
1251 4947 1412 5002 Οὐδὲν
1435 4948 1488 5000 δὲ
1512 4948 1609 5016 τὴν
1656 4950 1761 5002 τῶν
1787 4989 1807 5001 ..

212 5034 487 5104 δαιμόνων
514 5028 704 5105 ἧτταν,
725 5032 801 5096 ὡς
825 5033 962 5103 ὅπερ
991 5032 1169 5090 αὐτῶν
1201 5037 1336 5107 πρὸς
1362 5038 1505 5106 ἡμᾶς
1534 5037 1759 5106 χαλεπὸς

214 5123 454 5193 πόλεμος
477 5122 806 5188 ἐνδείξασθαι
837 5123 1079 5182 δύναται.
1142 5128 1228 5181 Ἐν
1263 5132 1380 5192 ταῖς
1427 5129 1668 5199 προόδοις
1693 5132 1762 5184 τὰ

218 5216 552 5286 συναχθέντα
579 5214 808 5286 φύλαττε
830 5215 968 5286 (17)·
997 5218 1099 5287 τῆς
1124 5219 1291 5290 θύρας
1336 5223 1442 5290 γὰρ
1479 5221 1760 5292 ἀνοιγομέ-

215 5321 320 5374 νης
336 5306 393 5357 αι
419 5307 798 5362 κατάκλειστοι
816 5305 966 5376 ὅρνις
982 5307 1258 5367 πέτανται.
1285 5311 1392 5366 Καὶ
1419 5310 1536 5363 τότε
1555 5310 1758 5381 λοιπὸν,

214 5389 484 5463 οὖᾶντῆς
500 5396 727 5467 ἡσυχίας
747 5393 1122 5467 ὡφελήθημεν.
1147 5400 1334 5469 Μικρὰ
1355 5401 1472 5469 θρὶξ
1500 5407 1759 5470 ταράσσει

213 5477 521 5551 ὀφθαλμὸν.
563 5485 654 5538 καὶ
703 5477 872 5557 μικρὰ
933 5490 1150 5556 φροντὶς
1209 5489 1455 5558 ἀφανίζει
1511 5492 1756 5560 ἡσυχίαν.

1864 4583 1972 4638 quo
2006 4583 2090 4621 me
2125 4567 2448 4622 desiderium
2483 4562 2744 4618 trahebat.
2776 4560 3047 4624 Nondum,
3079 4565 3270 4632 inquit,
3318 4573 3407 4614 ve-

1867 4665 1944 4715 nit
1979 4662 2132 4722 hora,
2166 4668 2381 4729 propter
2411 4654 2761 4709 defectionem
2794 4655 2932 4726 ignis
2963 4653 3405 4722 incorruptionis.

1867 4754 1989 4810 Ihec
2031 4769 2096 4806 an
2125 4753 2176 4805 in
2202 4764 2428 4818 corpore
2457 4763 2523 4800 an
2557 4757 2708 4802 extra
2753 4747 2946 4816 corpus
2972 4747 3107 4802 facta
3139 4749 3264 4808 sint,
3312 4759 3411 4800 nec

1868 4849 2002 4910 scio,
2035 4858 2132 4898 nec
2178 4843 2399 4895 omnino
2457 4839 2628 4895 habeo
2653 4841 2851 4895 dicere.
2886 4839 3109 4893 Difficile
3162 4847 3246 4891 est
3313 4856 3410 4914 po-

1866 4937 2220 4993 meridianum
2253 4948 2503 4987 somnum
2544 4933 2838 5002 praesertim
2875 4930 3073 4985 aestivis
3123 4929 3271 4982 horis
3321 4946 3413 4985 ar-

1865 5043 2007 5085 cere.
2041 5025 2194 5079 Tunc
2238 5026 2403 5086 enim,
2442 5036 2495 5079 et
2523 5024 2750 5079 fortasse
2781 5030 3016 5084 tantum,
3041 5021 3247 5090 aliquid
3280 5021 3409 5091 ope-

1866 5121 1942 5176 ris
1967 5132 2125 5172 manu
2157 5116 2456 5170 faciendum
2482 5124 2584 5170 est.
2659 5113 2792 5170 Novi
2835 5129 2934 5182 ego
2983 5111 3231 5181 spiritum
3285 5129 3406 5170 ace-

1862 5213 1962 5268 dia:
1993 5209 2314 5280 praecedere,
2341 5221 2394 5264 et
2429 5210 2568 5262 viam
2608 5207 2816 5260 munire
2844 5205 3056 5275 spiritui
3090 5204 3406 5260 fornicatio-

1861 5305 1965 5367 nis,
1995 5311 2052 5355 ut
2089 5317 2288 5372 corpus
2328 5301 2498 5355 valide
2534 5299 2728 5361 trahat,
2766 5305 2819 5350 et
2842 5311 3034 5351 somno
3071 5312 3236 5367 prope
3268 5296 3403 5349 irri—

1863 5403 1967 5466 get,
2001 5403 2054 5447 et
2086 5395 2232 5448 velut
2256 5410 2348 5463 per
2392 5392 2656 5448 somnium
2697 5389 2751 5442 in
2785 5389 3183 5458 quiescentibus
3222 5387 3401 5455 inqui-

1865 5500 1971 5545 net.
2002 5487 2154 5554 Quod
2185 5491 2231 5544 si
2273 5488 2354 5542 his
2393 5486 2588 5546 acriter
2618 5494 2672 5535 ct
2701 5481 2911 5537 fortiter
2942 5481 3244 5535 obluctatus
3288 5475 3402 5530 fue-

283 5693 364 5769 (α)
386 5699 469 5747 αα
498 5693 662 5769 μορε
683 5696 993 5769 _obscu_r_um
1046 5696 1386 5769 locum__vide
1431 5696 1562 5769 quid
1613 5699 1758 5758 Elias
1787 5698 2059 5757 Cretensis
2128 5698 2266 5757 dicat
2293 5693 2346 5749 in
2367 5682 2748 5747 commentario
2775 5703 2932 5759 quem
2974 5684 3097 5740 inde
3150 5681 3406 5750 deprom-

212 5764 318 5836 μί,
340 5763 397 5820 ct
432 5763 657 5822 scholiis
680 5764 822 5825 inter
851 5766 919 5822 16
939 5775 999 5824 et
1047 5766 1109 5823 l7
1171 5767 1413 5839 adiunxi.

813 6037 872 6066 ,β’

726 6067 809 6124 /,
