4032 6340
281 442 415 510 1113

1197 443 1420 512 SCALA
1462 450 1832 511 PARADISI.
1866 476 1932 483 —
1962 450 2263 510 GRADUS
2299 450 2525 511 XXVII.

3319 452 3455 519 1114

268 558 509 619 εὐσεϐῶς
539 556 837 629 ῥᾳθύμους
874 558 1002 620 ἴσως
1025 557 1131 628 γὰρ
1161 559 1220 610 ὲκ
1240 557 1335 627 τῆς
1370 556 1545 625 λύπης
1584 553 1677 607 τοῦ
1715 570 1803 620 γυ-

1918 553 2195 607 litudinem
2236 553 2635 620 suntingressi,
2685 554 2922 608 excitam
2971 564 3031 609 ut
3084 558 3149 610 ad
3198 573 3353 614 veros
3398 574 3454 618 et

269 647 455 719 ρεύειν
484 650 794 703 παύσονται.
829 650 968 721 Ὅρα
1004 651 1077 719 μὴ
1116 648 1209 701 τοῦ
1240 647 1633 718 προειρημένου
1683 662 1807 698 σκο-

266 739 374 792 ποῦ
415 741 719 811 χάριν.εἰκῆ
742 740 987 814 λυπήσῃς
1030 740 1203 811 ψυχὴν
1222 739 1355 810 (26),
1400 738 1539 808 ὕδωρ
1563 740 1627 790 ὲκ
1653 736 1809 806 δίψης

264 831 569 899 ἐρχομένην
632 830 779 899 παρὰ
851 830 943 882 σοῦ
995 828 1317 900 ἀρύσασθαι.
1389 827 1474 879 Ἐν
1533 826 1691 878 παντὶ
1751 824 1809 877 δὲ

264 920 463 989 λύχνου
492 937 569 972 σοι
595 921 710 973 δέον
732 939 746 951 ·
800 930 911 990 βίος
966 919 1355 989 ἡσυχαζόντων,
1391 917 1583 986 μᾶλλον
1619 915 1674 968 δὲ
1718 931 1809 984 μο-

260 998 535 1072 ναζόντων
580 1011 717 1063 κατὰ
778 1011 1077 1079 συνείδησιν
1100 1009 1211 1077 (27)
1257 1008 1351 1060 καὶ
1379 1006 1627 1075 αἴσθησιν
1665 1003 1809 1072 γινέ-

263 1099 381 1151 σθω
408 1117 421 1129 ·
455 1102 484 1152 6
537 1100 678 1168 λόγῳ
726 1100 934 1169 τρέχων
990 1099 1059 1151 τὰ
1104 1098 1542 1169 ἐπιτηδεύματα,
1603 1096 1696 1148 καὶ
1740 1092 1809 1146 τὰ

261 1188 685 1259 ἀποφθέγματα,
730 1192 821 1242 καὶ
863 1192 929 1242 τά
972 1190 1338 1259 ἐνθυμήματα,
1369 1190 1463 1241 καὶ
1496 1187 1563 1239 τὰ
1618 1186 1807 1255 διαϐή-

265 1295 437 1346 ματα,
467 1281 557 1333 καὶ
582 1282 647 1333 τὰ
676 1280 945 1349 κινήματα
973 1280 1145 1332 πάντα
1196 1280 1331 1332 κατὰ
1352 1278 1570 1349 Κύριον,
1601 1277 1693 1329 καὶ
1720 1276 1809 1329 διὰ

261 1368 468 1439 Κύριον
500 1371 647 1440 αὐτῷ
671 1372 1089 1441 ἐπιτηδευόμενα
1122 1373 1178 1424 ὲν
1203 1371 1446 1440 αἰσθήσει
1476 1367 1671 1438 ψυχῆς,
1713 1368 1807 1420 καὶ

258 1461 539 1534 προσώπῳ
568 1463 769 1532 Κυρίου
806 1462 1090 1531 ἐργάζεται
1112 1479 1124 1493 ο
1152 1463 1198 1513 εί
1237 1461 1291 1513 δὲ
1317 1460 1621 1519 κλέπτεται,
1656 1454 1809 1509 οῦπω

258 1552 405 1605 κατὰ
450 1554 651 1623 ἀρετὴν
698 1553 1055 1606 πολιτεύεται.
1112 1552 1371 1616 Ἀνοίξω,
1431 1550 1560 1619 φησί
1606 1565 1709 1609 τις,
1737 1547 1807 1599 ἐν

255 1643 571 1709 ψαλτηρίῳ
602 1644 669 1695 τὸ
694 1642 1003 1712 πρόϐλημά
1024 1660 1163 1711 μου,
1194 1644 1286 1694 καὶ
1321 1641 1380 1693 τὸ
1410 1639 1651 1709 βούλημὰ
1682 1656 1802 1706 μου,

255 1733 344 1786 δκὶ
368 1733 434 1785 τδ
462 1733 643 1797 ἀτελὲς
662 1734 742 1787 ἔτι
772 1736 865 1804 τῆς
891 1734 1209 1804 διακρίσεως
1230 1748 1245 1764 ο
1278 1731 1384 1799 ἐγὼ
1407 1732 1462 1784 δὲ
1490 1731 1683 1783 ἀνοίσω
1718 1728 1804 1780 διὰ

257 1824 567 1894 προσευχῆς
593 1826 655 1878 τὸ
685 1824 892 1895 θέλημά
922 1840 1021 1891 μου
1048 1823 1180 1894 (28),
1210 1821 1457 1875 κάκεῖθεν
1484 1822 1581 1891 τὴν
1610 1819 1806 1889 πληρο-

256 1916 456 1984 φορίαν
495 1933 592 1985 μου
653 1915 957 1984 ἐκδέξομαι.
1002 1915 1187 1978 Πίστις
1233 1913 1427 1983 πτερὸν
1464 1912 1802 1983 προσευχῆς.
1839 1901 1880 1955 Β

253 2004 415 2055 τοῦτο
469 2005 579 2074 γὰρ
633 2005 707 2074 μὴ
772 2005 985 2075 ἔχουσα,
1044 2005 1227 2059 πάλιν
1288 2007 1375 2069 εὶς
1418 2006 1644 2057 κόλπον
1687 2018 1803 2071 μου

254 2096 785 2164 ἀποστραφήσεται
804 2113 819 2128 ·
850 2096 1026 2159 πίστις
1049 2097 1194 2150 ἐστὶν
1223 2096 1588 2156 ἁνενδοίαστος
1628 2093 1803 2163 ψυχῆς

257 2186 473 2249 στάσις,
539 2186 644 2238 ὑπὸ
708 2187 960 2256 οὐδεμιᾶς
1022 2187 1388 2256 ἐναντιότητος
1449 2183 1799 2252 κλονουμένη.

256 2277 456 2340 Πιστός
481 2279 644 2342 ἐστιν,
680 2278 777 2347 οὐχ
820 2280 850 2330 6
889 2277 1131 2344 οἰόμενος
1159 2277 1289 2329 Θεὸν
1328 2275 1604 2337 δύνασθαι,
1635 2273 1748 2326 ἀλλ’
1775 2274 1803 2325 6

253 2368 528 2421 πιστεύων
556 2368 769 2421 πάντων
797 2364 1061 2431 τεύξεται.
1103 2366 1291 2427 Πίστις
1313 2365 1428 2417 ἐστὶ
1467 2363 1801 2416 ἀνελπίστων

254 2459 537 2527 πρόξενος,
586 2458 677 2511 καὶ
728 2456 885 2509 τοῦτο
929 2459 956 2509 6
1004 2455 1205 2529 λῃστὴς
1250 2454 1517 2514 ἀπέδειξε.
1562 2453 1801 2516 Πίστεως

258 2551 441 2617 μήτηρ
475 2548 687 2619 μόχθος,
716 2549 808 2600 καὶ
853 2547 1011 2617 εὐθὴς
1064 2547 1286 2617 καρδία⁸
1318 2547 1351 2615 ή
1404 2545 1500 2615 μὲν
1542 2545 1647 2615 γὰρ
1694 2544 1801 2597 ἀδί-

256 2658 489 2694 στακτον
520 2644 695 2694 ποιεῖ·
723 2642 751 2694 6
784 2642 840 2694 δὲ
861 2641 1209 2711 δημιουργεῖ·
1264 2637 1576 2708 ἠσυχαστῶν
1624 2638 1800 2706 μήτηρ

254 2733 468 2801 πίστις’
501 2734 550 2785 εί
589 2732 662 2803 μὴ
713 2733 821 2801 γὰρ
872 2730 1300 2799 πιστεύσει(⁴29),
1357 2731 1473 2792 πῶς
1505 2731 1798 2799 ἡσυχάσει;

253 2826 311 2875 ἐν
342 2826 532 2893 εἱρκτῇ
582 2824 853 2892 πεδηθεὶς,
904 2822 1067 2890 φόϐον
1114 2820 1424 2883 κολάζοντος
1481 2822 1703 2873 δέδοικε.
1743 2821 1801 2870 '0

253 2916 310 2967 δὲ
338 2917 397 2967 ὲν
439 2914 597 2984 κέλλῃ
660 2915 880 2984 ἠρεμῶν
930 2914 1091 2983 φόϐον
1142 2913 1343 2981 Κυρίου
1408 2914 1645 2964 τέτοκεν.
1692 2913 1800 2980 Οὐχ

252 3004 426 3068 οὕτως
462 3008 491 3058 6
519 3006 777 3076 πρότερος
814 3005 873 3058 τὸ
902 3005 1267 3075 δικαστήριον,
1291 3004 1365 3067 ὡς
1397 3005 1425 3055 6
1452 3004 1697 3074 δεύτερος
1741 3003 1800 3056 τὸ

252 3092 348 3145 τοῦ
384 3092 571 3163 κριτοῦ
601 3096 880 3164 κριτήριον
905 3094 1160 3148 δέδοικεν.

1908 643 2086 711 justos
2114 644 2465 697 anaehoretas
2512 642 2704 710 saepius
2750 645 2964 705 adeam.
3009 654 3065 699 ιιι
3086 647 3454 717 pugilesChrt-

1910 735 1979 789 sti
2023 750 2117 803 per
2158 736 2274 789 illos
2305 750 2526 791 errones
2570 736 2653 789 vel
2685 736 2952 791 modicum
2981 740 3049 792 ab
3094 741 3287 797 studiis
3338 744 3452 800 suis

1911 826 2123 893 pietatis
2153 824 2460 895 impediant.
2496 825 2605 881 llos
2642 836 2696 881 tu
2740 842 2993 895 vagones,
3034 829 3174 884 bone
3219 834 3321 897 vir,
3351 835 3453 889 ob-

1912 931 2087 979 serva,
2128 932 2225 971 nec
2254 932 2443 971 recusa
2506 916 2669 971 hosce
2733 918 2928 972 inertes
2976 921 3063 988 pie
3112 924 3450 991 contristare,

1913 1005 2139 1062 fortasse
2157 1008 2299 1061 enim
2334 1023 2399 1061 ex
2430 1008 2641 1062 tristitia
2675 1009 2776 1063 hac
2832 1010 3255 1069 circumeursare
3280 1024 3333 1069 et
3354 1031 3451 1071 va—

1911 1097 2024 1167 gari
2051 1097 2319 1151 desinent.
2352 1096 2493 1150 Cave
2524 1106 2700 1150 tamen
2734 1113 2801 1152 ne
2844 1114 2909 1152 ex
2943 1102 3230 1157 occasione
3280 1104 3454 1161 dicto-

1912 1205 2029 1243 rum
2062 1190 2296 1244 animam
2338 1199 2535 1243 temere
2568 1190 2782 1243 tristitia
2814 1191 3039 1261 allligas,
3071 1209 3189 1261 quae
3261 1197 3453 1252 sitiens

1913 1281 1977 1335 ad
2024 1296 2216 1349 aquam
2244 1282 2364 1335 vitae
2397 1280 2743 1334 hauriendam
2775 1283 2840 1335 ad
2881 1292 2931 1336 te
2964 1284 3126 1339 venit.
3166 1284 3223 1338 lu
3271 1290 3449 1341 omni-

1913 1372 2017 1426 bus
2046 1372 2140 1425 tibi
2180 1373 2398 1426 lucerna
2433 1371 2774 1445 discretionis
2804 1390 2939 1441 opus
2981 1384 3082 1428 est.
3118 1374 3235 1431 Vita
3264 1380 3449 1432 solita-

1912 1466 2113 1518 riorum
2131 1464 2213 1517 vel
2243 1463 2419 1533 potius
2447 1464 2826 1517 monachorum
2851 1479 2943 1532 per
2973 1466 3351 1520 conscientiam
3398 1479 3451 1522 et

1910 1568 2094 1608 verum
2128 1553 2305 1606 cordis
2348 1552 2511 1624 418
2543 1566 2756 1606 sensum
2794 1563 3026 1622 regatur.
3046 1553 3145 1618 Qui
3174 1556 3312 1609 viam
3343 1556 3449 1621 Do-

1912 1646 2042 1698 mini
2068 1659 2189 1698 cum
2236 1645 2445 1697 ratione
2470 1645 2660 1707 currit,
2690 1644 2869 1697 omnia
2912 1660 3007 1697 sua
3035 1646 3235 1711 studia,
3266 1651 3449 1713 verba,

1911 1737 2278 1805 cogitationes,
2311 1735 2572 1799 incessus,
2609 1744 2787 1789 motus
2818 1736 2882 1788 ad
2909 1737 3165 1790 amussim
3210 1738 3449 1793 divinam

1911 1827 2204 1894 componit,
2237 1834 2287 1880 et
2308 1825 2485 1878 omnia
2524 1835 2742 1893 propter
2779 1823 3061 1879 Dominum
3091 1827 3188 1895 ipsi
3223 1827 3480 1883 Domino’

1910 1927 2164 1986 operatus
2193 1918 2245 1971 in
2286 1931 2409 1970 vero
2434 1915 2612 1969 cordis
2642 1930 2803 1969 sensu
2840 1932 3021 1971 coram
3064 1919 3153 1972 Dei
3188 1920 3322 1973 facie
3354 1934 3453 1974 ex-

1908 2009 2170 2077 sequitur.
2203 2008 2261 2063 Si
2316 2019 2493 2061 autem
2532 2006 2735 2060 fallitur
2773 2018 2826 2060 et
2866 2006 3158 2075 deluditur,
3213 2011 3449 2065 nondum

1908 2115 1973 2153 ex
2005 2100 2217 2152 virtutis
2248 2099 2560 2168 praescripto
2584 2098 2733 2151 vivit.
2789 2098 3052 2165 Aperiunt,
3102 2101 3278 2170 inquit
3336 2103 3444 2167 ille,

1908 2188 2225 2257 inpsalterio
2249 2188 2647 2256 proposition»:
2670 2204 2854 2253 meam,
2889 2196 2942 2241 et
2956 2188 3241 2242 consilium
3271 2207 3447 2246 meum

1907 2282 1976 2335 ob
2010 2280 2371 2349 imperfectam
2419 2281 2593 2334 adhuc
2634 2280 3031 2335 discretionem.
3099 2280 3211 2351 Ego
3268 2294 3445 2339 autem

1907 2372 2127 2427 offeram
2155 2386 2246 2439 per
2283 2372 2580 2424 orationem
2602 2371 2930 2425 voluntatem
2968 2387 3162 2439 meam,
3228 2383 3283 2428 et
3325 2374 3449 2431 inde

1906 2476 1992 2513 me
2024 2442 2331 2513 exauditum
2371 2476 2487 2515 esse
2510 2471 2715 2515 certum
2748 2470 2939 2514 testem
2979 2472 3033 2516 et
3081 2464 3335 2517 indicium
3364 2480 3452 2518 ac-

1906 2550 2117 2618 cipiam.
2151 2547 2304 2603 Fides
2350 2550 2434 2602 ala
2478 2558 2559 2604 est
2615 2550 2894 2614 orationis,
2949 2567 3052 2621 qua
3107 2553 3151 2607 si
3200 2568 3447 2619 caruero,

1906 2643 2069 2697 oratio
2103 2658 2213 2694 mea
2240 2642 2290 2693 in
2312 2642 2483 2694 sinum
2526 2657 2694 2693 meum
2725 2652 2999 2717 revertetur
3048 2644 3115 2698 ’⁸.
3150 2644 3306 2701 Fides
3367 2656 3453 2702 est

1908 2734 2245 2790 ﬁrmissimus
2278 2734 2470 2787 anima:
2502 2742 2699 2796 status,
2735 2742 2794 2785 ut
2835 2734 2995 2789 nullis
3039 2735 3200 2790 rebus
3259 2738 3451 2792 adver-

1906 2828 1981 2882 sis
2036 2826 2357 2881 commoveri
2397 2826 2584 2894 possit.
2616 2825 2813 2880 Fidelis
2859 2835 2975 2891 est,
3013 2841 3117 2880 non
3163 2828 3253 2897 qui
3302 2838 3455 2898 putat

1906 2916 2073 2971 Deum
2120 2916 2298 2969 omnia
2332 2932 2508 2983 posse,
2540 2908 2630 2969 sed
2665 2917 2757 2984 qui
2790 2918 2980 2981 credit,
3018 2934 3077 2973 se
3101 2921 3280 2973 omnia
3308 2919 3453 2990 (qua:

1905 3006 2059 3076 petit)
2102 3014 2539 3059 consecuturum.
2585 3003 2743 3058 Fides
2773 3014 2857 3058 est
2918 3021 3095 3059 rerum
3154 3010 3453 3076 insperata-

1901 3113 2020 3154 rum
2042 3096 2254 3167 pignus,
2282 3095 2422 3163 quod
2454 3095 2594 3146 latro
2622 3094 2711 3148 ille
2739 3096 3126 3164 comprobavit.
3158 3096 3305 3151 Fidei
3332 3113 3453 3166 pro-

251 3186 489 3239 creatrix
522 3195 607 3240 est
672 3187 844 3252 labor,
882 3174 961 3240 eti
996 3202 1089 3241 cor
1155 3196 1397 3243 rectum:
1440 3189 1541 3244 hoc
1591 3190 1733 3242 enim
1787 3199 2121 3245 constantem
2150 3196 2203 3242 et
2256 3187 2468 3240 ﬁrmum
2508 3186 2654 3247 facit,
2711 3187 2796 3239 ille
2832 3201 2957 3241 vero
3015 3185 3191 3240 elIicit.
3245 3185 3450 3242 Solita-

250 3276 467 3330 riorum
506 3291 700 3344 parens
732 3285 811 3331 est
861 3277 991 3331 fides
1031 3295 1044 3331 :
1079 3278 1125 3330 si
1156 3279 1297 3332 enim
1345 3294 1450 3332 non
1499 3282 1800 3347 crediderit,
1840 3280 2109 3351 quomodo
2173 3278 2514 3334 solitudinem
2584 3277 2762 3331 colet?
2802 3276 2857 3329 In
2906 3290 3121 3331 carcere
3173 3276 3451 3346 compedi’

252 3368 357 3422 bus
386 3368 665 3423 districtus
710 3368 945 3437 judieem
1007 3373 1207 3423 metuit.
1259 3371 1360 3435 Qui
1404 3387 1532 3424 vero
1580 3371 1636 3423 iu
1703 3374 1837 3425 cella
1873 3369 2117 3440 quiescit,
2189 3368 2472 3421 Dominum
2544 3369 2714 3421 timet.
2783 3366 2897 3421 Non
2949 3377 3056 3421 tam
3112 3370 3453 3422 vehementer

252 3464 342 3519 ille
373 3466 549 3519 locum
576 3462 766 3534 judicii
793 3462 1123 3527 reformidat,
1148 3479 1307 3532 quam
1338 3464 1435 3518 iste
1457 3465 1691 3532 supremi
1722 3464 1924 3532 judicis
1966 3462 2220 3516 tribunal.

320 3557 491 3610 Φόϐου
519 3575 599 3610 σοι
625 3557 819 3611 πολλοῦ
850 3554 971 3608 καθ’
1002 3555 1231 3625 ἡσυχίαν
1264 3556 1390 3627 χρὴ,
1422 3550 1465 3608 ὧ
1486 3556 1784 3626 ,θαυμάσιεσ

1964 3553 2155 3623 Magno
2184 3552 2297 3615 tibi,
2328 3553 2406 3605 vir
2448 3552 2778 3617 admirande,
2843 3566 2979 3620 opus
3036 3558 3116 3606 est
3173 3552 3365 3607 timore
3392 3554 3451 3610 in

249 3650 401 3702 οὐδὲν
446 3652 553 3721 γὰρ
589 3647 759 3711 οῦτως
804 3648 1032 3716 ἁκηδίαν
1094 3646 1370 3700 ὲκδιώκειν
1418 3647 1634 3699 δύναται
1662 3645 1793 3716 (50).

264 3742 524 3804 Ἀτενίζει
565 3741 661 3810 μὲν
711 3740 1040 3817 κατάκριτος
1068 3740 1156 3791 διὰ
1207 3740 1425 3804 παντὸς,
1478 3740 1605 3791 πότε
1639 3741 1693 3791 ἐν
1723 3736 1799 3808 τῷ

250 3830 612 3900 δεσμωτηρίῳ
670 3830 700 3880 6
752 3829 944 3899 κριτὴς
994 3829 1368 3896 παραγίνεται·
1425 3830 1452 3879 ὁ
1507 3829 1564 3880 δὲ
1633 3828 1798 3890 ὅντως

250 3921 509 3989 ἐργάτης,
540 3920 669 3971 πότε
700 3918 728 3970 ὁ
756 3918 1092 3985 κατεπείγων
1124 3918 1417 3970 ἐλεύσεται.
1443 3918 1797 3985 Δεδέσμευται

250 4012 326 4082 τῷ
354 4011 602 4082 προτέρῳ
650 4010 869 4082 φορτίον
922 4008 1125 4079 λύπης·
1157 4008 1233 4077 τῷ
1276 4008 1333 4059 δὲ
1385 4009 1619 4077 δευτέρῳ
1649 4006 1797 4075 πηγὴ

249 4104 521 4175 δακρύων.
608 4104 732 4155 Ἐὰν
778 4104 979 4174 κτήσῃ
1024 4102 1297 4171 ὑπομονῆς
1339 4098 1550 4167 ῥάϐδον,
1608 4098 1798 4150 θᾶττον

252 4194 610 4263 ὐπολήξουσιν
646 4193 696 4245 oi
723 4192 881 4254 κύνες
907 4190 1301 4245 ἀναιδεύεσοαι.
1343 4189 1613 4258 ’Υπομονή
1652 4190 1796 4240 ἐστιν

251 4286 552 4355 ἄθραυστος
616 4281 774 4343 πόνος
830 4281 1030 4350 ψυχῆς,
1110 4281 1201 4333 ὑπ’
1261 4278 1517 4347 εὐλόγων,
1576 4277 1795 4331 κτύπων

253 4375 520 4444 μηδαμῶς
565 4373 917 4443 σαλευομένη.
974 4372 1398 4441 ’Υπομονητικός
1451 4368 1596 4423 ἐστιν
1634 4372 1797 4441 ἐργά-

250 4483 351 4535 της
391 4465 638 4527 ἄπτωτος
675 4463 824 4533 (51),
872 4462 965 4515 xui.
1013 4460 1101 4513 διὰ
1153 4464 1454 4532 πτωμάτων
1504 4461 1600 4531 τὴν
1646 4462 1798 4531 νίκην

253 4555 594 4624 ποιούμενος.
645 4554 918 4623 Ὑπομονή
954 4554 1100 4604 ἐστιν
1146 4553 1367 4621 ὁρισμὸς
1423 4553 1647 4618 θλίψεως
1677 4552 1794 4605 καθ’

252 4647 468 4719 ἡμέραν
526 4646 893 4716 ἐκδεχόμενος.
959 4643 1229 4713 ’Υπομονή
1286 4644 1401 4695 ἐστι
1477 4644 1797 4714 προφάσεων

251 4736 484 4805 ἐκκοπὴ,
515 4735 608 4787 καὶ
637 4734 813 4787 οἰκεία
836 4733 1072 4804 προσοχή
1096 4749 1108 4762 ’
1138 4733 1234 4800 οὐχ
1255 4730 1425 4793 οὕτως
1461 4731 1561 4799 τῆς
1598 4732 1791 4785 ἑαυτοῦ

250 4828 477 4899 τροφῆς,
505 4827 580 4889 ὼς
626 4826 922 4895 ὑπομονῆς,
950 4828 978 4879 6
1015 4824 1248 4895 ἐργάτης
1282 4808 1478 4877 δέεται.
1525 4822 1645 4875 Ἐπὶ
1696 4826 1793 4893 μὲν

548 4888 802 4989 δευτέρας
850 4888 1103 4987 λήψεται.⁷
1136 4888 1389 4982 στέφανον
1412 4931 1425 4944 ·
1468 4916 1560 4966 ἐπὶ
1604 4915 1661 4967 δὲ
1826 4888 1869 4943 D

254 5014 523 5083 προτέρας
566 5010 785 5079 δλεθρον
831 5008 1132 5077 κομίσεται.
1187 5006 1611 5077 ’Υπομονητικὸς
1655 5008 1794 5081 ἀνὴρ

252 5108 358 5175 πρὸ
400 5106 680 5175 μνήματος
720 5094 982 5170 τέθνηκεκ,
1029 5100 1215 5171 μνῆμα
1246 5098 1436 5151 ἑαυτοῦ
1463 5099 1558 5168 τὴν
1596 5101 1789 5156 κέλλαν

217 5195 231 5208 '
253 5198 641 5265 ποιησάμενος.
683 5191 985 5260 ’Υπομονὴν
1032 5190 1215 5244 ἔτεκεν
1247 5190 1397 5253 ὲλπὶς
1423 5189 1515 5243 καὶ
1562 5190 1754 5257 πένθος
1777 5211 1791 5224 ·

251 5290 280 5339 ὁ
308 5287 417 5358 γὰρ
452 5286 560 5338 τῶν
590 5285 684 5339 δύο
710 5282 897 5353 χωρἰς.
924 5282 1149 5351 ἀκηδίας
1174 5282 1376 5346 δοῦλος.

1900 3646 2183 3700 solitudine
2222 3662 2233 3696 :
2266 3644 2395 3695 nihil
2451 3644 2594 3697 enim
2640 3644 2911 3712 potentius
2963 3653 3044 3698 est
3089 3644 3153 3698 ad
3212 3645 3451 3699 acediam

1900 3738 2194 3807 pelleudam
2227 3747 2278 3790 ct
2319 3739 2762 3805 persequendam.
2812 3736 2956 3791 Reus
2988 3752 3197 3806 semper
3228 3739 3453 3793 circum-

1899 3829 2057 3897 spicit
2089 3845 2154 3881 an
2184 3827 2346 3895 judex
2379 3828 2557 3879 veniat
2618 3828 2683 3879 ad
2740 3842 3009 3880 carcerem
3041 3846 3053 3879 :
3118 3844 3277 3881 verus
3322 3844 3453 3884 vero

1896 3918 2172 3985 operarius
2200 3917 2411 3983 quando
2444 3915 2605 3984 419
2635 3926 2890 3968 venturus
2920 3915 3010 3979 sit,
3043 3916 3133 3983 qui
3158 3918 3305 3969 exire
3358 3919 3452 3983 (de

1898 4021 2112 4059 carcere
2164 4004 2421 4071 corporis)
2472 4005 2657 4069 jubeat
2713 4012 2767 4056 et
2832 4014 3036 4073 urgeat.
3076 4005 3245 4058 Reum
3296 4008 3446 4061 illum

1895 4111 2107 4165 semper
2133 4094 2417 4149 comitatur
2444 4095 2673 4149 tristitiae
2710 4096 2953 4164 pondus;
3004 4096 3304 4152 solitarium
3328 4098 3449 4155 fous

1896 4189 2276 4260 lacrymarum.
2306 4188 2361 4241 Si
2390 4190 2659 4258 patientiae
2702 4190 2905 4259 virgam
2955 4189 3291 4257 acquisieris,
3359 4208 3449 4245 ca-

1896 4297 1989 4336 nes
2044 4295 2163 4333 mox
2214 4280 2472 4335 desisteut
2516 4281 2878 4349 impudentius
2915 4280 3120 4335 ludere.
3183 4282 3446 4339 Patientia

1896 4383 1980 4427 est
2014 4373 2163 4433 labor
2188 4374 2280 4441 qui
2315 4389 2583 4441 nunquam
2626 4372 2823 4439 frangit
2887 4373 3145 4438 animam,
3212 4391 3310 4430 nec
3360 4386 3445 4430 tu-

1897 4468 2152 4521 multibus
2194 4468 2439 4535 quamvis
2479 4464 2885 4518 rationabilibus
2940 4467 3187 4521 excitatis
3232 4478 3443 4535 pertur-

1897 4559 2069 4613 batur.
2110 4560 2321 4613 Patiens
2362 4558 2641 4625 religiosus
2680 4557 2872 4611 cadere
2898 4574 3003 4611 non
3036 4568 3248 4627 potest:
3311 4559 3441 4627 quin

1896 4649 2057 4701 etiam
2098 4665 2191 4717 per
2231 4650 2376 4717 ipsos
2398 4661 2555 4699 casus
2595 4645 2843 4700 vincendi
2880 4652 3222 4703 occasionem
3256 4649 3441 4704 sumit.

1897 4739 2157 4794 Patientia
2216 4748 2297 4792 est
2353 4738 2567 4790 definita
2615 4740 2939 4806 quotidiana:
2982 4742 3283 4795 alllietionis
3346 4758 3443 4795 ex-

1900 4834 2178 4901 spectatio.
2213 4826 2479 4881 Patientia
2510 4840 2593 4881 est
2632 4832 2978 4886 occasionum
3038 4832 3351 4901 amputatio,
3391 4843 3445 4887 et

1900 4924 1964 4976 ad
1988 4938 2115 4978 suas
2145 4935 2229 4974 res
2267 4920 2507 4972 attentio.
2525 4918 2640 4975 Non
2669 4930 2947 4991 tantopere
2980 4924 3099 4977 cibo
3132 4938 3249 4985 suo,
3280 4938 3441 4990 quam

1902 5014 2157 5085 patientia
2214 5013 2417 5080 indiget
2455 5012 2781 5082 religiosus;
2840 5030 2962 5068 nam
2995 5029 3088 5082 per
3134 5013 3442 5080 patientiam

1901 5105 2195 5177 reportabit
2228 5106 2532 5173 prmmium,
2570 5116 2789 5174 propter
2839 5106 3069 5175 priorem
3129 5106 3311 5177 (saepe)
3362 5108 3443 5161 in-

1901 5198 2069 5255 currit
2109 5198 2163 5251 in
2192 5198 2434 5252 exitium.
2490 5198 2583 5252 Vir
2632 5200 2843 5267 patiens
2902 5207 3027 5251 ante
3086 5209 3312 5253 mortem
3359 5211 3443 5254 est

1903 5300 2180 5357 mortuus,
2226 5292 2318 5361 qui
2366 5293 2550 5346 cellam
2600 5306 2752 5343 suam
2810 5290 2862 5342 in
2917 5289 3220 5359 sepulcrum
3264 5292 3440 5349 vertit.

255 5377 573 5434 Patientiam
604 5396 724 5449 spes
756 5387 810 5433 et
844 5376 1021 5432 luctus
1064 5386 1425 5447 pepererunt;
1459 5393 1582 5434 llam
1640 5384 1737 5453 qui
1788 5386 1875 5443 his
1905 5385 2111 5443 duabus
2186 5386 2473 5441 virtutibus
2546 5393 2711 5453 caret,
2762 5381 3089 5451 mancipium
3142 5394 3227 5439 est
3274 5381 3441 5453 pigri-

256 5484 361 5527 me.

323 5566 611 5620 Γινώσκειν
642 5570 719 5621 oet
766 5552 854 5619 τὸν
884 5564 976 5618 τοῦ
1030 5565 1263 5635 Χριστοῦ
1322 5565 1614 5637 παλαιστὴν
1660 5569 1795 5639 (53),

1921 5585 1931 5594 ·
1970 5564 2256 5621 Sciendum
2286 5575 2370 5621 est
2405 5565 2615 5621 athletae
2664 5561 2884 5629 Christi,
2920 5563 3142 5634 quinam
3198 5558 3435 5615 hostium

259 5659 441 5721 ποίους
474 5661 570 5726 μὲν
594 5677 701 5713 των
727 5658 932 5731 ἐχθρῶν
977 5658 1040 5711 ὲκ
1070 5657 1335 5729 μακρόθεν
1358 5656 1587 5727 διώκειν,
1620 5660 1803 5724 ποίους

1907 5658 2118 5717 eminus
2144 5658 2493 5730 persequendi
2528 5665 2671 5723 sunt,
2703 5656 3025 5726 quibuscum
3054 5651 3297 5711 cominus
3312 5663 3436 5708 com

329 5838 371 5869 "
403 5837 544 5894 Pri”.
586 5851 767 5901 χχχιιι,
837 5836 921 5891 15.
