4032 6340
658 411 791 478 2115

1874 422 1932 479 3.
1969 420 2053 479 ΙΟ
2069 420 2281 479 \NNIS
2318 417 2624 479 CLIMAC‘I

3713 417 3864 482 1116-

647 521 1013 588 grediendnm.
1051 521 1441 590 Nonnunquam
1474 525 1612 578 lucta
1641 540 1894 579 coronam
1957 526 2150 579 meruit

2260 524 2345 584 ,oé
2374 523 2758 593 προσπαλαίειν
2789 524 3101 592 συγχωρεῖν.
3147 524 3277 574 llo-.3.
3325 525 3422 591 μὲν
3465 524 3495 592 ἡ
3527 525 3676 593 πάλη
3723 531 3856 579 στέ-

647 615 1084 695 aliquamlo‘lnga
1139 632 1328 686 pugna:
1358 618 1629 688 improbos
1654 620 1900 674 reddidit.
1962 621 2084 673 llaec
2137 629 2189 672 et

648 711 952 777 tmjusmodi
1001 712 1161 764 verbo
1190 711 1370 765 doceri
1416 727 1520 765 non
1549 723 1810 780 possunt:
1853 727 2025 783 neque
2072 727 2190 766 om-

647 804 830 854 nesad
865 819 1026 855 unum
1074 803 1289 856 modum
1342 803 1514 857 allecti
1569 821 1776 868 sumus,
1837 820 2010 876 neque
2050 820 2188 861 unus

645 893 882 946 omnium
927 895 1173 962 idemque
1201 905 1406 948 natura!
1448 897 1662 950 habitus
1693 908 1773 951 est
1827 908 1880 951 et
1932 897 2183 966 qualitas.

647 981 981 1052 ljuum(pra:
1041 986 1283 1052 reliquis)
1337 988 1557 1040 observa
1607 989 1854 1056 spiritum
1909 990 2182 1054 attentius,

641 1075 783 1141 quod
847 1078 889 1130 is
927 1085 975 1128 te
1023 1079 1138 1130 sine.
1194 1076 1314 1130 ullis
1371 1076 1600 1134 induciis
1640 1081 1860 1134 assidue
1895 1094 2182 1151 oppugnet,

642 1170 753 1218 sive
775 1175 903 1229 stes,
931 1167 1043 1220 sive
1076 1165 1334 1228 ambules,
1367 1167 1479 1220 sive
1510 1169 1720 1229 sedeas.
1781 1171 1895 1224 sive
1939 1181 1989 1225 te
2027 1189 2182 1226 com-

552 1250 556 1254 ’
641 1268 876 1316 moveas,
907 1255 1020 1308 sive
1067 1255 1368 1320 recumbas,
1422 1257 1532 1310 sive
1567 1272 1710 1320 ores,
1767 1257 1879 1313 sive
1926 1261 2184 1316 dormias.

638 1347 886 1402 Nonnulli
937 1365 1123 1403 eorum
1153 1351 1244 1418 qui
1273 1351 1324 1403 in
1364 1351 1537 1405 stadio
1568 1349 1730 1421 420
1765 1351 2185 1422 solitariiequie-

637 1445 706 1495 tis
729 1452 1025 1503 versantur,
1071 1442 1197 1494 illud
1230 1442 1527 1497 Psalmista:
1563 1459 1744 1497 secum
1792 1459 2002 1511 semper
2028 1461 2184 1498 exer-

634 1545 754 1605 g-eut
781 1553 791 1585 :
815 1533 1150 1585 I’roridebam
1174 1532 1446 1586 Dominum
1479 1548 1642 1586 meum
1676 1535 1728 1586 in
1766 1546 2033 1601 conspectu
2075 1552 2183 1589 meo

635 1641 830 1692 semper
843 1627 905 1677 ν’.
923 1624 1099 1693 Neque
1111 1626 1251 1677 enim
1271 1641 1456 1678 omnes
1468 1640 1632 1693 panes
1645 1626 1935 1694 spiritualis
1947 1627 2182 1680 alimenti

634 1733 697 1768 cx
729 1719 928 1770 molesti
958 1717 1225 1770 frumento
1247 1716 1392 1782 facti,
1420 1727 1546 1772 sunt
1573 1717 1812 1784 ejusdem
1846 1719 2048 1772 formae.
2079 1719 2183 1773 Alii

564 1813 584 1832 °
632 1812 774 1862 enim
806 1811 930 1863 illud
960 1812 1156 1863 Christi
1191 1821 1442 1864 exercent
1465 1830 1478 1863 :
1505 1809 1566 1863 In
1596 1813 1846 1878 patientia
1865 1817 2038 1866 vestra‘
2059 1829 2177 1880 pos-

631 1901 867 1953 sidebitis
891 1902 1093 1954 animus
1112 1911 1302 1954 vestra;
1319 1902 1354 1953 ‘.
1376 1902 1476 1954 Alii
1504 1920 1517 1954 :
1554 1899 1772 1970 Vigilate
1785 1912 1834 1955 et
1855 1913 1998 1957 orate
2015 1907 2055 1956 ⁸.
2074 1904 2175 1958 Alii

633 1993 794 2043 illud:
820 1989 1070 2057 Prwpura
1094 1995 1143 2043 in
1162 1994 1354 2043 exitum
1375 2008 1528 2056 opera
1553 1991 1782 2045 tua.Alii
1812 2010 1824 2045 :
1854 1992 2175 2048 Ilumiliotus

631 2096 769 2141 Milli,
803 2090 850 2132 et
885 2082 1103 2133 suleavit
1135 2098 1213 2134 me
1253 2084 1292 2134 ³.
1326 2081 1551 2145 Quidam
1583 2081 1712 2136 illud
1742 2083 1961 2137 assidue
2006 2087 2179 2138 revol-

631 2183 795 2225 vunt:
843 2171 962 2226 Non
1005 2183 1125 2226 sunt
1169 2174 1438 2242 condigna:
1478 2177 1742 2240 passiones
1777 2175 1934 2243 hujus
1983 2187 2176 2243 tempo-

628 2267 700 2316 ris
729 2265 797 2316 ad
853 2265 1090 2334 futuram
1117 2265 1338 2334 gloriam
1364 2271 1404 2318 ⁵.
1454 2267 1554 2319 Alii
1609 2283 1822 2321 rursum
1879 2269 2046 2324 illud:
2094 2271 2175 2325 Nc

622 2357 831 2422 quando
862 2357 1054 2424 rapiat,
1090 2366 1136 2410 et
1159 2373 1261 2409 non
1288 2359 1356 2409 sit
1393 2358 1481 2425 qui
1508 2359 1694 2427 eripiat
1727 2361 1768 2424 ⁸,
1834 2376 2047 2430 semper
2093 2363 2174 2415 in-

625 2448 923 2503 tentissime
983 2449 1324 2502 meditantur.
1379 2447 1578 2503 Omnes
1646 2452 1862 2520 quidem
1924 2465 2169 2520 currunt,

621 2541 714 2592 sed
755 2555 894 2594 unus
939 2539 1132 2605 borum
1185 2540 1376 2610 accipit
1433 2542 1742 2596 bravium‘.
1791 2543 1891 2608 Qui
1945 2545 2169 2611 proiecit

620 2633 697 2698 (in
727 2632 963 2686 solitaria
1011 2631 1139 2698 vita)
1165 2632 1276 2700 jam
1306 2635 1424 2688 sine
1454 2634 1633 2687 labore
1685 2651 1790 2687 non
1837 2636 2010 2688 solum
2036 2637 2167 2706 vigi-

617 2724 756 2786 lans,
785 2723 880 2778 sed
931 2724 1094 2777 etiam
1159 2723 1457 2788 dormiens,
1526 2738 1802 2793 operatur.
1851 2725 2002 2781 Unde
2049 2729 2170 2797 qni-

614 2817 738 2868 alam
803 2815 858 2869 in
895 2815 1022 2882 ipso
1062 2814 1224 2869 etiam
1290 2829 1480 2869 somno
1541 2816 1894 2884 subrepcuto-s
1967 2819 2168 2872 daemo-

615 2921 713 2960 nas
755 2906 1144 2962 contumeliose
1179 2917 1428 2970 tractant,
1471 2917 1524 2962 et
1572 2908 1800 2962 feniinas
1837 2909 2066 2964 lascivas
2095 2911 2161 2963 ad

612 2999 909 3053 castitatem
951 3000 1256 3053 hortantur.
1288 2999 1399 3054 Nec
1437 3012 1518 3055 cst
1557 3005 1700 3070 quod
1741 3012 2018 3071 exspectes
2070 3005 2165 3057 lio-

612 3107 730 3144 rum
769 3095 1056 3145 adventum
1083 3101 1178 3147 aut
1219 3100 1272 3147 te
1318 3095 1575 3148 adversus
1621 3094 1741 3150 illos
1797 3096 2019 3148 multum
2071 3104 2162 3148 aut

610 3183 837 3237 sollicite
858 3184 1091 3239 manias.
1121 3175 1313 3239 Status
1351 3185 1494 3238 enim
1547 3188 1669 3238 vite
1721 3187 1974 3238 solitaria:
2030 3186 2162 3239 siiu-
2189 3185 2230 3239 C

609 3255 729 3343 ple:
768 3284 822 3328 et
863 3276 932 3327 ab
955 3275 1103 3328 omni
1134 3275 1349 3330 vinculo
1398 3291 1620 3344 prorsus
1686 3279 1969 3344 expeditus
1991 3289 2050 3331 et
2095 3277 2158 3330 li-

608 3365 704 3418 ber
733 3375 833 3418 est.
862 3362 1028 3417 Nemo
1059 3366 1149 3433 qui
1181 3366 1294 3417 vult
1339 3367 1529 3419 turrim
1571 3378 1665 3420 aut
1712 3371 1898 3422 cellam
1932 3367 2158 3441 religio—

607 3472 680 3508 sa:
721 3457 915 3522 quietis
945 3457 1198 3521 excitare,
1247 3458 1394 3526 prius
1445 3475 1555 3511 rem
1612 3463 1938 3529 aggreditur,
1996 3481 2156 3534 quam

606 3547 798 3601 sedens
838 3559 1132 3619 computet,
1169 3556 1223 3602 et
1268 3553 1677 3616 perorationem
1731 3567 1981 3608 accurate
2011 3573 2159 3611 scru-

605 3649 769 3702 tctur,
810 3655 877 3692 an
919 3643 1112 3694 habent
1149 3642 1212 3693 ad
1256 3656 1393 3710 opus
1442 3644 1821 3709 perliciendum
1900 3664 2154 3705 necessa-

603 3735 684 3786 ria
725 3743 777 3786 et
839 3743 1014 3802 aptam
1085 3744 1367 3797 naturam;
1417 3753 1482 3788 ne
1542 3747 1660 3803 post
1698 3739 1899 3805 jactum
1964 3741 2155 3796 lunula-

604 3835 842 3879 mentum
889 3826 980 3878 liat
1021 3826 1308 3879 ludibrium
1354 3827 1596 3880 hostibus
1618 3831 1749 3893 suis,
1779 3842 1824 3882 et
1857 3833 1975 3886 aliis
1999 3851 2150 3888 exer-

603 3917 918 3971 citatoribus
950 3919 1406 3986 impedimentum.
1440 3922 1664 3973 Attende
1694 3925 1757 3974 nil
1811 3926 2149 3990 suavitatem,

603 4025 696 4063 seu
719 4009 1056 4062 dulcedinem
1083 4011 1473 4072 advenientem.
1503 4029 1567 4065 ne
1592 4016 1657 4067 ab
1690 4017 1886 4068 amaris
1911 4018 2150 4080 medicis,

603 4101 712 4154 imo
769 4118 892 4155 vero
963 4103 1032 4155 ab
1073 4102 1481 4158 insidiatoribus
1540 4120 1634 4172 per
1685 4107 1862 4159 dolum
1926 4117 2150 4177 temper-

601 4205 715 4248 rata
747 4195 904 4266 421
930 4197 1016 4249 sit.
1060 4196 1159 4249 Per
1191 4206 1397 4251 noctem
1426 4207 1483 4250 ut
1513 4199 1800 4267 plurimum
1826 4204 2070 4270 precibus
2098 4215 2151 4258 et

600 4290 1037 4344 meditationibus
1071 4288 1137 4341 da
1163 4303 1415 4357 operam,
1467 4291 1775 4358 psalinodiae
1813 4309 2020 4361 parum.
2073 4295 2147 4351 De

596 4381 684 4433 die
713 4395 840 4431 vero
891 4379 1167 4448 accingere
1203 4394 1415 4431 rursum
1457 4380 1521 4432 ad
1568 4396 1702 4446 Opus
1749 4394 1896 4435 tuum
1939 4400 2035 4452 pro
2066 4387 2146 4452 vi-

597 4473 746 4526 ribus
795 4473 900 4524 tuis
942 4470 1319 4539 peragendum.
1372 4468 1487 4523 Non
1533 4471 1870 4526 mediocriter
1905 4475 2035 4528 solet
2081 4477 2143 4530 il-

595 4561 823 4615 lustrare
857 4571 908 4613 ct
948 4560 1198 4627 colligere
1254 4571 1484 4614 mentem
1543 4562 1720 4615 lectio.
1785 4560 1951 4617 Verba
1997 4568 2140 4621 enim

595 4652 825 4720 Spiritus
861 4652 1030 4704 sancti
1068 4661 1211 4713 sunt,
1252 4664 1304 4704 ct
1335 4654 1557 4706 lectores
1587 4654 1806 4707 omnino
1828 4656 2066 4725 dirigunt
2090 4668 2143 4712 et

595 4741 961 4793 moderantur.
1021 4741 1101 4794 Sit
1141 4741 1235 4794 tibi
1270 4743 1509 4809 aperanti
1560 4744 1713 4798 lectio
1742 4748 2140 4802 accommodata

593 4832 657 4886 ad
699 4833 984 4886 actionem.
1019 4832 1149 4885 Nam
1175 4834 1402 4888 actionis
1431 4837 1757 4902 propositum
1790 4836 1915 4892 facit
1943 4853 1997 4891 ιιι
2027 4841 2138 4908 jam

593 4921 724 4976 nihil
748 4939 881 4988 opus
920 4923 989 4977 sit
1013 4924 1243 4991 amplius
1273 4925 1502 4978 lectione
1532 4925 1863 4992 reliquorum
1891 4945 1905 4979 :
1940 4928 2140 4983 labori-

592 5011 693 5065 bus
719 5011 896 5081 potius
937 5027 1098 5080 quam
1128 5011 1279 5066 libris
1307 5014 1605 5066 doctrinam
1653 5015 1841 5068 salutis
1875 5015 2140 5070 illustrare

589 5103 870 5157 contende.
935 5100 1124 5157 Libros
1167 5105 1234 5167 ab
1279 5110 1373 5157 tuo
1417 5103 1666 5159 instituto
1708 5107 1934 5170 alienos,
1964 5111 2135 5177 prius—

588 5207 750 5262 quam
779 5193 972 5246 virtute
1000 5192 1232 5262 Spiritus
1251 5193 1434 5264 [sancti
1461 5190 1755 5252 instruetus
1795 5213 1874 5261 es,
1919 5199 2025 5255 noli
2053 5211 2136 5254 atv

587 5287 811 5354 tingere.
852 5284 1020 5340 Verba
1053 5287 1250 5356 quippe
1276 5287 1588 5343 obscuriora
1628 5290 1908 5344 imbecillis
1939 5295 2134 5349 animis

587 5376 838 5430 tenebras
880 5375 1179 5432 offundunt.
1239 5377 1442 5433 Unicus
1482 5381 1665 5436 calicis
1696 5383 1919 5437 haustus
1966 5400 2136 5454 genus

586 5474 696 5529 vini
746 5491 840 5546 per
878 5483 1092 5546 gustum
1138 5477 1355 5547 prodit;
1405 5489 1458 5534 et
1502 5480 1658 5535 unica
1710 5481 1985 5538 familiaris
2021 5500 2132 5540 cm-

588 5575 788 5630 tocutio
819 5591 1031 5632 omnem
1084 5577 1390 5635 interiorem
1437 5581 1660 5636 solitarii
1697 5584 1818 5638 vita:
1867 5584 2127 5640 rationem

650 5751 697 5781 "
723 5749 860 5805 Psal.
891 5769 976 5819 xv,
1017 5757 1071 5812 8.

583 5817 647 5872 Ἰ
677 5836 793 5879 cor.
824 5839 898 5891 ix,
936 5817 1025 5882 '24.

1153 5761 1164 5790 '
1208 5759 1336 5818 Luc.
1365 5761 1578 5830 xxi,l9.
1653 5767 1672 5796 ²
1703 5764 1887 5820 Matth.
1922 5782 2058 5833 τινι,
2093 5765 2180 5821 41.

2290 632 2453 684 φανον
2485 615 2803 683 προεξένησε
2823 633 2836 644 ⁸
2881 615 3007 667 ποτὲ
3026 614 3084 666 δὲ
3115 615 3146 682 ἡ
3175 614 3500 683 παραίτησις
3554 615 3853 686 ἀδοκίμους

2287 707 2583 776 πεποίηκεν
2607 722 2619 735 ·
2648 707 2706 758 ού
2725 707 2864 774 λόγῳ
2884 707 2948 758 τά
2980 705 3156 758 τοιάδε
3206 705 3418 773 ἐφικτὸν
3448 705 3804 759 παιδεύεσθαι
3831 722 3846 736 ·

2286 797 2345 850 ού
2375 797 2480 862 γὰρ
2519 796 2707 857 πάντες
2727 797 2838 857 τοῖς
2878 796 3081 857 αὐτοῖς,
3137 793 3278 845 οὐδὲ·
3309 793 3564 856 ὡσαύτως
3602 795 3847 846 Ἱπποιὼ-

2290 889 2429 958 μεθα
2463 889 2556 942 ἕνα
2582 904 2594 916 ·
2625 887 2731 939 τῶν
2759 885 3076 954 πνευμάτων
3121 885 3366 953 ἐπιτήρει
3391 886 3668 952 νηφόντως
3702 885 3843 951 (5-4).

2286 975 2469 1044 ἐπειδὴ
2495 975 2588 1026 καὶ
2615 972 2773 1034 αὐτὸς
2825 989 2882 1024 σε
2934 971 3154 1040 πολεμεῖ
3202 968 3495 1031 ἀπαύστως
3534 971 3591 1022 ἐν
3627 971 3841 1034 στάσει,

2286 1065 2380 1117 καὶ
2441 1063 2755 1133 μεταϐάσει,
2815 1063 2908 1113 καὶ
2972 1059 3227 1130 καθέδρα,
3298 1059 3390 1112 καὶ
3443 1060 3672 1130 κινήσει,
3747 1060 3848 1112 καὶ

2283 1151 2576 1215 ἀνακλίσει,
2614 1151 2707 1203 καὶ
2731 1151 2884 1220 εὐχῇ,
2932 1150 3046 1202 καὶ·
3075 1148 3244 1218 ὕπνῳ.
3299 1150 3362 1201 Οί
3400 1149 3496 1218 μὲν
3515 1149 3621 1200 τῶν
3672 1152 3732 1202 ἐν

2283 1242 2464 1312 δρόμῳ
2487 1243 2588 1310 τῆς
2610 1241 2838 1311 ἡσυχίας
2872 1238 3248 1308 καθεζομένων
3291 1238 3403 1309 (⁸55)
3425 1255 3439 1268 ’
3467 1239 3844 1308 Προωρὼμην

2284 1333 2387 1386 τὸν
2417 1335 2628 1400 Κύριόν
2680 1348 2799 1400 μου
2831 1329 3086 1384 ἐνώπιόν
3143 1347 3260 1396 μου
3305 1329 3411 1382 διὰ
3449 1329 3708 1394 παντὸς,
3779 1331 3842 1381 ἐν

2284 1425 2494 1485 ἑαυτοῖς
2542 1423 2829 1506 ἐργασίανἱ
2859 1419 3196 1489 κατέχουσιν.
3253 1420 3325 1471 Οὐ
3385 1420 3492 1488 γάρ
3535 1420 3736 1482 πάντες
3787 1421 3840 1472 ot

2283 1515 2434 1583 ἄρτοι
2462 1513 2559 1581 τῆς
2591 1505 2965 1581 πνευματικῆς
2981 1508 3075 1561 τοῦ
3099 1507 3344 1577 οὐρανίου
3375 1509 3521 1560 σίτου
3549 1507 3839 1577 ἐργασίας,

2285 1603 2568 1673 μονοειδεῖς
2591 1601 2908 1670 ὑπάρχουσι.
2950 1598 3161 1666 Ἕτεροι
3191 1597 3246 1650 δέ
3271 1613 3285 1627 ·
3335 1598 3427 1649 Ἐν
3453 1597 3526 1666 τῇ
3558 1597 3840 1665 ὑπομονῆ

2282 1693 2446 1761 ὑμῶν
2465 1691 2759 1758 κτήσεσθε
2804 1690 2908 1755 τὰς
2942 1687 3142 1757 ψυχὰς
3168 1685 3358 1757 ὑμῶν·
3389 1689 3534 1742 ἄλλοι
3561 1707 3573 1718 ·
3599 1691 3837 1757 rga-ro-

2277 1784 2450 1851 ρεῖτε,
2511 1784 2607 1834 καί
2650 1781 3089 1848 προσεύχεσθεο
3143 1779 3348 1848 ἕτεροι·
3415 1778 3700 1847 Ἑτοίμαζε
3742 1781 3838 1844 εις

2211 1863 2250 1917 Β
2277 1874 2389 1940 τὴν
2413 1872 2625 1936 ἔξοδον
2670 1872 2742 1922 τὰ
2771 1871 2910 1940 ἔργα
2936 1885 3082 1923 σου⁶
3124 1869 3273 1922 ἄλλοι
3292 1884 3308 1900 ⁸
3376 1868 3832 1935 Ἔταπεινώθηνο

2278 1964 2375 2016 καί
2400 1960 2593 2016 ἑσωσέ
2607 1976 2709 2030 με’
2742 1960 2884 2023 τινὲς
2913 1960 3010 2029 μέν
3042 1977 3055 1988 ·
3090 1962 3209 2012 Οὐκ
3233 1959 3370 2022 ἄξια
3393 1959 3464 2011 τὰ
3507 1957 3837 2026 παθήματα

2275 2053 2380 2107 τοῦ
2412 2053 2524 2106 νῦν
2537 2051 2741 2120 καιροῦ
2763 2053 2903 2117 πρὸς
2930 2049 3041 2118 τὴν
3061 2051 3414 2118 μέλλουσαν
3439 2049 3642 2113 δόξαν·
3678 2051 3836 2105 ἄλλοι

2277 2143 2434 2195 πάλιν
2456 2159 2469 2172 ’
2512 2141 2749 2208 Μήποτε
2777 2140 3037 2209 ἁρπάσῃ,
3070 2139 3169 2191 καὶ
3198 2141 3268 2191 οὺ
3283 2137 3369 2206 μὴ
3393 2133 3434 2208 ᾖ
3454 2141 3487 2192 ό
3499 2137 3832 2206 ῥυόμενος,

2274 2231 2360 2284 διά
2396 2232 2591 2293 παντὸς
2618 2231 2958 2283 σκέπτονται.
3010 2228 3213 2290 Πάντες
3247 2227 3346 2297 μὲν
3376 2227 3658 2296 τρέχουσιν
3690 2227 3829 2298 (36).

2275 2317 2366 2384 Εἷς
2405 2323 2460 2376 δὲ
2489 2321 2692 2375 τούτων
2716 2317 2979 2390 λαμϐάνει
3005 2321 3064 2372 τὸ
3092 2319 3340 2391 βραϐεῖον
3375 2319 3507 2387 (57).
3555 2319 3830 2383 Ἀκόπως,

2271 2417 2330 2468 ού
2361 2418 2517 2485 μόνον
2544 2414 2890 2487 ἐγρηγορὼς,
2947 2414 3084 2469 ἀλλὰ
3139 2416 3231 2468 καὶ
3260 2413 3532 2467 καθεύδων
3563 2413 3593 2466 ὁ
3623 2414 3834 2481 προκό-

2269 2505 2371 2575 ψας
2399 2506 2704 2576 ἐργάζεται.
2727 2505 2883 2558 Ὅθεν
2903 2505 3043 2567 τινὲς
3077 2504 3166 2556 καὶ
3190 2503 3248 2556 ὲν
3279 2503 3460 2565 αὐτοῖς
3490 2505 3600 2565 τοῖς
3632 2501 3834 2564 ὕπνοις

2268 2599 2390 2658 τους
2453 2597 2708 2664 δαίμονας
2793 2595 3260 2666 προσερχομένους
3311 2593 3656 2663 ἀτιμάζουσι,
3731 2592 3834 2645 καὶ

2269 2687 2539 2739 ἀκόλαστα
2582 2687 2778 2753 γύναια
2811 2687 2938 2752 περὶ
2972 2684 3324 2753 σωφροσύνης
3369 2683 3696 2736 νουθετοῦσι.
3728 2684 3834 2755 Μὴ

2267 2778 2518 2847 ἀνάμενε,
2545 2777 2678 2846 μηδὲ
2716 2775 3233 2848 προπαρασκευάζου
3296 2773 3598 2844 παρουσίας
3621 2791 3636 2804 ο
3672 2774 3829 2842 ἁπλῆ

2265 2868 2372 2936 γὰρ
2424 2868 2521 2936 ὅλη
2567 2868 2660 2920 καὶ
2711 2867 2890 2930 ἄδετος
2961 2864 3331 2938 τῆςὴσυχίας
3358 2867 3410 2938 κὴ
3463 2865 3825 2928 κατάστασις.

2264 2959 2450 3018 Οὐδεὶς
2480 2958 2646 3010 οὲλων
2695 2957 3041 3028 οἰκοδομῆσαι
3084 2955 3313 3026 πύργον.
3349 2957 3439 3010 καὶ
3465 2955 3659 3009 κέλλαν
3685 2957 3830 3026 ἡσυ-

2263 3051 2381 3116 χίας
2411 3049 2694 3117 ἐπιχειρεῖ,
2727 3049 2776 3098 εἰ
2806 3048 2882 3116 μὴ
2903 3047 3163 3116 πρότερον
3203 3045 3443 3116 καθήσας
3466 3043 3689 3114 ψηφίσει
3723 3046 3829 3098 καὶ

2263 3139 2550 3208 ψηλαφίσει
2576 3137 2675 3208 [αι.
2700 3135 3056 3208 ψηλαφήσει],
3091 3135 3182 3190 διά
3226 3138 3554 3206 προσευχῆς,
3611 3137 3661 3188 εἰ
3703 3137 3826 3207 ἔχει

2262 3230 2326 3281 τὰ
2375 3228 2506 3296 πρὸς
2563 3228 2904 3297 ἀπαρτισμὸν
2983 3225 3265 3296 ἰδιώματα,
3339 3229 3544 3295 μήποτε
3592 3226 3826 3297 γένηται

2265 3320 2402 3388 μετὰ
2422 3320 2519 3390 τὴν
2547 3318 2639 3370 τοῦ
2665 3317 2913 3386 θεμελίου
2931 3317 3234 3386 καταϐολὴν
3249 3316 3454 3385 γελεῖον
3470 3319 3576 3380 τοῖς
3599 3319 3826 3388 ἐχθροῖς

2262 3409 2446 3470 αὐτοῦ,
2484 3411 2575 3462 καὶ
2613 3410 2864 3478 ὲμπῶιον
2911 3399 3118 3478 ἑτέροις
3145 3409 3404 3480 ἐργάταις
3431 3424 3447 3438 ·
3501 3408 3692 3461 σκόπει
3718 3410 3829 3479 τὴν

2259 3499 2624 3568 ἐπιδημοῦσαν
2664 3499 2919 3569 ήδύτητα,
2977 3501 3174 3568 μήπως
3210 3500 3274 3552 ὲκ
3326 3499 3536 3569 πικρῶν
3587 3500 3821 3570 ἰατρῶν,

2261 3587 2456 3656 μᾶλλον
2499 3589 2555 3639 δὲ
2620 3588 2918 3640 ἐπιϐούλων
2955 3586 3144 3648 δολίως
3194 3585 3520 3656 συνεκράθη.
3574 3585 3823 3657 Νύκτωρ

2259 3679 2356 3746 μὲν
2390 3677 2457 3730 τά
2493 3677 2661 3729 πολλὰ
2686 3680 2750 3748 τῇ
2777 3679 3052 3747 προσευχῇ
3090 3675 3231 3730 δίδου
3259 3676 3390 3747 (38),
3425 3676 3492 3728 τὰ
3515 3675 3572 3728 δὲ
3603 3675 3823 3748 βραχέα

2254 3771 2318 3838 τῇ
2357 3769 2666 3839 ψαλμῳδία·
2690 3766 2948 3840 ήμέρα[ς]
2976 3768 3031 3821 δὲ
3077 3767 3212 3839 πρὸς
3241 3768 3339 3836 τὴν
3369 3767 3468 3838 σὴν
3497 3767 3660 3821 πάλιν
3705 3787 3818 3823 πα-

2258 3859 2588 3930 ρασκευάζου
2663 3858 2919 3930 δύναμιν·
2978 3860 3039 3911 ού
3095 3860 3332 3930 μετρίως
3402 3859 3653 3928 φωτίζειν
3715 3863 3817 3916 καὶ

2252 3952 2599 4017 ἐπισυνάγειν
2634 3951 2724 4003 τὸν
2763 3951 2886 4004 νοῦν
2943 3953 2977 4022 ἠ
3029 3951 3333 4016 ἀνάγνωσις
3384 3952 3593 4021 πέφυκε
3641 3952 3761 4021 (59)
3796 3968 3815 3985 ⁸

2254 4044 2398 4110 λόγοι
2459 4043 2566 4114 γάρ
2611 4041 2924 4112 Πνεύματος
2963 4043 3116 4110 ἁγίου
3177 4041 3504 4113 ὑπάρχουσι,
3531 4043 3626 4096 καὶ
3680 4043 3816 4106 τοὺς

2252 4130 2672 4206 μέτερχομένους
2688 4136 2902 4196 πάντως
2924 4133 3272 4206 ῥυθμίζουσιν
3287 4150 3302 4164 ·
3325 4134 3462 4187 ἔστω
3488 4150 3568 4186 σοι
3589 4134 3808 4206 ἐργάτῃ

2247 4226 2356 4278 chr.
2399 4225 2470 4278 τά
2525 4225 3005 4293 ἀναγινωσκόμενα
3061 4227 3363 4296 πρακτικάο
3394 4223 3597 4278 τούτων
3622 4223 3804 4298 γὰρὴ

2245 4316 2470 4385 ἐργασία
2506 4315 2760 4386 περιττὴν
2806 4317 2946 4368 ποιεῖ
2974 4314 3071 4383 τὴν
3091 4314 3198 4368 τῶν
3225 4315 3428 4369 λοιπῶν
3455 4313 3767 4381 ἀνάγνωσιν
3788 4333 3803 4348 ·

2246 4406 2426 4467 πόνοις
2463 4405 2682 4474 μᾶλλον,
2707 4405 2799 4458 καὶ
2819 4404 2893 4474 μὴ
2906 4404 3109 4469 δέλτοις
3127 4405 3250 4468 τοὺς
3277 4407 3376 4477 τῆς
3401 4405 3586 4474 ὑγείας
3609 4403 3809 4474 λόγους

2176 4526 2222 4584 D
2247 4495 2570 4564 φωτίζεσθαι
2640 4493 2860 4584 ζήτειολ
2889 4494 3289 4565 ἁλλοτριονοους
3319 4490 3321 4492 ’
3352 4496 3459 4565 πρὸ
3519 4494 3807 4565 δυνάμεως

2246 4587 2614 4656 πνευματικῆς
2642 4585 2775 4655 (40),
2805 4582 2880 4654 μὴ
2913 4584 3176 4656 μετέρχου
3201 4584 3412 4653 λόγους.
3437 4584 3665 4648 Σκότους
3692 4586 3812 4654 γάρ

2243 4674 2369 4727 ὄντα
2400 4677 2638 4745 ῥήματα,
2661 4677 2784 4737 τοὺς
2802 4673 3091 4738 ἀδυνάτους
3107 4674 3439 4738 σκοτίζουσιο
3497 4675 3591 4746 μία
3640 4675 3807 4740 κύλιξ

2245 4765 2497 4829 πολλάκις
2527 4765 2713 4833 γεῦσιν
2737 4764 2878 4816 οἴνου
2921 4765 3163 4836 ὲσήμανε
3183 4779 3198 4794 ο
3237 4764 3331 4818 καὶ
3360 4758 3440 4831 εἷς
3470 4765 3626 4833 λόγος
3656 4767 3800 4837 ﬁcu-

2243 4854 2441 4924 χαστοῦ
2461 4857 2572 4913 τοῖς
2597 4854 2891 4919 γεύσασθαι
2934 4854 3250 4923 δυναμένοις
3281 4856 3464 4910 πᾶσαν
3493 4854 3660 4911 αὐτοῦ
3698 4853 3804 4927 τὴν

2241 4944 2384 4995 ἔνδον
2412 4944 2688 5010 ὑπέδειξεν
2714 4945 2996 5014 ἐργασίαν,
3025 4945 3116 4996 καὶ
3133 4945 3484 5000 κατάστασιν.
3519 4945 3804 5013 ’Δρεπτον

2241 5032 2622 5104 [ἀρέμόαστον]
2643 5031 2816 5104 ψυχῆς
2841 5034 2992 5104 ὄμμα
3023 5033 3264 5104 κέκτησο
3306 5035 3441 5103 πρὸς
3484 5033 3658 5103 οτησιν
3689 5052 3708 5065 ν
3731 5031 3800 5088 ού

2239 5124 2346 5193 γάρ
2373 5126 2518 5178 ἐστιν
2558 5127 2615 5176 ὲν
2643 5123 2867 5188 κλοπαῖς
2897 5141 2950 5176 τι
2978 5123 3204 5188 ταύταις
3230 5124 3611 5196 ὀλεθριώτερον
3646 5123 3790 5196 (ﬂ).

2237 5214 2418 5266 Φείδου
2467 5215 2562 5284 τῆς
2609 5214 2854 5286 γλώσσης
2910 5217 3150 5283 προϊών
3182 5211 3292 5284 οἶδε
3341 5217 3450 5286 γάρ
3509 5215 3793 5287 συντόμως

2241 5305 2462 5369 πολλοὺς
2493 5306 2769 5374 καμάτους
2821 5306 3152 5375 σκορπίζειν.
3221 5306 3570 5376 Ἀπερίεργον
3624 5306 3792 5360 ἄσκει

2237 5396 2598 5448 κατάστασιν·
2641 5395 2888 5465 μολύνειν
2929 5397 3036 5466 γάρ
3064 5398 3163 5468 τὴν
3214 5396 3442 5468 ἡσυχίαν
3493 5401 3789 5471 περιεργία

2235 5487 2310 5548 ὡς
2357 5487 2455 5540 ούκ
2503 5486 2626 5540 ἄλλο
2669 5504 2723 5539 τι
2773 5485 3014 5541 δύναται.
3075 5489 3196 5553 Τοῖς
3246 5486 3652 5557 παραϐάλλουσι
3719 5491 3788 5545 τὰ

2236 5576 2465 5648 χρειώδη
2497 5563 2801 5649 παράϐαλλε
2861 5577 2998 5647 (42),
3057 5579 3263 5649 σώματι
3294 5577 3437 5646 λέγω
3485 5580 3582 5634 καὶ
3615 5581 3785 5636 πνεύ-

2259 5766 2279 5798 ³
2307 5765 2446 5821 Psal.
2480 5782 2622 5832 στιν,
2658 5767 2711 5822 6.
2785 5763 2984 5822 'Rom.
3020 5779 3137 5832 νιιι,
3167 5766 3224 5835 6.
3280 5766 3302 5797 δ
3327 5765 3464 5824 Psal.
3493 5785 3650 5838 χιιι,
3685 5772 3781 5828 2⁵2.
