4032 6340
534 458 547 471 κ
640 432 774 496 1119
1242 477 1244 480 μ
1641 435 1648 443 “
1840 429 1900 488 S.
1961 429 2225 488 JUANNl

2313 427 2604 490 CLIMACI
3695 413 3842 480 1120

637 555 824 595 eorum
862 537 952 608 qui
1004 536 1114 604 jam
1159 531 1518 604 profecerunt.
1576 534 1680 590 Alii
1735 533 1800 587 ad
1845 535 2225 603 contempla-1

2315 535 2375 604 δη
2415 533 2829 604 προκοψάντωνσ
2879 533 2926 585 ol
2953 530 3010 583 δὲ
3052 531 3118 598 τῇ
3157 525 3358 596 θεωρίᾳ
3408 522 3836 586 ὲνατενίζουσιν,

641 631 839 682 tionem
891 624 1241 688 incumbunt,
1299 617 1443 692 quod
1495 634 1576 679 est
1632 624 1742 692 jam
1806 622 2182 692 perfectorum.

2317 643 2417 696 περ
2449 625 2593 679 ἐστὶν
2619 625 2720 695 ἤδη
2755 622 2862 676 τῶν
2887 621 3121 676 τελείων.
3164 617 3294 670 Ἀπὸ
3317 613 3411 670 οὖν
3441 613 3553 667 τῶν
3577 630 3841 667 ταπεινο-

642 723 781 793 Ergo
807 723 874 777 ab
907 721 1285 775 humilioribus
1309 719 1592 790 coaptando
1621 720 1687 774 ad
1725 720 1914 774 altiora
1959 719 2188 774 recurrit

2320 719 2456 789 έρων
2488 717 2786 788 ἀρξάμενος
2833 715 2924 767 ἐπὶ
2945 714 3013 767 τὰ
3044 710 3343 780 ὑψηλότερα
3374 707 3478 779 ἥδη
3506 707 3840 777 ἀνέδραμεν,

645 815 908 870 sermonis
953 814 1157 868 ratione
1194 813 1341 867 velut
1380 812 1522 866 scala
1566 827 1716 867 usus.
1767 809 1900 865 Nam
1941 812 2083 866 scala
2121 811 2188 866 ab

2313 808 2470 876 ὅσπερ
2502 807 2726 875 κλίμακι
2763 805 2868 858 τινὶ
2917 801 2992 873 τῷ
3049 801 3192 871 λόγῳ
3233 799 3606 870 χρησάμενος·
3646 796 3681 865 ἡ
3727 795 3845 864 γὰρ

645 907 844 961 inlimis
905 905 1157 974 gradibus
1214 912 1270 959 et
1321 903 1488 958 radiis
1537 903 1602 958 ad
1665 901 1855 956 altiora
1913 903 2191 958 consuevit

2313 888 2488 969 ιλίμᾶξ
2539 897 2645 952 ἀπὸ
2687 898 2795 951 τῶν
2829 893 3222 965 ταπεινοτέρων
3271 891 3363 945 ἐπὶ
3399 890 3468 944 τὰ
3527 888 3845 960 ὑψηλότερα

647 999 960 1054 ascendere.

2313 989 2635 1054 ιναὸιϐἀζειν
2666 988 2895 1057 πέφυκε.

1249 1084 1494 1142 Scholion
1532 1085 1586 1140 'l.

2739 1079 2994 1147 Σχόλιον
3063 1073 3268 1132 Ἰσαὰκ
3316 1074 3382 1138 ζ’.
3476 1119 3483 1158 _.

718 1183 912 1238 Animo
951 1183 1233 1252 concipere
1257 1182 1514 1240 ,dolorem
1554 1191 1608 1236 et
1657 1181 1926 1237 tristitiam
1977 1191 2196 1252 superat

2360 1169 2435 1225 Τδ
2468 1169 2750 1224 λυπεῖσθαι
2769 1170 2908 1222 κατὰ
2923 1168 3181 1233 διάνοιαν,
3210 1161 3534 1234 ὑπερϐάλλει
3555 1163 3648 1216 τὸν
3667 1159 3855 1215 κόπον

653 1293 864 1332 omnem
903 1275 1147 1346 corporis
1185 1274 1422 1329 laborem
1460 1273 1938 1344 etiatigationem.

2313 1259 2386 1314 τοῦ
2431 1259 2694 1330 σώματος.

1259 1364 1505 1420 Scholion
1539 1366 1594 1420 8.

2865 1350 3120 1418 Σχόλιον
3179 1347 3247 1418 η’.

721 1458 836 1512 Non
869 1473 1030 1513 secus
1059 1473 1122 1514 ac
1149 1473 1367 1513 servum
1395 1459 1692 1512 venientem
1723 1455 1938 1528 quando
1960 1455 2076 1512 vult
2103 1458 2174 1514 do

2366 1440 2542 1495 Oiovsl.
2589 1440 2792 1507 δοῦλον,
2859 1443 2947 1497 ὅτε
2993 1439 3135 1496 θέλει
3183 1441 3214 1494 6
3262 1436 3630 1510 κεκτημένος.
3683 1433 3863 1504 ἐρχό-

654 1553 858 1608 minus.
992 1573 994 1575 ν

2313 1549 2481 1600 μενον.
2928 1590 2930 1593 ,

1261 1659 1510 1717 Scholion
1543 1661 1595 1717 9.

2894 1626 2940 1677 Σ
2941 1623 3149 1691 χόλιον
3194 1621 3260 1675 θ’.

2370 1716 2602 1770 Ἔπεται
2635 1717 2699 1786 τῇ
2750 1715 2928 1768 ἀνέσει
2960 1713 3071 1767 τῶν
3137 1712 3310 1783 μελῶν
3364 1712 3399 1782 ἠ
3439 1709 3547 1764 τῶν
3574 1709 3870 1777 λογισμῶν

2308 1807 2541 1871 ἔκτασις,
2571 1807 2666 1860 καὶ
2692 1806 2908 1878 φύρσις,
2933 1807 3025 1859 καὶ
3049 1807 3115 1876 τῇ
3138 1803 3360 1875 ἀμέτρῳ
3378 1800 3605 1873 ἐργασία
3629 1797 3874 1870 ἀκηδία,

2309 1901 2400 1952 καὶ
2427 1901 2492 1969 τῇ
2533 1898 2726 1968 ἀκηδίᾳ
2749 1897 3001 1961 ἔκτασις’
3053 1897 3296 1966 διαιρέρει
3321 1895 3379 1948 δὲ
3428 1893 3643 1953 ἔκτασις
3689 1889 3871 1942 ἐκτάο

728 1753 981 1823 Corporis
1009 1751 1420 1825 [membrorum]
1449 1753 1819 1808 remissionem
1848 1753 2093 1824 sequitur
2119 1766 2204 1806 co.

661 1845 979 1910 gitationum
1014 1845 1258 1914 evagatio
1286 1854 1341 1899 et
1375 1844 1711 1915 inquinatio;
1751 1845 2096 1899 immodicum
2135 1844 2209 1897 la-
2239 1867 2280 1922 Β

665 1937 849 1991 borcm
901 1935 1152 2004 pigritia;
1214 1935 1484 2005 pigritiam
1537 1938 1625 1990 illa
1663 1937 1923 2005 evagandi
1973 1935 2210 1998 libertas,

663 2047 890 2100 quarunt
922 2033 1087 2086 altera
1117 2031 1294 2088 diﬂert
1341 2031 1409 2085 ab
1438 2031 1626 2085 altera.
1673 2028 1906 2082 Primam
1943 2027 2082 2082 enim
2134 2043 2216 2081 se-

666 2124 850 2190 quitur
893 2139 1069 2194 pugna
1117 2122 1382 2187 luxuriae;
1439 2122 1661 2177 alteram
1707 2119 1812 2173 loci
1860 2117 2087 2173 solitarii
2132 2132 2218 2172 re-

671 2214 838 2279 lictio,
889 2224 943 2270 et
979 2230 1010 2269 e
1048 2215 1168 2269 loco
1211 2213 1264 2267 in
1323 2213 1501 2267 locum
1556 2212 1805 2281 migratio
1862 2209 2216 2278 (moderatum

672 2312 852 2356 autem
883 2311 935 2356 et
963 2310 1297 2356 constantem
1327 2302 1564 2356 laborem
1605 2316 1711 2354 non
1743 2300 1985 2370 sequitur
2017 2299 2217 2368 pteua).

674 2391 876 2446 Horum
911 2401 1088 2447 autem
1124 2392 1371 2446 laborum
1404 2391 1652 2447 remissio
1686 2402 1845 2460 auget
1873 2391 2219 2458 voluptatem,

671 2497 922 2538 excessus
962 2498 1088 2538 vero
1132 2485 1464 2538 discursum.
1517 2483 1851 2552 Quapropter
1892 2481 2101 2536 dillicile
2141 2491 2224 2536 est

672 2575 906 2643 assequi,
934 2591 1052 2644 quae
1079 2577 1388 2644 sequuntur
1403 2591 1465 2630 ea
1495 2591 1616 2645 qua:
1637 2575 1993 2638 enumeravit,
2027 2574 2223 2643 quibus

2313 2007 2447 2054 σεως
2473 2007 2486 2020 ο
2519 1992 2584 2058 τῇ
2618 1989 2711 2059 μὲν
2734 1991 2840 2060 γὰρ
2862 1987 3049 2058 πρώτῃ
3078 1986 3293 2039 ἐκτάσει
3327 1985 3514 2037 ἕπεται
3554 1983 3581 2034 6
3620 1981 3872 2049 πόλεμος

2311 2085 2410 2152 τῆς
2435 2081 2686 2152 πορνείας
2707 2097 2721 2111 ο
2750 2083 2818 2150 τῇ
2840 2080 2894 2133 δὲ
2916 2078 3142 2149 δευτέρᾳ
3179 2077 3273 2130 τοῦ
3307 2077 3435 2128 ίδίου
3457 2072 3876 2144 ήσυχαστηρίσυ

2314 2172 2646 2242 κατάλειψις,
2694 2172 2787 2224 καὶ
2844 2169 2950 2223 ἀπὸ
2980 2169 3144 2222 τόπου
3176 2169 3254 2230 εἰς
3280 2166 3441 2219 τόπον
3481 2161 3872 2234 μετακίνησιςο

2312 2267 2378 2335 τῇ
2403 2263 2459 2316 δὲ
2489 2263 2745 2334 ἐμμέτρῳ
2774 2263 2868 2314 καὶ
2902 2260 3140 2331 ἐπιμόνῳ
3179 2257 3404 2330 ἐργασίᾳ.
3430 2257 3561 2327 τιμὴ
3585 2255 3684 2308 οὐκ
3711 2254 3871 2306 ἐστι’

2316 2357 2518 2408 τούτων
2555 2356 2610 2408 δὲ
2659 2357 2694 2425 ἡ
2735 2355 2956 2424 μείωσις
2999 2353 3098 2423 μὲν
3133 2349 3387 2421 πληθύνει
3439 2348 3536 2417 τὴν
3578 2346 3801 2416 ἡδονὴν,
3833 2344 3878 2414 ἠ

2317 2445 2551 2516 ἀμετρία
2579 2445 2636 2499 δὲ
2671 2444 2769 2516 τὴν
2797 2445 3019 2498 ἔκτασιν
3045 2459 3059 2473 ·
3092 2441 3182 2495 καὶ
3203 2439 3292 2494 διὰ
3331 2438 3487 2492 τοῦτο
3524 2434 3785 2489 δύσκολον
3808 2432 3880 2486 τδ

2323 2535 2456 2606 μετά
2482 2536 2558 2604 (a)
2595 2533 2762 2588 ταῦτα
2790 2536 2916 2587 ποῖα
2959 2534 3100 2603 ἆπερ
3126 2530 3541 2602 ἀπηριθμήσατο
3559 2543 3572 2555 ο
3603 2526 3750 2595 ἅπερ
3797 2525 3880 2594 μὴ

673 2616 906 2643 ..-υν.,...,
934 2616 1052 2644 ην...
1079 2616 1368 2644 ..νη-...ηιμ
1403 2616 1465 2630 υ..
1495 2616 1616 2645 Ψ...
1637 2616 1993 2638 ν.......ν...,..,
2028 2616 2223 2643 ,νη-...υ

673 2665 765 2733 qui
795 2674 941 2720 caret
969 2667 1087 2722 sine
1113 2669 1320 2722 ratione
1345 2669 1507 2724 vitam
1538 2669 1776 2738 quietam
1807 2684 1897 2723 seu
1929 2668 2224 2723 solitariam

2322 2623 2458 2693 ἔχων
2489 2622 2550 2675 ού
2580 2623 2782 2692 κυρίως
2817 2622 2958 2690 λόγῳ
2983 2619 3182 2690 ταύτην
3234 2616 3528 2689 μετελθεῖν.
3567 2651 3582 2667 .
3621 2653 3635 2668 .
3676 2654 3691 2666 .
3733 2651 3752 2667 .
3799 2649 3816 2665 .
3858 2649 3890 2667 ο

676 2765 929 2811 sectatur.
966 2799 978 2812 .
1014 2797 1030 2813 .
1067 2800 1080 2813 .
1115 2797 1130 2810 .

1271 2849 1520 2925 Scholion
1557 2850 1641 2904 10.

2632 2869 2637 2878 ”
2914 2864 3167 2932 Σχόλιον
3233 2867 3284 2916 ι’.

752 2936 854 2992 Ubi
889 2939 1138 2994 vitiorum
1179 2941 1366 3010 copia,
1407 2940 1478 2994 ibi
1517 2941 1770 2994 virtutum
1810 2940 2010 3011 inopia.

2408 2955 2472 3006 Ἢ
2499 2955 2556 3008 ἐν
2595 2956 2672 3027 τῷ
2721 2957 2933 3026 πλούτῳ
2981 2954 3078 3026 τῆς
3105 2951 3320 3016 κακίας,
3367 2949 3472 3004 τῶν
3515 2950 3724 3021 ἀρετῶν
3788 2964 3897 3002 πε-

2331 3053 2439 3106 νία.

1279 3113 1525 3169 Scholion
1565 3114 1651 3168 ll.

2903 3145 2950 3195 Σ
2952 3142 3157 3210 χόλων
3201 3146 3289 3194 ια’.

755 3202 838 3267 Ει,
873 3203 1015 3274 quod
1049 3204 1169 3258 inde
1198 3206 1459 3274 sequitur,
1485 3205 1748 3274 intelligit,
1773 3207 1984 3274 opinor,
2020 3206 2225 3274 lapsum

2411 3235 2483 3288 Τὸ
2511 3235 2635 3306 ἑξῆς
2659 3229 2830 3304 οἶμαι,
2864 3233 2897 3303 ἢ
2921 3202 3116 3302 πτῶμα
3147 3226 3528 3302 σωματικὸν,ἢ
3556 3225 3671 3288 νοὸς
3717 3223 3898 3276 ἐκτα-

683 3296 880 3361 carnis,
913 3306 1004 3351 aut
1031 3299 1222 3352 mentis
1245 3297 1407 3369 424
1431 3307 1700 3366 stuporem
1725 3315 1739 3350 :
1767 3298 1879 3351 luec
1901 3298 2040 3351 enim
2063 3313 2128 3352 ex
2151 3299 2225 3351 iu-

2316 3320 2441 3380 ’σινο
2475 3296 2726 3396 γέννημα.
2742 3326 2848 3396 γὰρ
2875 3296 3335 3394 τύφου-ταῦτα,ὼς
3368 3321 3462 3375 καὶ
3486 3296 3524 3390 ἠν
3547 3315 3898 3389 βλασφημία.

686 3389 810 3442 nato
834 3399 886 3443 et
912 3391 1052 3444 elato
1081 3391 1282 3454 animo,
1310 3392 1766 3461 quemadmodum
1795 3400 1849 3447 et
1883 3392 2232 3461 blasphemia,

690 3482 864 3537 solent
899 3484 1175 3538 exsistere.

1277 3572 1523 3627 Scholion
1558 3575 1641 3626 12-

2908 3585 3159 3652 Σχόλιον
3222 3582 3310 3651 ιβ’.

763 3661 864 3728 Qui
907 3662 988 3716 his
1019 3669 1183 3726 caret,
1217 3663 1475 3718 obedienc
1512 3677 1603 3718 seu
1637 3662 1910 3731 subjectus
1947 3678 2053 3717 non
2091 3673 2193 3718 est.

2411 3670 2530 3730 Ὀτι
2560 3676 2633 3746 μὴ
2655 3675 2789 3746 ἔχων
2809 3674 2998 3740 ταῦτα,
3033 3674 3131 3728 οὐκ
3168 3672 3313 3726 ἔστιν
3339 3669 3708 3733 ὖποτακτικός.

1282 3752 1526 3807 Scholion
1568 3753 1652 3808 15.
1717 3809 1720 3812 .

2921 3765 3175 3832 Σχόλιον
3211 3757 3302 3829 ιγ’.

761 3847 897 3912 Quia
926 3845 1159 3901 deterior
1185 3854 1269 3900 est
1313 3846 1564 3900 omnibus
1609 3846 1775 3899 nimia
1823 3845 2040 3906 libertas
2066 3853 2121 3898 ct
2151 3843 2225 3899 de.

2414 3858 2532 3910 ’Ότι
2556 3857 2734 3926 χεῖρον
2763 3855 2977 3910 ’πάντων
3013 3859 3048 3924 ἡ
3087 3853 3384 3926 ’παρρησία
3436 3869 3529 3906 και
3573 3852 3632 3906 τὸ
3683 3851 3912 3907 ἀκατά-

698 3938 867 3993 lectus
905 3938 1354 4008 compunctionis,
1391 3954 1552 4007 quam
1589 3939 1827 4006 sequitur
1859 3937 2175 3991 scurrilitas.

2347 3964 2554 4011 νυκτον,
2595 3947 2622 3999 ὃ
2655 3947 2799 4000 ἐστιν
2835 3945 3174 4015 εὐτραπελία.
3695 3961 3698 3964 ’

1288 4028 1528 4082 Scholion
1563 4030 1648 4084 M.

2932 4039 2978 4088 Σ
2978 4038 3188 4103 χόλιον
3216 4036 3295 4090 ιδ’.

769 4117 904 4172 Octo
962 4128 1089 4174 sunt
1143 4121 1401 4188 capitales
1465 4121 1715 4176 vitiorum
1771 4122 2152 4191 cogitationes,
2216 4140 2225 4172 l

2427 4129 2597 4180 Ὀκτὼ
2615 4128 2662 4180 ol
2701 4128 2903 4196 γενικοὶ
2948 4130 3042 4197 τῇς
3078 4127 3273 4193 κακίας
3308 4127 3588 4196 λογισμοίο
3633 4125 3728 4178 καὶ
3780 4127 3904 4190 τοῖς

701 4213 898 4281 quibus
946 4212 1214 4267 solitarios
1259 4227 1596 4283 oppugnant,
1627 4216 1814 4269 vitium
1856 4216 2225 4280 acedia-,vana

2351 4217 2447 4288 μὲν
2506 4217 2834 4286 ἡσυχάζουσι
2880 4216 3200 4286 πολεμοῦσιν
3222 4232 3237 4247 ο
3265 4218 3294 4271 6
3327 4216 3571 4286 ἁκηδίας,
3614 4217 3643 4267 6
3675 4215 3906 4268 κενοδοο

705 4304 906 4371 gloriae,
936 4302 1219 4371 superbiae,
1244 4303 1496 4366 tristitiae,
1523 4308 1655 4371 irae;
1694 4322 1788 4362 eos
1812 4317 1988 4361 autem
2025 4309 2118 4378 qui
2150 4309 2225 4363 sul

2349 4304 2486 4370 ξίας,
2516 4307 2544 4356 6
2564 4305 2957 4374 ὑπερηφανίας,
2979 4306 3007 4356 6
3033 4303 3226 4375 λύπης,
3257 4307 3284 4359 6
3327 4305 3528 4374 ὀργῆςο
3578 4305 3686 4364 τοῖς
3723 4302 3790 4355 δὲ
3844 4304 3910 4356 ὲν

707 4395 1009 4450 obedientia
1041 4394 1248 4459 vivunt,
1290 4395 1433 4464 gula,
1471 4395 1705 4462 luxuria,
1739 4399 1983 4452 avaritia.

2351 4397 2669 4472 ὑποταγῇνδ
2683 4396 2780 4466 τῆς
2796 4397 3250 4468 γαστριμαργίας,
3272 4398 3300 4450 6
3323 4397 3417 4467 τῆς
3445 4395 3709 4466 πορνείας,
3736 4396 3770 4448 6
3799 4395 3910 4465 τῆς

2355 4483 2726 4555 φιλαργυρίας.

1303 4569 1548 4624 Scholion
1580 4569 1665 4624 l5.

2313 4583 2329 4631 ι
2936 4582 2981 4632 Σ
2982 4580 3188 4646 χόλιον
3235 4587 3312 4633 ιε’.

785 4659 979 4713 Parens
1009 4662 1249 4730 quaedam
1281 4661 1530 4717 vitiorum
1563 4669 1645 4715 est
1684 4659 1894 4729 pigritia
1920 4678 1934 4713 :
1965 4675 2084 4730 quae
2112 4661 2225 4714 enin

2427 4663 2623 4731 Μήτηρ
2673 4662 2855 4716 κακῶν
2887 4662 3135 4735 [κακιῶν]
3179 4681 3272 4727 τις·
3311 4665 3456 4716 ἐστιν
3485 4663 3519 4732 ἡ
3551 4659 3831 4730 ῥᾳθυμία·
3872 4662 3912 4715 ἃ

718 4745 853 4798 bona
899 4746 990 4799 tibi
1027 4749 1381 4816 comparasti,
1415 4748 1570 4804 facile
1604 4747 1804 4816 eripit;
1857 4747 2056 4816 quibus
2085 4761 2225 4802 cares

2365 4749 2461 4818 μὲν
2501 4749 2606 4820 γάρ
2647 4749 2800 4818 ἔσχες
2833 4753 3057 4820 χρηστὰ,
3085 4747 3221 4822 συλᾷ
3257 4751 3478 4821 ῥᾳδίωςο
3500 4750 3596 4804 ἅδ’
3623 4750 3724 4802 οὐκ
3757 4749 3917 4819 ἔχεις

718 4843 871 4890 cavet
905 4849 973 4890 ne
1003 4839 1267 4905 acquiras.

2365 4841 2523 4893 ῐδεισε
2561 4839 2739 4893 λαϐεῖν
2767 4841 2962 4894 κωλύει
2996 4840 3091 4910 (6).

1237 4971 1239 4976 -
1299 4930 1547 4985 Scholion
1591 4929 1676 4985 16.

2926 4933 3180 5000 Σχόλιον
3237 4936 3333 4994 ις’.
3355 4980 3357 4983 .

787 5017 919 5071 Nam
966 5016 1058 5086 qui
1107 5032 1214 5070 non
1245 5027 1396 5074 extra
1436 5036 1595 5076 curas
1633 5031 1751 5086 est,
1796 5024 2067 5089 quomodo
2091 5033 2225 5094 potet

2436 5022 2536 5075 Τὸν
2561 5023 2666 5094 γὰρ
2697 5021 2770 5092 μὴ
2797 5022 3130 5093 κτησάμενον
3163 5022 3510 5092 ἀμεριμνίας,
3543 5021 3658 5083 πῶς
3681 5021 3917 5075 δυνατὸν

725 5109 970 5178 precibus
999 5122 1210 5174 vacare,
1246 5117 1340 5163 aut
1375 5125 1468 5165 cor
1500 5114 1846 5185 animumque
1877 5130 1942 5170 eo
1967 5115 2225 5171 intendert

2313 5125 2321 5131 '
2365 5114 2751 5186 ἐπιμεληθῆναι
2772 5111 3118 5185 προσευχῇ,ἢ
3150 5109 3444 5181 καρδιακῆς
3462 5110 3761 5182 προσοχῆᾷ

1281 5199 1413 5254 Elite
1444 5202 1719 5260 Cretensis.

2953 5202 3061 5256 Τοῦ
3111 5203 3321 5255 Ἐλέου.
3638 5206 3642 5209 ’

796 5288 929 5344 Tres
956 5290 1227 5360 profectus
1254 5307 1349 5346 seu
1380 5292 1593 5350 ordines
1621 5312 1712 5350 seu
1749 5299 1945 5368 gradus
1984 5297 2225 5362 praesenti

2434 5298 2592 5368 Τρεῖς
2625 5293 2903 5362 προκοπὰς
2950 5293 3058 5368 εἴτε
3097 5291 3272 5358 τάξεις
3301 5289 3410 5344 εἶτε
3441 5290 3676 5362 βαθμοὺς
3697 5292 3911 5358 inde

727 5384 827 5438 bus
854 5383 968 5451 (seu
1004 5383 1269 5452 adductis)
1295 5383 1475 5439 verbis
1503 5383 1656 5442 docet
1693 5388 1907 5444 divinus
1946 5389 2034 5444 hic
2080 5399 2225 5456 pater

2368 5386 2619 5458 παροῦσι,
2643 5383 2877 5438 διδάσκει
2903 5383 2932 5434 6
2956 5381 3096 5445 θεῖος
3143 5373 3297 5443 οὗτος
3339 5380 3542 5453 πατὴρ,
3569 5381 3917 5451 ἀμεριμνίαν

728 5475 970 5530 omnium
1001 5474 1126 5529 vitae
1150 5489 1400 5530 curarum
1441 5474 1855 5543 abdicationem,
1885 5489 1938 5534 et
1965 5495 2085 5550 qua:
2108 5480 2225 5533 vita]

2366 5478 2421 5530 ἐν
2450 5475 2526 5546 τῷ
2550 5475 2648 5545 βίῳ
2673 5476 2763 5527 καὶ
2783 5467 2864 5535 οἷς
2895 5465 3044 5541 οὗτος
3097 5470 3538 5539 συγκαταλύεται,
3592 5471 3914 5544 προσευχὴν

801 5655 877 5720 (a)
898 5653 1066 5707 Aliter
1094 5651 1306 5723 μέτρον.
1330 5651 1553 5723 Difﬁcile
1575 5659 1657 5704 est
1681 5652 1909 5723 medium
1935 5656 2191 5723 attingere
2212 5655 2263 5707 in
2365 5652 2480 5721 qui,
2509 5661 2563 5706 et
2599 5651 2747 5705 locus
2786 5649 2898 5717 ipse
2919 5646 3004 5702 hic
3054 5649 3107 5703 in
3133 5647 3421 5706 scholiaste
3450 5665 3556 5705 non
3603 5657 3687 5705 est
3722 5648 3918 5719 justus

734 5723 802 5775 iis
821 5721 1302 5790 quaaenunieravit,
1325 5722 1519 5789 quibus
1545 5721 1824 5790 tamenqui
1841 5731 2001 5785 caret,
2022 5721 2126 5778 non
2144 5739 2264 5777 cum
2365 5732 2415 5776 et
2448 5723 2668 5789 integer.
2761 5785 2780 5790 Δ
2821 5785 2860 5790 __
2923 5785 2935 5790 Δ
3013 5785 3034 5790 _
3181 5786 3225 5790 μ
3440 5789 3447 5790 ί
3520 5765 3548 5790 _.

737 5785 940 5858 ratione
968 5793 1259 5847 solitariam
1283 5785 1446 5844 vitam
1471 5798 1724 5858 sectatur.
1752 5785 1766 5787 “
1785 5788 2047 5858 Caeterum
2111 5793 2225 5846 sciit

2437 5790 2510 5855 (ὁ)
2541 5785 2734 5858 Ἴσως,
2757 5785 2792 5839 ἃ
2816 5785 2861 5837 δ’
2884 5785 2982 5858 οὐκ
3008 5785 3151 5856 ἐχειν
3172 5786 3283 5858 ᾔδει
3303 5805 3385 5853 σε,
3438 5787 3620 5842 λαϐεῖν
3667 5785 3920 5856 κωλύεις

740 5857 919 5918 liastcs
944 5863 1055 5932 ipse
1072 5862 1264 5919 fatetur
1287 5876 1345 5918 se
1368 5859 1508 5915 hunc
1533 5857 1754 5914 Climaci
1783 5857 1957 5914 locum
1989 5876 2095 5917 non
2121 5875 2269 5918 assc-
2369 5854 2558 5930 quiete
2587 5857 2722 5912 novit
2753 5870 2853 5909 non
2886 5854 3088 5922 habere,
3117 5854 3345 5927 prohibet
3376 5859 3658 5927 acquirere.
