4032 6340
194 468 335 537 1121

1150 471 1374 530 SCALA
1406 434 1773 529 P'ARADISI.
1809 490 1878 504 —
1898 467 2202 527 GRADUS
2234 466 2486 532 XXVII.

3244 478 3383 547 1125

190 586 414 651 ἄοκνον,
448 587 543 641 καὶ
595 584 1068 657 τρίτοννὲργασίαν
1112 584 1332 654 καρδίας
1362 583 1553 637 ἄσυλον
1572 598 1586 612 ·
1607 580 1734 633 ὥστε

1845 577 1910 633 ad
1939 590 2163 634 mortem
2191 597 2363 650 usque
2388 584 2714 639 comitantur
2738 588 3033 644 orationem
3066 591 3381 665 impigram;

187 674 381 744 δῆλον.
406 676 486 730 ὅτι
526 675 687 746 μέσον
726 677 991 747 ἑκατέρων
1038 673 1143 727 τῶν
1170 674 1353 743 ἄκρων
1381 675 1414 741 ὴ
1470 670 1742 741 προσευχὴ

190 763 397 816 κεῖται.
464 764 523 815 ’0
548 763 727 817 τοίνυν
752 763 846 834 τὴν
878 762 1204 834 ἀμεριμνίαν
1258 760 1612 831 κτησάμενος,
1649 758 1742 811 καὶ

186 852 271 904 τὰ
314 852 440 919 ἑξῆς
478 853 699 906 δύναται
744 853 1034 922 μετελθεῖν.
1062 850 1134 903 Τὸ
1187 851 1348 921 μέσον
1371 846 1464 903 οὖν
1483 850 1589 901 τῶν
1629 848 1740 911 δύο,

185 940 318 1011 ἦτοι
342 944 441 1012 τὴν
477 943 781 1013 προσευχὴν
822 944 952 1012 φησι
1002 940 1376 1011 μετεχόμενος,
1444 941 1501 992 ὲν
1562 938 1742 1008 μέσοις

183 1033 397 1100 γέγονα
438 1036 546 1097 τοῖς
572 1035 773 1099 καλοῖς,
810 1033 902 1085 καὶ
933 1033 1097 1103 μήπω
1128 1032 1263 1102 πρὸς
1290 1030 1350 1084 τὸ
1386 1029 1564 1099 ἕτερον
1614 1027 1743 1080 ἀνα.-
1770 1095 1774 1097 Α

188 1121 411 1207 ϐέϐηκα
423 1124 529 1177 τῶν
557 1124 773 1193 ἀγαθῶν
802 1124 875 1194 (b)

770 1385 1026 1450 Σχόλιον
1089 1379 1173 1445 ιζ’.

261 1453 695 1541 Προερχόμενος,
712 1472 865 1542 φησὶ,
881 1473 976 1542 τῆς
998 1472 1188 1543 κέλλης
1209 1474 1438 1543 φύλαττε
1462 1474 1533 1544 μὴ
1549 1472 1741 1543 θριαμ-

184 1559 399 1634 ϐεύσῃς
432 1565 529 1625 τὰς
559 1563 776 1633 ἀρετὰς,
806 1563 869 1629 ἃς
902 1566 1139 1635 εἰργάσω
1165 1566 1223 1617 ἐν
1250 1567 1467 1637 ἡσυχίᾳ.
1505 1565 1607 1619 Τοῦ
1634 1565 1740 1635 γὰρ

187 1652 460 1721 πόματος
484 1654 805 1722 ἀφυλάκτως
834 1655 1200 1725 ἀνοιγομένου,
1226 1658 1317 1710 καὶ
1348 1657 1741 1729 προπετευομέ-

184 1758 307 1809 νου,
333 1744 389 1795 αἱ
423 1745 481 1796 ὲν
512 1745 733 1816 κρυπτῷ
784 1746 992 1815 ἀρεταὶ,
1024 1748 1080 1799 αί
1134 1746 1225 1799 τὸν
1279 1747 1401 1800 νοῦν
1434 1748 1566 1820 πρὸς
1611 1748 1739 1799 Θεὸν

182 1829 515 1898 ἀνυψοῦσαι,
542 1833 860 1885 ἀπόλλυνται
897 1833 989 1887 καὶ
1009 1832 1233 1902 ἄφαντοι
1260 1836 1494 1903 γίνονται
1522 1851 1534 1867 ’
1569 1835 1736 1904 στόμα

96 1972 105 1978 ,
182 1920 301 1991 γὰρ
332 1960 350 1987 ,
378 1923 529 1992 φησὶ,
558 1926 816 1995 προπετεζ
839 1924 1044 1993 ἐγγίζει
1084 1926 1361 1997 συντριϐῇ.

861 2096 1069 2151 Ἄλλο.

268 2178 342 2231 Ἦ
372 2178 476 2245 ἔξω
531 2180 629 2251 τῆς
674 2181 868 2251 κέλλης
925 2184 1149 2256 συνεχὴς
1175 2185 1418 2258 διατριϐὴ
1464 2187 1603 2241 ἔστω
1634 2206 1736 2242 πα-

180 2271 469 2339 ραιτητὰι,
495 2270 650 2341 εἴπερ
679 2273 963 2343 ἡσυχάζειν
991 2277 1241 2346 ᾑρετίσω.
1282 2278 1433 2330 Ἐστι
1478 2278 1584 2350 γὰρ
1620 2280 1737 2330 ὲπι-

179 2359 388 2429 ξήμιος
436 2361 610 2413 πάνυ·
694 2365 1005 2436 ἀφαιρεῖται
1068 2370 1164 2437 τὴν
1219 2369 1412 2440 ψυχὴν,
1460 2372 1639 2422 σκοτοί
1676 2370 1735 2423 τὸ

179 2448 466 2517 φρόνημα,
492 2451 741 2521 μαραίνει
769 2454 860 2505 τὸν
900 2455 1086 2510 ’πόθον⁹
1150 2458 1237 2517 δ,ιά
1290 2458 1443 2511 τοῦτο
1491 2460 1730 2529 εἴρηταιο

190 2535 571 2606 Ῥεμϐασμός
603 2542 916 2611 ἐπιθυμίας
939 2547 1286 2611 μεταλλεύει
1312 2538 1459 2601 νοῦν
1488 2548 1727 2601 ἄκακον.

178 2629 487 2698 Τοιγαροῦν
507 2631 670 2685 κόπτε
695 2632 801 2685 τῶν
844 2634 1051 2687 πολλῶν
1074 2636 1169 2699 τὰς
1204 2626 1433 2706 exeat},
1466 2642 1538 2708 μή
1570 2656 1661 2692 σου
1690 2641 1732 2709 ,ὁ

178 2719 317 2782 νοῦς
343 2722 975 2796 περιστατικδςγένηται,
1009 2728 1100 2779 καὶ
1128 2728 1332 2800 ταράξῃ
1358 2730 1446 2784 τὸν
1473 2732 1572 2794 τῆς
1602 2734 1731 2801 ἡσυ-

179 2808 319 2879 χίας
332 2811 549 2881 τρόπον.

666 2993 919 3061 Σχόλιον
960 2996 1149 3050 Ἰσαὰκ
1189 3004 1273 3066 ιη’.

144 3133 153 3141 ,
257 3080 527 3153 Καθάπερ
560 3081 619 3135 ού
651 3082 925 3138 δύναταιὸ
946 3087 1043 3159 τὴν
1075 3090 1311 3161 κεφαλὴν
1354 3091 1490 3161 ἔχων
1536 3095 1639 3147 ὑπὸ
1668 3097 1727 3148 τὸ

180 3171 340 3243 ὕδωρ
360 3173 686 3227 ἀναπνεῦσαι
714 3174 802 3229 τὸν
830 3176 984 3248 ἀέρα,
1022 3180 1112 3233 τὸν
1156 3180 1365 3246 λεπτὸν,
1404 3184 1492 3237 τὸν
1516 3186 1727 3255 ἐπιχεό-

1846 670 2023 724 cordis
2065 670 2372 729 inviolabile
2427 675 2664 729 studium
2711 692 2805 732 seu
2859 682 3264 749 operationem,
3324 694 3384 739 ut

1846 758 2129 823 manifeste
2158 771 2368 829 pateat,
2408 765 2643 819 medium
2672 767 2812 821 inter
2838 769 2944 823 duo
2974 781 3210 827 extrema
3242 774 3385 840 posi-

1845 857 1956 901 tum
1988 863 2127 912 esse,
2164 852 2482 905 orationem.
2524 851 2627 918 Qui
2660 870 2788 925 ergo
2812 858 3061 912 omnibus
3083 861 3205 914 vitae
3239 861 3385 916 curis

1845 951 1903 989 se
1941 937 2243 1002 abdicavit,
2299 942 2496 1009 poterit
2523 945 2682 998 etiam
2722 945 2788 999 ad
2825 960 2886 999 ea
2920 962 3044 1016 quae
3085 961 3387 1018 sequuntur

1845 1028 1993 1080 eniti.
2029 1026 2461 1101 Medium'ergoe
2480 1033 2707 1101 duobus,
2739 1036 2930 1105 inquit,
2960 1051 3239 1094 assecutus
3262 1056 3383 1109 ego,

1846 1118 1897 1170 in
1923 1117 2112 1172 mediis
2137 1123 2353 1175 constiti
2392 1123 2653 1178 bonorum
2683 1141 2778 1180 seu
2808 1128 3059 1181 virtutum
3088 1129 3262 1194 bonis,
3290 1146 3385 1184 ex-

1846 1217 2180 1277 tremumque
2208 1213 2432 1279 gradum
2458 1214 2719 1269 bonorum
2746 1230 2842 1272 seu
2863 1218 3115 1272 virtutum
3146 1220 3382 1273 nondum

1846 1298 2159 1353 conscendi.
3124 1314 3135 1323 '

2448 1389 2687 1445 Scholion
2724 1393 2810 1446 i7.
2858 1450 2861 1453 ,

1918 1475 1959 1529 E
1986 1478 2115 1531 cella
2146 1487 2233 1533 tua
2269 1495 2524 1551 egressus
2546 1497 2673 1538 cave
2702 1499 2767 1537 ne
2796 1483 2963 1554 jactes
3000 1488 3207 1555 palam,
3248 1502 3383 1555 quas

1844 1567 1896 1620 in
1945 1569 2156 1623 silentio
2198 1580 2253 1625 et
2302 1573 2589 1628 solitudine
2638 1578 2921 1631 exercuisti
2970 1581 3213 1632 virtutes.
3280 1578 3386 1633 Ore

1843 1659 1984 1713 enim
2022 1660 2236 1714 incaute
2268 1654 2525 1727 reserato,
2559 1674 2860 1736 temereque
2894 1669 3257 1738 praecipitante
3278 1672 3386 1723 vir-

1843 1757 1982 1803 tutes
2034 1751 2089 1803 itt
2130 1751 2339 1805 occulto
2388 1763 2594 1820 partte,
2645 1771 2765 1824 quae
2806 1769 3036 1811 mentem
3096 1761 3158 1813 ad
3219 1761 3382 1815 Deum

1842 1841 2222 1907 sublintabant,
2256 1852 2479 1910 pereunt
2510 1853 2565 1897 et
2594 1858 2943 1902 evanescunt.
2998 1851 3069 1903 Os
3097 1852 3261 1915 enim,
3296 1852 3380 1903 itt-

1766 1928 1808 1984 B
1836 1929 1987 1996 quit,
2033 1931 2219 1985 invitat
2256 1928 2321 1985 ad
2362 1947 2642 2000 procacem
2672 1935 3081 1992 collocutionem
3123 1955 3215 1993 seu
3259 1958 3381 2009 gar-

1840 2020 2011 2074 riendi
2056 2021 2522 2077 consuetudinem.

2530 2113 2709 2169 Aliud.

1903 2182 2080 2270 Longa
2112 2211 2164 2256 et
2193 2202 2444 2272 frequens
2468 2214 2616 2258 extra
2640 2207 2827 2260 cellam
2861 2224 3008 2262 mora
3043 2210 3135 2263 tibi
3171 2211 3381 2278 penitus

1838 2290 2159 2358 repudianda
2185 2304 2285 2354 est,
2310 2294 2571 2362 siquidem
2601 2297 2895 2351 solitariam
2918 2301 3077 2352 vitam
3101 2301 3341 2370 delegisti
3364 2322 3377 2368 ;

1837 2390 1918 2432 est
1944 2381 2085 2434 enim
2129 2383 2430 2449 pertticiOsa
2460 2384 2632 2449 valde,
2653 2396 2706 2439 et
2732 2389 2966 2443 animant
2988 2394 3185 2459 perdit,
3218 2398 3380 2450 menti

1840 2471 2079 2522 tenebras
2106 2469 2331 2525 offundit
2362 2474 2547 2544 [animi
2582 2492 2799 2532 sensum
2827 2480 3128 2555 obtundit],
3171 2486 3381 2541 deside-

1837 2558 1972 2612 rium
1999 2574 2171 2612 reruttt
2191 2565 2490 2617 coe.estium
2508 2568 2815 2637 exstinguit.
2832 2570 2989 2641 425
3010 2574 3158 2630 Unde
3179 2578 3379 2631 dictum

1835 2658 1916 2701 est
1940 2650 1971 2701 τι
2004 2648 2367 2705 Inconstantia
2391 2658 2819 2724 concupiscentia:
2845 2669 3143 2717 transvertit
3172 2684 3376 2719 sensum

1834 2740 1945 2793 sine
2002 2741 2211 2794 malitia
2233 2743 2274 2796 ⁸.
2332 2744 2669 2814 Quapropter
2736 2754 2976 2808 rescinde
3024 2772 3209 2811 omnes
3252 2774 3376 2826 erga

1834 2830 1968 2885 alios
1996 2834 2240 2897 allectus,
2283 2852 2348 2890 tte
2392 2854 2544 2893 mens
2576 2842 2833 2897 fluctuare
2863 2845 3102 2915 incipiat,
3132 2860 3184 2901 et
3229 2849 3377 2901 babi-

1835 2930 1945 2974 tum
1981 2924 2175 2991 quietis
2214 2934 2266 2978 et
2300 2928 2609 2985 solitudinis
2648 2935 2923 3001 perturbet

2306 3015 2549 3072 Scholion
2583 3019 2757 3075 lsaaci
2800 3024 2884 3077 18.

1898 3102 2355 3168 Quemadmodum
2388 3110 2478 3177 qui
2506 3122 2664 3179 caput
2692 3113 2793 3166 sub
2820 3129 2957 3183 aqua
2994 3116 3169 3180 habet,
3202 3118 3373 3174 subti-

1838 3195 1939 3248 lent
1968 3204 2019 3248 et
2066 3196 2117 3248 in
2151 3197 2255 3250 ltoc
2281 3214 2453 3252 vacuo
2482 3203 2666 3255 mundi
2708 3205 2880 3271 spatio
2907 3204 3155 3259 diffusum
3196 3224 3372 3263 aerem

183 3280 358 3332 μενον
382 3266 441 3317 ἑν
459 3264 535 3336 τῷ
553 3266 734 3335 κόλπῳ
758 3267 834 3338 τῷ
856 3268 993 3338 κενῷ
1014 3271 1203 3341 τούτῳ,
1232 3272 1400 3335 οὕτως
1422 3274 1480 3325 οὐ
1510 3275 1728 3329 δύναται

1834 3294 2040 3353 captare
2072 3301 2177 3340 non
2230 3276 2440 3357 potest,
2496 3290 2565 3343 ita
2603 3293 2694 3360 qtti
2747 3303 2980 3348 mentem
3026 3312 3177 3351 suam
3229 3304 3376 3356 curis

176 3356 212 3407 ὁ
248 3355 525 3425 βαπτίζων
566 3361 667 3433 τὴν
703 3364 933 3419 διάνοιαν
962 3364 1121 3416 αὑτοῦ
1165 3365 1222 3415 ὲν
1268 3367 1331 3433 τῇ
1376 3366 1611 3435 μερίμνῃ
1661 3370 1726 3438 τῇ

1834 3376 1947 3430 vita:
1989 3380 2268 3445 praesentis
2306 3381 2603 3435 demersam
2658 3385 2854 3450 habet,
2908 3403 3013 3440 non
3068 3402 3243 3459 potest
3290 3410 3370 3447 re-

180 3444 423 3500 ἐνταῦθα
477 3452 814 3518 είσδέξασθαι
860 3456 957 3525 τὴν
995 3454 1397 3525 ἀναπνοὴνίτῆς
1432 3455 1731 3527 αἰσθήσεως

180 3535 408 3609 ἐκείνης
432 3539 524 3593 τοῦ
546 3542 748 3614 κόσμου
776 3545 870 3600 τοῦ
906 3547 1108 3602 καινοῦ.

776 3640 821 3692 Σ
822 3639 1027 3706 χόλιον
1070 3639 1152 3693 ιθ’.

269 3717 515 3790 Ἔρημός
541 3724 688 3779 ἐστιν
717 3728 750 3798 ἡ
770 3729 976 3799 φρενῶν
998 3732 1249 3802 ἀκοσμία.

848 3908 1049 3961 Ἄλλο.

258 3990 327 4044 El
357 3989 533 4059 βούλει
579 3995 841 4066 διηνεκῶς
874 4000 1225 4069 μνημονεύειν
1245 4002 1398 4065 Θεοῦ,
1425 4006 1495 4075 μὴ
1527 4006 1728 4060 ἀπόθου

178 4084 263 4149 ὥς
304 4084 517 4150 ἀδίκους
552 4088 651 4151 τὰς
676 4089 937 4160 ἐπιφοράς
961 4105 975 4119 ·
1004 4090 1138 4144 ἀλλά
1170 4093 1380 4157 δικαίας
1405 4096 1729 4166 ἐπιφερομέ-

179 4194 287 4240 νας
308 4177 575 4248 ὐπόφερε·
608 4180 642 4250 ἡ
678 4180 775 4250 μὲν
814 4181 921 4251 γὰρ
956 4182 1196 4253 ὑπομονὴ
1225 4184 1290 4237 δι’
1324 4187 1553 4256 ἑκάστης
1588 4205 1728 4258 συμ-

1830 3469 2035 3523 soirare
2068 3485 2133 3524 ex
2171 3484 2330 3527 sensu
2372 3472 2465 3527 illo
2499 3476 2621 3528 novi
2657 3486 2710 3530 et
2741 3479 2960 3535 alterius
2996 3483 3203 3536 mundi.

2410 3647 2664 3704 Scholion
2698 3652 2782 3706 l9.

1890 3734 2135 3793 Solitudo
2183 3749 2265 3795 est
2319 3741 2593 3811 neglectus
2650 3744 2853 3817 ingenii
2927 3760 3022 3800 seu
3079 3749 3370 3817 prutletttize

1830 3828 2056 3882 callidae.

2507 3928 2681 3985 Aliud.

1897 4015 1953 4071 Si
1980 4019 2061 4073 vis
2093 4034 2302 4089 semper
2331 4020 2423 4074 Dei
2457 4024 2770 4078 memoriam
2802 4034 2973 4085 tecum
3001 4029 3366 4106 circumferre,

1826 4122 1931 4160 non
1987 4109 2197 4164 reiicias
2249 4121 2500 4178 tanquam
2576 4113 2846 4172 immerito
2892 4122 2987 4175 tibi
3056 4124 3230 4182 illatas
3279 4148 3368 4185 c.1-

1825 4196 2091 4263 lumnias,
2149 4199 2241 4252 sed
2310 4209 2565 4269 tanquam
2629 4205 2774 4273 juste
2830 4208 3096 4280 irrogatus
3160 4215 3368 4274 [οι-ιὶιιιι·

180 4268 401 4331 δάσεως
424 4267 521 4341 τὴν
545 4270 762 4340 μνήμην
790 4271 1031 4324 ἀνακινεῖ
1054 4289 1067 4303 ·
1088 4275 1119 4343 ἡ
1144 4274 1200 4325 δὲ
1241 4275 1564 4346 παραίτησις
1591 4281 1729 4346 μειοῖ

1834 4287 2063 4342 sustine:
2113 4290 2365 4357 patientia
2395 4292 2536 4345 enint
2579 4309 2675 4363 per
2697 4313 3071 4371 quemcunque
3101 4323 3283 4363 casum
3316 4327 3368 4367 et

178 4359 286 4436 τὸν
318 4358 670 4431 ἐφεδρεύοντα
709 4362 807 4432 τῆς
864 4363 1086 4433 καρδίας
1134 4365 1312 4431 πόνον,
1365 4368 1456 4419 καὶ
1500 4367 1586 4419 διά
1631 4369 1729 4438 τῆς

1834 4388 2065 4433 eventum
2120 4383 2433 4436 memoriam
2468 4383 2701 4441 refricat.
2768 4389 3055 4451 Recusatio
3099 4415 3225 4454 vero
3262 4406 3367 4456 nti-

178 4448 425 4513 ἀνέσεως
464 4449 562 4519 τὴν
593 4450 758 4521 λήθην
797 4450 1104 4520 ἐργάζεται.

774 4628 1025 4694 Σχόλιον
1048 4635 1094 4681 κ’

259 4710 480 4780 Πτωχδν
513 4712 605 4765 τὸν
646 4714 927 4786 ἀκτήμονα
968 4718 1051 4781 τίς
1073 4718 1258 4786 λέγει;
1312 4721 1447 4788 Ἐγὼ
1487 4722 1543 4774 δὲ
1573 4719 1723 4793 οἶμαι

178 4804 284 4859 τὸν
310 4804 578 4859 ταπεινόν.

810 4900 1061 4968 Σχὸλιον
1084 4908 1189 4956 καν.

261 4985 511 5058 Χώρημα
546 4987 769 5059 καρδίας
815 4986 969 5063 sint;
999 4992 1079 5053 είς
1123 4991 1251 5043 Θεόν
1276 5007 1290 5023 ο
1318 4994 1640 5063 στενοχωρία
1665 4995 1721 5050 δὲ

182 5052 373 5147 αὐτῆς.
391 5052 607 5149 ιρροντὶς
621 5052 894 5148 σώματος.
922 5052 931 5093 κ

618 5169 869 5236 Σχόλιογ
903 5170 1143 5238 Μάρκου
1177 5174 1276 5243 κβ’.

261 5257 465 5328 Μνήμη
491 5257 623 5311 Θεοῦ
661 5262 775 5313 ἐστι
815 5260 970 5324 πόνος
1008 5265 1228 5334 καρδίας
1268 5262 1405 5335 ὑπὲρ
1448 5266 1723 5335 εὐσεϐείας

182 5345 473 5415 γινόμενος
491 5366 504 5379 ·
539 5353 647 5412 πᾶς
675 5351 731 5404 δὲ
761 5352 789 5403 ό
819 5351 1293 5424 ἐπιλανθανόμενος
1320 5356 1411 5409 τοῦ
1431 5356 1565 5411 Θεοῦ
1595 5362 1720 5430 ἡδυ-

184 5436 369 5508 παθὴς
396 5440 488 5489 καὶ
512 5440 807 5511 ἀνάλγητος
838 5442 1060 5509 γίνεται.

263 5622 287 5655 ⁸
308 5622 435 5691 Sap.
468 5638 540 5685 tv,
575 5624 659 5679 12.

267 5778 339 5860 (ρ)
381 5778 626 5861 Disputat
668 5782 855 5861 deinde
887 5784 1028 5840 Elias
1049 5786 1316 5845 Cretensis
1377 5794 1591 5861 copiose
1652 5798 1717 5851 de

189 5850 399 5905 visione
428 5851 668 5905 L‘litttaco
696 5855 889 5917 oblata.
922 5874 1081 5928 quam
1149 5862 1287 5931 apud
1337 5850 1579 5918 mmidcm
1640 5850 1715 5921 le;

1824 4471 1941 4531 nuit
1983 4478 2340 4540 Opportunum
2391 4475 2570 4528 cordis
2625 4478 2902 4550 laborem,
2951 4496 3007 4541 et
3053 4503 3146 4557 per
3192 4506 3366 4547 cessa-

1826 4558 2043 4625 tionem,
2080 4562 2396 4616 oblivionem
2436 4563 2662 4622 inducit.

2414 4652 2658 4713 Scholion
2693 4662 2782 4715 20.

1894 4743 2024 4809 Quis
2048 4755 2203 4798 vocat
2244 4745 2389 4798 illum
2417 4749 2510 4816 qui
2552 4766 2611 4806 se
2658 4755 2813 4812 bonis
2855 4757 3119 4813 abdicavit
3154 4763 3361 4820 mendi-

1750 4888 1757 4895 κ
1828 4834 1992 4887 cum?
2048 4834 2158 4906 Ego
2194 4837 2447 4892 humilem
2483 4842 2823 4915 interpretor.

2414 4928 2662 4991 Scholion
2694 4940 2782 4994 21.

1885 5018 2074 5075 Cordis
2109 5020 2408 5090 perfugium
2449 5042 2544 5082 seu
2589 5035 2978 5102 receptaculum
3012 5041 3094 5088 est
3142 5048 3266 5104 spes
3305 5037 3357 5092 itt

1827 5110 2013 5166 Deum.
2068 5112 2261 5169 Carcer
2298 5120 2474 5175 cordis
2510 5130 2592 5177 est
2632 5138 2759 5178 cura
2794 5125 3057 5193 corporis.

2304 5207 2549 5265 Scholion
2582 5214 2749 5268 Marci
2796 5216 2881 5267 22.

1888 5292 2139 5348 Memoria
2174 5294 2265 5351 Dei
2290 5308 2370 5353 est
2406 5302 2558 5357 labor
2585 5307 2761 5360 cordis
2791 5307 3001 5375 pictatis
3040 5323 3202 5366 causa
3232 5327 3353 5367 sus-

1826 5394 2026 5454 ceptus.
2100 5385 2413 5459 Quicunque
2464 5404 2643 5449 autem
2705 5396 2794 5449 Dei
2850 5399 3202 5465 obliviscitur,
3262 5418 3352 5456 vo-

1826 5476 2024 5547 luptate
2052 5482 2293 5549 corporis
2325 5492 2379 5537 et
2411 5488 2573 5541 animi
2608 5497 2821 5557 stupore
2855 5506 3160 5563 occupatur.

1822 5799 2426 5877 ges.Estsubobscura,
2495 5811 2562 5866 ita
2619 5820 2679 5867 ut
2743 5817 3154 5875 commentarius
3197 5833 3344 5877 com-

1822 5871 2082 5925 mentario
2107 5873 2354 5942 indigeat.
