4032 6340
573 419 587 432 κ
679 395 813 459 1119

1879 409 1939 468 S.
2001 411 2314 474 JUANNlS
2349 417 2643 478 CLIMACI

3730 421 3876 488 1120

674 520 861 560 eorum
899 505 989 573 qui
1041 504 1152 573 jam
1197 503 1556 574 prolcoerunt.
1613 511 1718 566 Alii
1773 512 1837 566 ad
1884 519 2212 586 contempla-

2329 521 2413 592 ἤδη
2452 524 2867 593 προκοψάντων·
2915 528 2963 580 oi
2991 527 3047 580 δὲ
3089 529 3155 597 τῇ
3195 525 3396 598 θεωρίᾳ
3444 528 3868 592 ὲνατενίζουσιν,

677 595 875 646 tionem
927 593 1277 658 incumbunt,
1335 590 1478 664 quod
1531 609 1613 654 est
1669 601 1778 670 jam
1842 603 2218 672 perfectorum.

676 686 816 757 Ergo
842 688 909 742 ab
942 689 1320 746 humilioribus
1344 695 1627 764 coaptando
1657 698 1722 751 ad
1761 699 1948 755 altiora
1995 704 2223 758 recurrit

677 781 941 836 sermonis
987 783 1191 837 ratione
1228 785 1374 840 velut
1413 787 1557 841 scala
1600 804 1750 844 usus.
1802 789 1934 845 Nam
1975 795 2117 848 scala
2155 795 2222 850 ab

677 871 876 926 inlimis
938 873 1190 941 gradibus
1246 884 1302 931 et
1354 877 1520 933 radiis
1569 880 1635 934 ad
1697 880 1888 937 altiora
1945 887 2223 941 consuevit

677 965 990 1021 ascendere.

1278 1057 1524 1115 Scholion
1563 1061 1617 1116 'l.

746 1147 941 1203 Animo
979 1151 1261 1222 concipere
1287 1154 1544 1211 .dolorem
1583 1167 1637 1212 et
1685 1159 1954 1216 tristitiam
2006 1176 2224 1235 superat

680 1256 891 1297 onmem
930 1245 1174 1314 corporis
1213 1245 1449 1302 laborem
1487 1249 1965 1321 etl'atigationem.

1285 1337 1531 1394 Scholion
1566 1341 1619 1396 8.

747 1422 861 1477 Non
895 1440 1054 1481 secus
1083 1442 1146 1483 ac
1173 1443 1392 1485 servum
1419 1435 1716 1489 venientem
1747 1435 1963 1507 quando
1985 1437 2100 1495 vult
2127 1441 2198 1497 do

677 1532 881 1572 minus.

1283 1631 1532 1688 Scholion
1564 1637 1616 1692 9.

749 1717 1001 1788 Corporis
1030 1719 1440 1797 [membrorum]
1470 1729 1839 1786 remissionem
1868 1735 2113 1804 sequitur
2139 1749 2224 1790 co-

680 1809 998 1873 gitationum
1033 1815 1277 1884 evagatio
1305 1826 1360 1871 et
1393 1817 1730 1888 inquinatio;
1769 1823 2115 1881 immodicum
2153 1827 2228 1881 la-
2257 1852 2298 1906 Β

682 1900 867 1955 borem
918 1902 1169 1972 pigritia;
1233 1905 1502 1976 pigritiam
1555 1913 1643 1966 illa
1681 1917 1940 1983 evagandi
1989 1916 2252 1983 libertas,»

680 2011 906 2063 quarum
939 2000 1103 2055 altera
1134 2001 1310 2058 dillert
1358 2005 1425 2058 ab
1455 2005 1642 2059 altera.
1689 2006 1922 2063 Primam
1959 2010 2098 2064 enim
2150 2027 2233 2066 se-

681 2087 865 2153 quitur
909 2105 1084 2161 pugna
1133 2093 1397 2160 luxuriae;
1454 2097 1675 2153 alteram
1722 2098 1826 2151 loci
1875 2099 2102 2153 solitarii
2147 2116 2232 2156 re-

685 2177 851 2243 lictio,
903 2191 957 2235 et
994 2197 1024 2235 e
1062 2184 1182 2238 loco
1225 2185 1279 2238 in
1337 2185 1515 2240 locum
1570 2189 1818 2258 migratio
1875 2191 2229 2259 (moderatum

685 2275 865 2320 autem
895 2277 947 2322 et
977 2280 1310 2327 constantem
1341 2274 1577 2330 laborem
1617 2293 1723 2332 non
1756 2280 1998 2348 sequitur
2029 2283 2229 2350 poena).

684 2354 888 2410 Horum
922 2369 1099 2414 autem
1136 2362 1382 2418 laborum
1416 2367 1664 2422 remissio
1697 2381 1856 2438 auget
1885 2371 2230 2440 voluptatem,

681 2461 932 2504 etcessus
973 2466 1098 2506 vero
1142 2454 1473 2512 discursum.
1527 2458 1862 2529 Quapropter
1902 2463 2111 2518 dillicile
2151 2475 2233 2520 est

681 2541 915 2608 assequi,
943 2558 1061 2610 quae
1089 2549 1396 2614 sequuntur"
1411 2564 1473 2604 ea
1504 2566 1624 2619 qua:
1645 2557 2002 2620 enumeravit,
2036 2557 2231 2625 quibus

681 2629 773 2696 qui
802 2641 949 2686 caret
976 2635 1094 2690 sine
1120 2639 1327 2694 ratione
1353 2642 1514 2697 vitam
1545 2645 1784 2713 quietam
1814 2663 1904 2702 seu
1937 2651 2232 2706 solitariam

682 2729 935 2778 Sectatur.
971 2766 984 2778 .
1020 2764 1036 2781 .
1073 2768 1087 2782 .
1122 2766 1136 2780 .

1275 2821 1524 2899 Scholion
1562 2826 1646 2881 10.

756 2899 858 2958 Ubi
893 2905 1142 2963 vitiorum
1182 2912 1369 2981 copia,
1410 2913 1480 2967 ibi
1521 2916 1774 2972 virtutum
1814 2919 2013 2992 inopia.

1279 3084 1525 3142 Scholion
1567 3090 1652 3143 ll.

755 3166 838 3231 Et,
873 3171 1014 3239 quod
1049 3171 1168 3227 inde
1197 3178 1459 3246 sequitur,
1485 3179 1747 3250 intelligit,
1773 3187 1983 3252 opinor,
2021 3189 2230 3257 lapsum

683 3352 807 3405 llato
830 3365 883 3408 et
909 3357 1049 3412 elato
1077 3360 1279 3426 animo,
1307 3367 1762 3433 quemadmodum
1792 3379 1846 3425 et
1880 3373 2230 3442 blasphemia,

663 3518 665 3522 Α
685 3445 859 3501 solent
894 3451 1169 3507 exsistere.

1272 3543 1518 3601 Scholion
1552 3551 1636 3603 12.

756 3626 857 3692 Qui
899 3627 982 3683 his
1012 3639 1176 3698 caret,
1211 3634 1468 3692 obediens
1505 3653 1597 3692 seu
1630 3640 1903 3709 subjectus
1940 3659 2047 3699 non
2085 3657 2185 3702 est.

1273 3724 1518 3782 Scholion
1561 3729 1644 3784 15.
1708 3786 1711 3788 ,

752 3811 887 3877 Quia
917 3811 1149 3868 deterior
1175 3825 1259 3871 est
1303 3820 1555 3875 omnibus
1600 3822 1766 3877 nimia
1813 3824 2030 3889 libertas
2057 3834 2111 3881 cit
2141 3827 2235 3883 de-

687 3901 857 3959 fectus
893 3909 1343 3977 compunctionis,
1381 3928 1542 3980 quam
1578 3917 1816 3983 sequitur
1848 3919 2164 3974 scurrilitas.

687 4177 884 4245 quibus
932 4179 1199 4237 solitarios
1244 4201 1582 4256 oppugnant,
1612 4193 1800 4246 vitium
1842 4197 2235 4263 acedia',.van:e

689 4269 890 4335 gloriae,
920 4271 1203 4339 superbiae,
1228 4274 1480 4341 tristitiae,
1507 4283 1639 4348 ira»;
1679 4301 1772 4340 eos
1796 4298 1972 4343 autem
2009 4293 2102 4361 qui
2135 4294 2234 4348 sub

690 4360 992 4417 obedientia
1025 4362 1231 4430 vivunt,
1273 4367 1416 4435 gula,
1455 4369 1688 4439 luxuria,
1722 4379 1965 4432 avaritia.

1283 4541 1529 4596 Scholion
1560 4546 1645 4601 15.

764 4622 958 4680 Parens
988 4631 1228 4697 quaedam
1260 4633 1510 4689 vitiorum
1542 4646 1624 4691 est
1663 4637 1873 4707 pigritia
1899 4658 1913 4693 :
1944 4657 2062 4710 quae
2091 4645 2234 4699 enim

697 4708 831 4762 bona
877 4712 968 4765 tibi
1005 4721 1360 4788 comparasti,
1393 4721 1549 4779 facile
1581 4723 1782 4794 eripit;
1835 4708 2033 4795 quibus
2063 4743 2234 4800 cares,

694 4809 847 4854 cavet
881 4815 949 4856 ne
979 4807 1244 4874 acquiras.

1211 4885 1216 4948 ζ
1275 4901 1523 4958 Scholion
1566 4905 1652 4962 16.

761 4981 893 5035 Nam
941 4983 1032 5052 qui
1080 5000 1189 5040 non
1221 4998 1370 5046 extra
1411 5010 1568 5052 curas
1607 5007 1724 5063 est,
1769 5006 2041 5068 quomodo
2066 5016 2241 5076 potest

698 5073 943 5141 precibus
971 5091 1183 5143 vacare,
1219 5089 1313 5134 aut
1347 5097 1440 5138 cor
1472 5089 1818 5163 animumque
1849 5110 1915 5151 eo
1939 5073 2240 5156 intendere?
2283 5111 2294 5118 ‘

1253 5169 1385 5226 Elia:
1416 5176 1690 5238 Cretensis.

766 5253 899 5310 Tres
927 5259 1197 5326 prolectus
1225 5276 1319 5318 seu
1350 5266 1563 5325 ordines
1591 5288 1682 5327 seu
1719 5278 1915 5345 gradus
1953 5282 2232 5344 praesenti-
2305 5291 2308 5294 ’

696 5347 796 5402 bus
822 5349 938 5416 (seu
973 5351 1238 5424 adductis)
1263 5356 1444 5413 verbis
1472 5359 1625 5418 docet
1662 5366 1875 5425 divinus
1914 5370 2002 5426 hic
2049 5382 2237 5440 pater:

696 5440 938 5494 omnium
968 5441 1094 5498 vitae
1118 5459 1368 5501 curarum
1408 5449 1822 5522 abdicationem,
1852 5471 1905 5516 et
1932 5478 2052 5532 quae
2075 5464 2237 5518 vitam

701 5686 734 5699 η
766 5619 842 5686 (o)
863 5621 1031 5674 Aliter
1059 5620 1270 5707 μέτρον.
1295 5624 1521 5707 Difficile
1540 5635 1623 5680 est
1645 5632 1874 5707 medium
1899 5619 2155 5707 attingere
2177 5640 2228 5693 in

2320 614 2454 684 ὅπερ
2486 615 2629 668 ἐστὶν
2655 617 2755 686 ἤδη
2791 616 2898 670 τῶν
2923 617 3156 671 τελείων.
3200 617 3330 670 ’Δπὺ
3353 615 3447 671 οὖν
3477 617 3589 671 τῶν
3612 636 3874 673 ταπεινο-

2319 705 2490 776 τέρων
2523 708 2821 779 ἀρξάμενος
2866 710 2958 762 ἐπὶ
2979 709 3048 763 τὰ
3079 709 3378 780 ὑψηλότερα
3409 709 3512 781 ἠδη
3539 711 3872 782 ἀνέδραμεν,

2319 793 2504 865 ὥσπερ
2535 797 2759 865 κλίμακι
2796 799 2901 852 τινὶ
2950 797 3026 869 τῷ
3083 798 3225 870 λόγῳ
3267 801 3639 870 χρησάμενος·
3681 802 3716 871 ἡ
3757 802 3876 872 γὰρ

2321 876 2520 957 κλίμαξ
2571 889 2677 942 ἀπὸ
2720 890 2827 944 τῶν
2861 891 3254 963 ταπεινοτέρων
3303 892 3395 946 ἐπὶ
3430 893 3500 946 τὰ
3559 893 3875 966 ὑψηλότερα

2320 977 2666 1043 ἀναϐιϐάζειν
2697 981 2926 1049 πέφυκε.

2768 1073 3023 1141 Σχόλιον
3093 1071 3296 1129 Ἰσαὰκ
3345 1075 3412 1140 ζ’.
3506 1120 3514 1158 γ.
3771 1156 3775 1158 η

2389 1157 2464 1213 Τδ
2497 1158 2778 1215 λυπεῖσθαι
2797 1165 2936 1216 κατὰ
2952 1164 3208 1232 διάνοιαν,
3239 1157 3563 1236 ὑπερϐάλλει
3585 1167 3678 1221 τὸν
3700 1157 3880 1222 κόπον

2320 1247 2413 1301 τοῦ
2457 1247 2721 1319 σώματος.

2891 1346 3146 1414 Σχόλιον
3204 1347 3272 1417 η’.

2391 1429 2567 1483 Οἰονεῖ¹
2614 1431 2817 1500 δοῦλον,
2883 1437 2971 1491 ὅτε
3017 1437 3158 1492 θέλει
3207 1440 3239 1493 6
3287 1440 3621 1512 κεκτημένος
3637 1477 3656 1505 υ
3711 1440 3880 1511 ἐρχό-

2325 1533 2504 1586 μενον.
2949 1585 2953 1588 .

2345 1609 2347 1612 ⁴
2915 1621 2962 1672 Σ
2963 1619 3171 1686 χόλιον
3216 1619 3282 1674 0'.

2391 1703 2623 1760 Ἔπεται
2655 1709 2719 1777 τῇ
2770 1708 2949 1762 ἀνέσει
2981 1709 3091 1764 τῶν
3157 1712 3332 1781 μελῶν
3385 1714 3419 1783 ή
3459 1713 3569 1767 τῶν
3597 1714 3882 1784 λογισμῶν

2327 1793 2560 1860 ἔκτασις,
2591 1799 2684 1850 καὶ
2711 1798 2927 1870 φύρσις,
2953 1803 3044 1854 καὶ
3069 1804 3134 1873 τῇ
3158 1802 3379 1875 ἀμέτρῳ
3398 1804 3626 1875 ἐργασίᾳ
3649 1804 3881 1876 ἁκηδία,

2327 1888 2418 1938 καὶ
2445 1889 2510 1958 τῇ
2551 1889 2744 1960 ἀκηδίᾳ
2767 1890 3019 1956 ἔκτασιςο
3071 1893 3314 1965 διαφέρει
3339 1895 3397 1949 δὲ
3446 1896 3664 1958 ἔκτασις
3710 1897 3879 1950 ἐκτά-

2329 1994 2464 2042 σεως
2490 1996 2504 2008 ·
2535 1982 2600 2048 τῇ
2635 1981 2728 2050 μὲν
2751 1984 2856 2054 γὰρ
2879 1983 3065 2054 πρώτῃ
3094 1985 3311 2038 ἐκτάσει
3343 1987 3530 2039 ἕπεται
3572 1987 3601 2039 6
3639 1987 3880 2056 πόλεμος

2327 2072 2426 2140 τῆς
2451 2071 2702 2141 πορνείας
2723 2089 2737 2103 ·
2766 2077 2833 2144 τῇ
2855 2075 2909 2127 δὲ
2932 2074 3156 2146 δευτέρᾳ
3193 2075 3288 2129 τοῦ
3323 2077 3450 2130 ίδίου
3473 2079 3880 2150 ἡσυχαστηρίου

2328 2161 2660 2232 κατάλειψις,
2708 2164 2801 2217 καί⁵
2858 2165 2964 2218 ἀπὸ
2995 2165 3158 2219 τόπου
3190 2168 3268 2230 εἰς
3294 2167 3454 2220 τόπον
3496 2168 3879 2238 μετακίνησις’

2325 2255 2391 2322 τῇ
2416 2251 2471 2304 δὲ
2501 2253 2758 2324 ἐμμέτρῳ
2787 2257 2880 2308 καὶ
2914 2257 3153 2328 ὲπιμόνῳ
3191 2258 3417 2329 ἐργασίᾳ
3443 2261 3575 2330 τιμὴ
3603 2261 3704 2314 οὐκ
3727 2261 3875 2314 ἔστι·

2327 2344 2530 2396 τούτων
2567 2346 2621 2398 δὲ
2671 2349 2704 2418 ὴ
2746 2348 2967 2416 μείωσις
3011 2349 3109 2419 μὲν
3145 2349 3400 2420 πληθύνει
3450 2352 3549 2421 τὴν
3594 2351 3808 2422 ἡδονὴν,
3840 2352 3878 2422 ἡ

2327 2434 2561 2505 ἀμετρία
2589 2435 2647 2489 δὲ
2681 2436 2779 2508 τὴν
2808 2438 3030 2493 ἔκτασιν
3055 2456 3069 2470 ·
3102 2440 3193 2493 καὶ
3214 2439 3303 2494 διὰ
3341 2441 3499 2494 τοῦτο
3535 2440 3792 2494 δύσκολον
3814 2441 3880 2495 τὸ

2331 2523 2465 2593 μετὰ
2491 2525 2567 2593 (τι)
2605 2524 2771 2580 ταῦτα
2799 2530 2925 2581 ποῖα
2967 2529 3110 2600 ἅπερ
3135 2531 3585 2602 ἀπηριθμήσατοο
3616 2532 3756 2602 ειπερ
3801 2533 3879 2602 μὴ

2329 2610 2467 2680 ἔχων
2496 2612 2557 2664 οὐ
2588 2615 2790 2683 κυρίως
2825 2615 2965 2686 λόγῳ
2990 2616 3190 2688 ταύτην
3242 2618 3536 2689 μετελθεῖν.
3577 2657 3594 2672 .
3633 2659 3648 2673 .
3691 2660 3705 2672 .
3740 2659 3756 2674 .
3802 2657 3818 2672 .
3858 2657 3887 2675 α

2918 2860 3172 2928 Σχόλιον
3239 2867 3288 2916 ι’.

2412 2943 2474 2994 Ἦ
2501 2945 2558 2997 ὲν
2598 2947 2674 3018 τῷ
2724 2949 2936 3021 πλούτῳ
2983 2951 3081 3022 τῆς
3108 2951 3323 3016 κακίας,
3371 2951 3476 3006 τῶν
3519 2957 3728 3025 αρετῶν
3785 2972 3889 3010 πι-

2333 3040 2440 3094 νία.

2904 3139 3158 3205 Σχόλιον
3201 3141 3296 3194 ια’.

816 3220 837 3272 -’
880 3220 1014 3301 ἠς
1050 3220 1983 3301 ""UI.W‘,';',Wnummo“.:lymmi
2022 3220 2230 3292 “vatim
2264 3227 2305 3283 C
2410 3223 2482 3276 Τὸ
2511 3225 2634 3296 ἑξῆς
2658 3220 2829 3296 οἶμαι,
2863 3227 3115 3299 ἢπτῶμα
3146 3230 3528 3301 σωματικὸν,
3558 3230 3674 3294 νοὸς
3719 3230 3885 3283 ἐκτα-

816 3277 858 3301 Ic
911 3277 975 3301 QII
1029 3281 1145 3301 mon
1177 3285 1217 3301 In
1267 3289 1288 3301 Α
1375 3289 1395 3301 Α
1430 3288 1451 3301 ο
1482 3288 1696 3301 eumn-nm
1725 3293 1737 3301 .
1787 3293 1876 3301 ...οιΑ
1904 3294 2034 3301 -..ι-μ-
2067 3295 2124 3301 Α--
2150 3298 2184 3301 __

682 3268 878 3326 carnis,
910 3273 1002 3318 aut
1028 3268 1220 3322 mentis
1243 3268 1405 3342 424
1429 3281 1698 3341 stuporem
1724 3293 1737 3328 :
1767 3277 1878 3330 haec
1899 3279 2038 3333 enim
2061 3295 2126 3334 ex
2150 3283 2233 3335 in-
2267 3268 2318 3310 U~

2339 3331 2439 3367 σιν·
2473 3316 2712 3386 γέννημα
2740 3319 2845 3390 γὰρ
2874 3319 3039 3389 τύφου
3056 3321 3334 3390 ταῦτα,ὼς
3367 3323 3460 3377 καὶ
3485 3323 3520 3394 ἡ
3547 3322 3885 3394 βλασφημία.

2902 3581 3153 3648 Σχόλιον
3216 3581 3303 3651 ιβ’.

2405 3654 2524 3719 Ὅτι
2553 3666 2625 3737 μὴ
2648 3667 2781 3738 ἔχων
2802 3669 2992 3742 ταῦτα,
3025 3671 3124 3724 οὐκ
3162 3670 3306 3726 ἐστιν
3333 3661 3705 3739 ὑποτακτικός.

2913 3761 3166 3828 Σχὸλιον
3204 3757 3294 3829 ιγ’.

2404 3846 2524 3899 ’Ότι
2547 3849 2724 3917 χεῖρον
2753 3848 2967 3904 πάντων
3004 3855 3038 3920 ἡ
3072 3853 3375 3925 παρρησία
3427 3873 3520 3910 και
3565 3857 3625 3912 τὸ
3676 3858 3887 3915 ἀκατά-

2337 3952 2543 4000 νυκτον,
2584 3938 2611 3989 ὃ
2644 3938 2787 3992 ἐστιν
2824 3941 3163 4010 εὐτραπελία.
3685 3966 3689 3970 ‘

2920 4034 2965 4084 Σ
2966 4033 3176 4099 χόλιον
3204 4036 3282 4090 ιδ’.
3336 4029 3339 4031 ί

2414 4117 2583 4170 Ὀκτὼ
2601 4119 2648 4170 oi
2687 4122 2889 4187 γενικοὶ
2934 4125 3028 4193 τῇς
3065 4127 3260 4192 κακίας
3295 4130 3576 4200 λογισμοίο
3622 4131 3716 4185 καὶ
3761 4135 3878 4197 τοῖς

2336 4205 2432 4275 μὲν
2492 4208 2818 4277 ἡσυχάζουσι
2865 4212 3185 4283 πολεμοῦσιν
3207 4232 3222 4246 ·
3251 4219 3279 4271 6
3312 4219 3556 4289 ἀκηδίας,
3601 4223 3630 4273 6
3662 4222 3877 4275 κενοδο-

2333 4291 2470 4357 ξίας,
2500 4296 2528 4346 6
2549 4295 2940 4366 ὑπερηφανίας,
2963 4301 2991 4353 6
3018 4301 3210 4374 λύπης,
3240 4307 3268 4358 6
3311 4307 3479 4377 ὀργῆς
3498 4326 3512 4340 ο
3563 4311 3672 4371 τοῖς
3710 4309 3768 4362 δὲ
3817 4313 3880 4364 ἐν

2334 4383 2652 4463 ὑποταγῇγρ
2666 4388 2762 4458 τῆς
2779 4395 3233 4466 γαστριμαργίας,
3255 4398 3283 4450 6
3306 4398 3400 4468 τῆς
3428 4400 3694 4470 πορνείας,
3720 4403 3748 4455 6
3773 4403 3877 4473 τῆς

2337 4470 2707 4544 φιλαργυρίας.

2915 4577 2962 4626 Σ
2961 4578 3169 4642 χόλιον
3215 4587 3292 4633 ιε’.

2406 4639 2602 4721 Μήτηρ
2652 4655 2834 4710 κακῶν
2867 4639 3114 4733 [κακιῶν]
3159 4681 3251 4726 τις·
3289 4665 3434 4718 ἐστιν
3463 4666 3498 4734 ἠ
3529 4665 3801 4736 ῥᾳθυμία·
3839 4669 3876 4722 ἃ

2342 4736 2439 4806 μὲν
2479 4739 2584 4809 γὰρ
2625 4739 2791 4810 ἔσχες·
2810 4748 3034 4814 χρηστὰ,
3063 4752 3198 4821 συλᾷ
3235 4752 3456 4822 ῥᾳδίως·
3477 4753 3574 4807 ἅδ’
3602 4756 3704 4808 οὐκ
3733 4755 3878 4826 ἔχεις

2252 4827 2254 4829 ’
2341 4827 2499 4881 ἵδεισε
2538 4830 2716 4884 λαϐεῖν
2743 4835 2938 4888 κωλύει
2971 4837 3067 4906 (ὁ).

2901 4929 3155 4995 Σχόλιον
3213 4937 3307 4994 ις’.

2409 5011 2510 5063 Τὸν
2535 5013 2640 5084 γὰρ
2671 5014 2744 5084 μὴ
2771 5017 3104 5088 κτησάμενον
3137 5023 3484 5091 ἀμεριμνίας,
3515 5025 3632 5089 πῶς
3654 5027 3874 5082 δυνατὸν

2338 5103 2724 5175 ἐπιμεληθῆναι
2745 5108 3090 5180 προσευχῇ,ἢ
3122 5109 3416 5182 καρᾰακῆς
3434 5115 3732 5187 πρωχῆά

2924 5198 3032 5251 Τοῦ
3083 5200 3292 5254 Ἑλίου.
3611 5211 3614 5213 ‘
3785 5280 3788 5283 Χ

2404 5285 2562 5356 Τρεῖς
2595 5287 2873 5354 προκοπὰς
2919 5288 3027 5341 εἴτε
3066 5289 3242 5356 τάξεις
3270 5289 3378 5344 εῑτε
3411 5293 3647 5364 βαθμοὺς
3669 5297 3866 5365 ἐνιτοῖς

2337 5375 2587 5445 παροῦσι,
2611 5375 2846 5430 διδάσκει
2873 5378 2901 5428 6
2925 5375 3064 5442 θεῖος
3111 5371 3265 5443 οὗτος
3307 5381 3510 5455 πατὴρ,
3537 5384 3870 5458 ἀμεριμνίαν

2333 5466 2389 5517 ὲν
2417 5464 2493 5534 τῷ
2516 5465 2614 5535 βίῳ
2640 5467 2731 5518 καὶ
2751 5460 2832 5528 οἷς
2862 5460 3011 5535 οὗτος
3065 5470 3504 5540 συγκαταλύεται,
3560 5477 3867 5550 προσευχὴν

2329 5640 2444 5722 qui,
2474 5651 2527 5696 et
2563 5641 2712 5696 locus
2751 5642 2864 5711 ipse
2884 5640 2969 5698 hic
3019 5645 3072 5700 in
3098 5646 3384 5706 scholiaste
3413 5668 3520 5708 non
3567 5663 3653 5710 est
3690 5655 3871 5726 justus

699 5688 766 5740 iis
785 5703 902 5766 quae
916 5688 1266 5778 entirniera'vit,
1284 5695 1483 5773 quibus
1509 5704 1683 5750 tamen
1699 5700 1787 5778 qui
1805 5688 2228 5767 caret,
2328 5688 2379 5764 Et
2412 5688 2632 5778 integer.

700 5758 916 5831 ratione
930 5762 1222 5815 solitariam
1245 5758 1408 5816 vitam
1434 5774 1687 5821 sectatur.
1715 5758 1731 5766 ’
1748 5758 2230 5831 Caeterum-solio;

703 5821 882 5884 liastes
906 5829 1017 5899 ipsc
1035 5832 1227 5889 fatetur
1248 5848 1308 5890 se
1331 5832 1471 5889 hunc
1495 5833 1716 5892 Climaci
1746 5821 2056 5898 ιοςυὶίιῖἱὸη
2074 5821 2230 5903 ἓξὲξ-

2399 5769 2697 5865 (ὁλἽσως,
2716 5778 2824 5865 66’
2847 5781 2944 5865 οὐκ
2971 5781 3114 5853 ἔχειν
3265 5805 3346 5853 σε,
3400 5769 3585 5865 λαβεῖν
3632 5793 3873 5865 notam;

2331 5864 2446 5919 qua:
2475 5857 2520 5904 te
2548 5848 2684 5903 novit
2715 5862 2814 5904 non
2848 5848 3049 5919 habere,
3078 5848 3305 5924 prohibet
3333 5848 3622 5929 nequit-ere.
