4032 6340
195 486 331 555 1121

1144 476 1369 537 SCALA
1400 436 1768 532 P’ARADISI.
1803 488 1872 501 —
1892 460 2196 523 GRADUS
2228 456 2481 521 XXVII.

3236 454 3377 525 1122

192 605 411 667 ἄοκνον,
444 601 539 656 καὶ¹
591 599 768 670 τρίτον
809 591 1065 667 ἐργασίαν
1108 589 1328 660 καρδίας
1359 585 1581 641 ἄσυλον·
1603 581 1739 635 ὥστε

1856 574 1906 630 ιι]
1935 585 2159 629 mortem
2187 589 2358 641 usque
2384 572 2710 627 comitantur
2734 572 3029 627 orationem
3061 571 3376 644 impigram;

191 692 378 763 δῆλον.
404 692 485 745 ὅτι
524 690 685 761 μέσον
724 687 988 757 ἑκατέρων
1036 680 1141 735 τῶν
1168 680 1350 748 ἄκρων
1378 679 1412 745 ὴ
1468 670 1739 763 προσευχῇ

194 757 396 833 κεῖται,
462 757 726 830 ὐντοίνυν
751 774 845 845 τὴν
877 769 1203 845 ἀμεριμνίαν
1257 764 1610 835 κτησάμενος,
1647 757 1741 811 καὶ.

192 870 271 923 τὰ
313 868 440 936 ἑξῆς
477 868 699 921 δύναται
744 862 1034 935 μετελθεῖν.
1062 858 1134 911 Τὸ
1187 857 1348 927 μέσον
1371 849 1464 906 οῦν
1483 852 1589 904 τῶν
1628 848 1740 910 δύο,

192 960 319 1030 ἦτοι
342 961 441 1029 τὴν
478 955 782 1027 προσευχὴν
824 954 955 1022 φησὶ
1004 947 1378 1018 μετεχόμενος,
1444 944 1502 994 ὲν
1563 938 1743 1030 μέσοις

190 1028 397 1119 γέγονα
439 1051 549 1111 τοῖς
574 1048 775 1111 καλοῖς,
813 1043 905 1096 καὶ
936 1042 1099 1112 μήπω
1130 1038 1266 1108 πρὸς
1293 1035 1352 1089 τὸ
1388 1033 1566 1101 ἓτερον
1616 1028 1745 1080 ἀνα·
1773 1093 1776 1095 Α

195 1139 412 1224 ϐέϐηκα
425 1139 533 1192 τῶν
561 1136 777 1206 ἀγαθῶν
806 1134 879 1204 (b)

777 1394 1033 1461 Σχόλιον
1096 1386 1181 1452 ιζ’.

272 1471 703 1557 Προερχόμενος,
720 1483 873 1553 φησὶ,
890 1482 985 1551 τῆς
1007 1480 1196 1549 κέλλης
1217 1478 1446 1548 φύλαττε
1471 1475 1542 1546 μὴ
1557 1473 1748 1544 θριαμ-

196 1577 404 1651 ϐεύσῃς
439 1580 539 1640 τὰς
568 1575 786 1646 ἀρετὰς,
815 1573 879 1638 ἃς
911 1573 1148 1643 είργάσω
1175 1572 1233 1623 ἐν
1259 1570 1476 1641 ἡσυχίᾳ..
1513 1566 1616 1621 Τοῦ
1643 1565 1749 1634 γὰρ

199 1670 470 1739 στόματος
493 1668 815 1737 ἀφυλάκτως
844 1663 1211 1733 ἀνοιγομένου,
1236 1662 1328 1715 καὶ
1359 1656 1751 1732 προπετευομέ-

198 1776 317 1826 νου,
340 1761 397 1812 αἱ
433 1760 491 1812 ὲν
523 1757 745 1829 κρυπτῷ
796 1755 1003 1827 ἀρεταὶ,
1036 1755 1091 1806 αἱ
1146 1752 1237 1805 τὸν
1290 1750 1413 1805 νοῦν
1446 1749 1578 1822 πρὸς
1622 1747 1750 1799 Θεὸν

196 1845 528 1916 ἀνυψοῦσαι,
556 1845 874 1899 ἀπόλλυνται
910 1842 1003 1895 καὶ
1022 1840 1245 1909 ἄφαντοι
1272 1840 1507 1907 γίνονται
1535 1853 1547 1868 ο
1582 1835 1749 1904 στόμα

106 1991 117 1998 .
197 1937 313 2009 γὰρ
343 1978 360 2004 ,
388 1938 543 2009 φησὶ,
572 1937 830 2009 προπετεῖ
853 1933 1058 2004 ἐγγίζει
1097 1931 1376 2002 συντριϐῇ.

877 2106 1085 2161 Ἄλλο.

286 2196 356 2248 Ἦ
388 2194 493 2261 ἔξω
549 2194 646 2265 τῆς
691 2193 885 2263 κέλλης
942 2191 1167 2263 συνεχὴς
1192 2189 1436 2261 διατριϐὴ
1482 2189 1620 2241 ἔστω
1651 2204 1753 2241 πα·-

199 2288 487 2356 ραιτητέα,
513 2285 669 2354 εἴπερ
697 2285 981 2354 ἡσυχάζειν
1009 2284 1260 2354 ᾑρετίσω.
1300 2282 1451 2333 Ἔστι
1497 2279 1602 2349 γὰρ
1638 2280 1756 2330 επι-

199 2378 405 2447 ζήμιος
456 2376 631 2429 πάνυο
713 2377 1025 2446 ἀφαιρεῖται
1088 2376 1184 2444 τὴν
1238 2373 1432 2444 ψυχὴν,
1480 2372 1658 2423 σκοτοί
1696 2369 1755 2421 τὸ

200 2465 488 2535 φρόνημα,
514 2464 763 2535 μαραίνει
790 2464 881 2517 τὸν
920 2464 1107 2517 πόθον*
1171 2463 1258 2523 διὰ
1310 2462 1463 2515 τοῦτο
1512 2460 1750 2530 εἴρηται·

213 2553 593 2622 Ῥεμϐασμός
625 2554 938 2622 ἐπιθυμίας
961 2553 1309 2621 μεταλλεύει
1334 2539 1481 2604 γοῦν
1510 2549 1749 2601 ἄκακον.

200 2645 510 2715 Τοιγαροῦν
530 2645 693 2699 κόπτε
718 2644 825 2697 τῶν
867 2643 1074 2696 πολλῶν
1097 2643 1191 2705 τὰς
1227 2630 1457 2711 axi-E3211,
1490 2643 1562 2709 μή
1594 2657 1685 2692 σου
1713 2640 1755 2708 ,ὁ

202 2737 341 2799 νοῦς
366 2735 1000 2806 περιστατικὸς-γένηται,
1033 2736 1125 2787 καὶ
1152 2733 1357 2804 ταράξῃ
1382 2733 1470 2786 τὸν
1498 2733 1597 2795 τῆς
1626 2734 1755 2801 ησυ-

203 2827 343 2898 χίας
357 2826 575 2897 τρόπον.

694 3004 947 3072 Σχόλιον
988 3003 1177 3058 Ἰσαὰκ
1216 3009 1302 3071 ιη’.

166 3152 177 3161 ,
286 3096 556 3168 Καθάπερ
589 3095 649 3149 ού
681 3094 955 3148 δύναταιὸ
976 3095 1072 3166 τὴν
1104 3095 1340 3166 κεφαλὴν
1383 3094 1519 3165 ἔχων
1566 3096 1668 3147 ὑπὸ
1697 3096 1756 3148 τὸ

208 3190 371 3260 ὕδωρ
392 3188 717 3243 ἀναπνεῦσαι
744 3185 833 3240 τὸν
860 3186 1015 3257 ἀέρα,
1053 3188 1143 3239 τὸν
1185 3185 1395 3250 λεπτόν,
1434 3186 1523 3238 τὸν
1547 3186 1758 3255 ἐπιχεό-

1843 666 2020 720 cordis
2062 665 2369 719 inviolabile
2424 663 2661 717 studium
2709 678 2804 717 seu
2856 664 3261 732 operationem,
3321 671 3382 717 ut

1844 753 2128 817 manifeste
2156 762 2367 822 pateat,
2406 752 2642 807 medium
2670 752 2809 806 inter
2836 753 2943 806 duo
2972 761 3208 807 extrema
3240 752 3384 819 posi-

1844 854 1956 898 tum
1987 857 2127 905 esse,
2163 844 2481 895 orationem.
2523 839 2626 906 Qui
2660 856 2788 910 ergo
2811 841 3060 894 omnibus
3083 841 3205 893 vita:
3239 839 3385 895 curis

1846 948 1904 987 se
1941 932 2244 993 abdicavit,
2300 932 2497 1000 poterit
2523 932 2684 985 etiam
2724 931 2789 984 ad
2825 945 2887 983 ea
2922 944 3044 998 quae
3086 939 3387 998 sequuntur

1846 1024 1995 1077 eniti.
2030 1021 2710 1092 Medium'ergoeduobus,
2741 1021 2932 1089 inquit,
2962 1031 3241 1074 assecutus
3264 1033 3386 1087 ego,

1848 1116 1901 1167 in
1926 1111 2115 1167 mediis
2139 1114 2356 1167 constiti
2394 1112 2656 1166 bonorum
2687 1126 2782 1166 seu
2811 1112 3062 1164 virtutum
3092 1110 3266 1172 bonis,
3293 1123 3388 1162 ex-

1849 1215 2185 1271 tremumque
2212 1204 2436 1272 gradum
2462 1203 2723 1257 bonorum
2750 1216 2847 1257 seu
2868 1201 3120 1255 virtutum
3151 1199 3386 1252 nondum

1851 1292 2164 1349 conscendi.
3129 1294 3141 1303 '

2454 1378 2694 1435 Scholion
2731 1378 2817 1432 17.
2864 1436 2867 1437 ν

1926 1471 1966 1525 Ε
1994 1472 2123 1527 cella
2154 1481 2241 1525 tua
2277 1484 2532 1542 egressas
2554 1485 2681 1525 cave
2710 1484 2775 1523 ne
2804 1468 2971 1538 jactes
3007 1469 3214 1538 palam,
3256 1481 3391 1534 quas

1853 1564 1905 1617 in
1954 1563 2164 1618 silentio
2206 1571 2261 1617 et
2311 1562 2599 1617 solitudine
2647 1561 2931 1616 exercuisti
2978 1562 3222 1613 virtutes.
3289 1557 3395 1611 Ore

1853 1655 1994 1710 enim
2033 1654 2246 1708 incaute
2278 1644 2536 1715 reserato,
2569 1662 2871 1721 temereque
2904 1650 3267 1719 praecipitante
3290 1650 3396 1701 vir-

1852 1754 1993 1799 tutes
2046 1746 2100 1797 iu
2140 1743 2351 1797 occulto
2399 1751 2606 1811 parta},
2656 1756 2777 1810 qua:
2818 1752 3048 1794 mentem
3107 1742 3170 1794 ad
3230 1740 3393 1793 Deum

1855 1836 2235 1899 sublimabant,
2268 1841 2492 1901 pereunt
2523 1841 2577 1885 et
2607 1840 2956 1885 evanescunt.
3010 1832 3082 1885 Os
3109 1832 3274 1895 enim,
3309 1830 3393 1881 in-

1780 1926 1822 1983 B
1850 1926 2001 1993 quit,
2047 1925 2232 1978 invitat
2269 1916 2336 1977 ad
2374 1935 2655 1990 procacem
2686 1920 3095 1974 collocutionem
3136 1935 3229 1973 seu
3273 1935 3395 1986 gar-

1855 2016 2026 2070 riendi
2071 2012 2537 2070 consuetudinem.

2546 2100 2725 2155 Aliud.

1922 2177 2098 2265 Longa
2129 2203 2182 2250 et
2211 2194 2461 2264 frequens
2486 2202 2634 2246 extra
2658 2192 2843 2246 cellam
2878 2205 3025 2244 mora
3060 2190 3152 2244 tibi
3189 2189 3398 2257 penitus

1856 2285 2178 2354 repudianda
2204 2295 2303 2346 est,
2329 2283 2590 2352 siquidem
2619 2282 2914 2336 solitariam
2936 2283 3095 2334 vitam
3120 2280 3359 2349 delegisti
3382 2299 3396 2345 ;

1857 2386 1937 2429 est
1964 2376 2105 2429 enim
2149 2374 2449 2441 perniciOsa
2480 2372 2653 2437 valde,
2673 2381 2727 2425 et
2752 2374 2985 2427 animam
3008 2374 3205 2441 perdit,
3239 2376 3400 2427 menti

1861 2466 2100 2518 tenebras
2127 2462 2352 2516 oll‘undit
2383 2463 2568 2533 [animi
2604 2480 2821 2517 sensum
2848 2464 3150 2535 obtundit],
3192 2465 3402 2519 deside-

1859 2554 1994 2607 rium
2020 2569 2194 2606 rerum
2213 2555 2512 2607 coe.estium
2531 2555 2839 2623 exstinguit.
2855 2554 3012 2625 425
3032 2555 3180 2610 Unde
3202 2557 3401 2609 dictum

1858 2654 1939 2699 est
1963 2662 1975 2697 :
2028 2643 2390 2697 Inconstanlia
2415 2645 2842 2712 concupiscentia:
2869 2649 3167 2699 trunsvertit
3196 2663 3401 2698 sensum

1858 2737 1969 2789 sine
2027 2734 2235 2786 malitia
2257 2734 2298 2787 ⁸.
2357 2734 2694 2803 Quapropter
2761 2738 3001 2791 rescinde
3049 2753 3235 2791 omnes
3276 2752 3400 2803 erga

1860 2827 1994 2881 alios
2022 2828 2266 2889 allectus,
2309 2842 2374 2880 nc
2418 2843 2570 2881 meus
2602 2829 2859 2881 ﬂuctuare
2888 2828 3128 2897 incipiat,
3158 2839 3210 2881 et
3256 2828 3402 2879 habi-

1862 2927 1972 2971 tum
2008 2917 2203 2987 quietis
2241 2926 2293 2971 et
2327 2918 2636 2973 solitudinis
2675 2919 2950 2987 perturbet

2334 3006 2578 3060 Scholion
2612 3006 2786 3061 Isaaci
2828 3007 2913 3061 18.

1927 3098 2384 3163 Quemadmodum
2417 3098 2508 3167 qui
2536 3108 2693 3166 caput
2722 3098 2822 3152 sub
2850 3112 2986 3167 aqua
3024 3097 3199 3160 habet,
3232 3096 3402 3152 subti-

1868 3192 1969 3245 lem
1999 3199 2050 3243 et
2096 3190 2148 3242 in
2182 3190 2285 3243 hoc
2312 3202 2484 3241 vacuo
2513 3189 2697 3241 mundi
2739 3190 2911 3255 spatio
2938 3186 3187 3239 diﬂ'usum
3227 3204 3404 3241 aerem

213 3297 390 3352 μενον
415 3282 472 3333 ὲν
490 3279 566 3351 τῷ
584 3279 766 3347 κόλπῳ
789 3278 866 3350 τῷ
888 3277 1025 3346 κενῷ
1045 3278 1235 3348 τούτῳ,
1264 3277 1432 3338 οὕτως
1453 3276 1511 3327 οῦ
1542 3276 1757 3329 δύναται

1861 3290 2073 3349 captare
2104 3295 2208 3334 non
2262 3265 2472 3348 potest,
2528 3278 2597 3331 ita
2634 3279 2726 3346 qui
2779 3287 3012 3332 ruentem
3057 3294 3209 3332 suam
3261 3281 3409 3333 curis

206 3374 246 3426 ὁ
281 3373 558 3443 βαπτίζων
600 3374 701 3446 τὴν
736 3376 967 3431 διάνοιαν
995 3370 1154 3425 αὐτοῦ
1198 3371 1255 3421 ὲν
1301 3371 1364 3437 τῇ
1408 3367 1644 3438 μερίμνῃ
1694 3369 1760 3437 τῇ

212 3461 459 3517 ἐνταῦθα
510 3465 848 3532 εἰσδέξασθαι
894 3466 992 3534 τὴν
1029 3459 1430 3530 ἀναπνοὴν-τῆς
1466 3456 1764 3528 αἰσθήσεως

214 3553 442 3625 ἐκείνης
468 3554 560 3609 τοῦ
581 3556 783 3627 κόσμου
811 3555 905 3610 τοῦ
941 3554 1143 3609 καινοῦ.

813 3651 857 3702 Σ
859 3649 1064 3717 χόλιον
1106 3646 1189 3699 ιϐ’.

304 3735 553 3807 Ἔρημός
579 3738 726 3793 ἐστιν
754 3740 788 3809 ἡ
808 3738 1013 3809 φρενῶν
1036 3740 1287 3808 ἀκοσμία.

889 3918 1090 3970 Ἄλλο.

298 4008 368 4063 Εἰ
399 4006 574 4077 βούλει
621 4007 882 4078 διηνεκῶς
916 4006 1266 4078 μνημονεύειν
1286 4005 1440 4069 Θεοῦ,
1467 4008 1537 4076 μὴ
1568 4006 1769 4060 ἀπόθου

219 4103 304 4167 ὥς
345 4100 560 4164 ἀδίκους
595 4102 694 4164 τὰς
720 4100 979 4169 ἐπιφοράς
1003 4113 1017 4127 ⁶
1046 4097 1181 4151 ἀλλὰ
1213 4098 1423 4160 δικαίας
1448 4097 1771 4167 ἐπιφερομέ-

222 4212 329 4258 νας
352 4192 619 4264 ῦπόφερεο
651 4194 686 4262 ἡ
722 4192 818 4263 μὲν
858 4191 965 4261 γὰρ
1000 4190 1241 4260 ὑπομονὴ
1268 4189 1334 4241 δι’
1368 4189 1596 4257 ἑκάστης
1632 4205 1771 4257 συμ·

225 4286 446 4347 ϐάσεως
469 4282 566 4355 τὴν
591 4284 807 4353 μνήμην
834 4282 1076 4335 ἀνακινεῖ
1098 4296 1111 4311 ·
1133 4281 1164 4350 ή
1189 4279 1245 4331 δὲ
1286 4278 1609 4349 παραίτησις
1636 4280 1774 4347 μειοί

225 4378 331 4429 τὸν
364 4373 716 4446 ἐφεδρεύοντα
755 4373 853 4443 τῆς
909 4371 1132 4442 καρδίας
1180 4371 1359 4435 πόνον,
1412 4370 1503 4421 καὶ
1546 4368 1632 4420 διὰ
1678 4368 1775 4437 τῆς

226 4447 473 4529 ἀνέσεως
512 4464 609 4534 τὴν
640 4462 804 4532 λήθην
844 4459 1152 4530 ἐργάζεται.

823 4637 1075 4705 Σχόλιον
1098 4642 1143 4688 κ’

306 4725 531 4796 Πτωχδν
563 4726 655 4779 τὸν
697 4726 979 4796 ἁκτήμονα
1018 4727 1101 4788 τίς
1124 4725 1309 4790 λέγεις
1363 4724 1499 4791 Ἐγὼ
1538 4723 1593 4776 δὲ
1624 4720 1774 4793 οἶμαι

221 4823 333 4877 τὸν
362 4819 630 4873 ταπεινόν.

863 4909 1115 4977 Σχόλιον
1138 4914 1243 4962 κα’.

312 5000 565 5075 Χὼρημα
600 4999 823 5072 καρδίας
869 4994 1023 5075 ἐλπᾎς
1053 5000 1133 5059 είς
1178 4996 1306 5049 Θεόν
1332 5010 1345 5026 ⁸
1373 4994 1695 5064 στενοχωρία
1720 4994 1776 5048 δὲ

229 5060 429 5163 ιιιίνιτῆς·⁵
448 5060 661 5164 φροντὶς
676 5060 949 5159 ¹σώματος.
978 5060 987 5101 λ
1006 5060 1011 5061 7
1159 5154 1161 5156 η

674 5181 926 5249 Σχόλιον
960 5178 1200 5246 Μάρκου
1234 5179 1334 5248 κβ¹.

316 5273 523 5343 Μνήμη
548 5271 680 5325 Θεοῦ
719 5274 832 5325 ἐστι
873 5269 1028 5332 πόνος
1066 5271 1287 5341 καρδίας
1328 5265 1463 5338 ὗπὲρ
1507 5267 1781 5333 εὐσεϐείας

232 5363 533 5433 γινόμενος
551 5380 564 5393 ·
598 5366 705 5426 πᾶς
734 5362 790 5416 δὲ
820 5364 848 5415 ὁ
879 5360 1353 5430 ἐπιλανθανόμενος
1380 5359 1470 5413 τοῦ
1490 5358 1623 5411 Θεοῦ
1654 5360 1779 5429 ἡδυ-

236 5453 430 5524 παθὴς
458 5455 548 5505 καὶ
573 5454 867 5523 ἀνάλγητος
898 5451 1121 5519 γίνεται.

323 5639 496 5707 'Sap.
529 5653 603 5700 tv,
636 5638 721 5691 12.

331 5795 405 5863 (b)
444 5794 689 5863 Disputat
732 5793 921 5848 deinde
951 5792 1092 5848 Elias
1114 5793 1381 5850 Cretensis
1442 5795 1657 5863 copiose
1718 5796 1783 5851 de

245 5868 464 5926 visione
492 5866 733 5919 Climaco
761 5866 956 5927 oblata.
988 5881 1148 5936 quam
1215 5866 1354 5937 apud
1403 5867 1646 5921 oumdem
1706 5866 1782 5921 le-

1861 3373 1981 3426 vitae
2022 3372 2301 3441 praesentis
2339 3372 2637 3424 demersam
2691 3370 2887 3435 habet,
2941 3386 3046 3423 nou
3102 3381 3276 3439 potest
3322 3388 3405 3424 re-

1864 3465 2069 3518 soirare
2102 3478 2168 3518 ex
2205 3477 2366 3518 sensu
2406 3462 2499 3516 illo
2533 3463 2655 3515 novi
2692 3471 2744 3515 et
2776 3462 2994 3517 alterius
3030 3462 3237 3516 mundi.

2446 3636 2701 3694 Scholion
2734 3637 2819 3691 l9.

1928 3729 2172 3787 Solitudo
2220 3741 2303 3786 est
2357 3732 2631 3800 neglectus
2687 3728 2891 3802 ingenii
2965 3742 3059 3782 seu
3117 3728 3407 3797 prudentizc

1869 3824 2095 3879 callidaa.

2547 3916 2722 3971 Aliud.

1938 4011 1995 4067 Si
2021 4013 2103 4067 vis
2134 4026 2343 4080 semper
2372 4010 2466 4063 Dei
2498 4011 2811 4064 memoriam
2844 4018 3015 4067 tecum
3043 4010 3408 4083 circumfert-it.

1869 4118 1975 4156 non
2030 4103 2240 4158 reiicias
2291 4113 2542 4168 tanquam
2618 4100 2889 4157 immerito
2935 4104 3030 4157 tibi
3100 4105 3273 4161 illatas
3322 4126 3411 4162 ca-

1870 4193 2135 4257 lumnias,
2192 4191 2285 4244 sed
2352 4199 2609 4259 tanquam
2673 4191 2818 4259 juste
2874 4193 3140 4263 irrogatus
3204 4195 3412 4251 fortiter

1871 4284 2107 4337 sustine:
2157 4281 2410 4350 patientia
2440 4282 2581 4335 enim
2624 4296 2719 4350 per
2742 4297 3116 4354 quemcunque
3146 4302 3329 4341 casum
3362 4304 3413 4345 et

1870 4383 2111 4429 eventum
2166 4374 2480 4427 memoriam
2514 4370 2748 4427 refricat.
2814 4374 3101 4433 Recusatio
3146 4396 3272 4434 vero
3308 4384 3414 4435 mi-

1872 4467 1989 4528 nuit
2031 4471 2388 4534 opportunum
2438 4464 2617 4517 cordis
2672 4465 2950 4533 laborem,
2999 4477 3055 4523 et
3101 4484 3194 4537 per
3240 4486 3414 4525 cessa-

1876 4555 2092 4619 tionem,
2128 4553 2445 4608 oblivionem
2484 4553 2711 4609 inducit.

2464 4642 2708 4699 Scholion
2742 4647 2832 4701 20.

1945 4739 2075 4805 Quis
2098 4747 2253 4791 vocat
2294 4737 2441 4789 illum
2468 4738 2561 4805 qui
2604 4754 2661 4793 se
2708 4741 2865 4796 bonis
2907 4739 3170 4795 abdicavit
3206 4741 3413 4798 mendi-

1804 4886 1810 4893 κ
1880 4830 2045 4884 cum?
2100 4828 2210 4898 Ego
2245 4828 2500 4880 humilem
2536 4829 2876 4900 interpretor.

2468 4916 2717 4976 Scholion
2749 4925 2836 4979 21.

1939 5012 2128 5069 Cordis
2163 5010 2463 5080 perfugium
2504 5030 2599 5069 seu
2645 5018 3033 5087 receptaculum
3067 5022 3150 5069 est
3198 5029 3321 5084 spes
3361 5015 3412 5069 in

1882 5106 2068 5161 Deum.
2123 5104 2316 5160 Carcer
2354 5108 2530 5164 cordis
2566 5117 2649 5165 est
2689 5124 2816 5163 cura
2852 5107 3114 5177 corporis.

2361 5198 2605 5253 Scholion
2640 5201 2806 5253 Marci
2855 5199 2940 5252 22.

1946 5287 2197 5343 Memoria
2232 5287 2324 5343 Dei
2348 5299 2428 5344 est
2466 5292 2617 5346 labor
2644 5293 2821 5348 cordis
2851 5289 3062 5359 pictatis
3100 5304 3261 5345 causa
3292 5305 3413 5344 sus-

1886 5390 2085 5451 ceptus.
2159 5379 2473 5451 Quicunque
2524 5394 2702 5438 autem
2764 5382 2854 5435 Dei
2911 5382 3263 5445 obliviscitur,
3322 5396 3413 5433 vo-

1887 5473 2085 5543 luptate
2113 5474 2355 5543 corporis
2386 5484 2440 5529 et
2472 5478 2634 5530 animi
2668 5485 2882 5543 stupore
2916 5487 3222 5545 occupatur.

1888 5812 1996 5865 ges.
2021 5795 2116 5849 Est
2141 5795 2492 5867 subobscura,
2561 5800 2627 5855 ita
2684 5807 2744 5853 ut
2807 5798 3220 5855 commentarius
3263 5810 3410 5854 com-

1889 5867 2149 5921 mentario
2173 5866 2421 5935 indigeat.
