4032 6340
539 341 672 408 1127

1120 455 1362 521 Scholion
1398 457 1481 512 59.

607 547 1080 616 Quemadmodum
1113 547 1205 618 qui
1231 548 1352 603 luce
1376 552 1478 602 hac
1500 556 1704 615 carent,
1729 564 1834 603 non
1860 561 2084 620 possunt

539 651 689 693 recta
706 637 956 702 incedere
980 654 996 690 :
1027 636 1098 690 ita
1125 636 1216 704 qui
1239 651 1516 691 sacrarum
1534 636 1854 693 Litterarum
1882 641 2084 694 lumine

542 737 672 783 sunt
701 729 964 791 destituti,
997 741 1121 783 cum
1155 727 1223 781 ad
1260 727 1448 781 barum
1491 729 1826 796 splendorem
1861 745 1967 783 nou
1991 745 2082 784 re-

543 818 803 887 spiciunt,
837 817 1145 888 frequenter
1176 815 1472 881 oﬂ‘endunt,
1505 826 1558 871 et
1591 833 1730 887 saepe
1765 834 1947 875 errare
1989 835 2083 874 co-

544 919 763 979 guntur,
790 909 968 997 uthui
991 909 1047 964 in
1067 908 1192 962 altis
1215 908 1447 963 tenebris
1471 908 1740 964 incedunt.

1135 1079 1380 1136 Scholion
1414 1083 1501 1136 40.

613 1171 983 1242 lmproborum
1020 1187 1210 1241 nempe
1237 1180 1292 1227 et
1327 1172 1702 1241 impostorum,
1738 1172 1925 1242 quales
1965 1182 2085 1228 sunt

545 1263 926 1318 haereticorum
961 1278 1262 1318 sermones.

1228 1350 1408 1403 Aliud.

619 1435 747 1492 Sive
785 1429 916 1492 illos
943 1437 1193 1507 intelligit
1236 1438 1330 1507 qui
1374 1437 1518 1493 aliud
1550 1440 1731 1496 verbis
1759 1454 1869 1509 prae
1901 1453 1960 1494 se
2005 1437 2087 1494 fe-

547 1536 696 1591 runt.
741 1528 884 1583 aliud
915 1529 1319 1598 intelligendum
1357 1531 1687 1599 relinquunt,
1728 1530 1916 1600 quales
1965 1539 2093 1585 sunt

548 1618 828 1688 anagogici
856 1634 1050 1676 sensus
1079 1629 1132 1676 et
1167 1621 1444 1676 sublimes.
1486 1621 1658 1678 Verba
1688 1624 1830 1678 enim
1860 1623 2091 1678 obscura

549 1709 664 1763 sive
685 1712 916 1764 tenebris
936 1713 1276 1781 aenigmatum
1299 1714 1535 1770 involuta
1555 1725 1608 1771 et
1625 1716 1896 1770 recondita
1923 1715 2089 1782 (juxta

1765 350 1822 410 S.
1856 349 2167 411 JOANNIS
2193 350 2494 411 CLIMACI

2102 475 2154 528 Α

3581 354 3715 418 1128
3771 405 3776 407 _

2708 504 2733 508 η
2759 464 3010 532 Σχόλιον
3031 462 3127 513 λθν.

2252 553 2464 625 ’Ὠσπερ
2517 554 2564 605 οἱ
2617 552 2711 606 τοῦ
2751 555 2922 623 φωτὸς
2965 551 3156 605 τούτου
3209 549 3558 620 ἐστερημένοι
3621 553 3720 604 οὐκ

2181 643 2247 697 ἃν
2284 644 2420 715 ὀρθά
2470 643 2772 714 βαδίσαιενο
2815 645 2985 706 οὕτως
3029 644 3078 695 οἰ
3137 641 3246 693 τῶν
3287 640 3445 692 Θείων
3487 641 3721 709 Γοαᾳῶν

2181 736 2550 804 ἐστερημένοι,
2591 734 2684 788 καὶ
2720 735 2854 805 πρὸς
2894 734 2988 804 τὴν
3028 734 3220 787 ἀκτῖνα
3257 731 3460 783 τούτων
3492 729 3568 800 μὴ
3599 729 3721 798 βλέ-

2182 843 2395 891 ποντες,
2419 827 2587 879 πολλὰ
2615 827 3037 898 προσκόπτουσι,
3070 827 3162 878 καὶ
3179 823 3575 892 ἀναγκάζονται
3598 841 3722 875 συν-

2182 915 2320 984 εχῶς
2375 917 2726 987 ἁμαρτάνειν,
2757 915 2850 970 ἆτε
2876 917 2940 987 δὴ
2985 918 3043 969 ὲν
3093 916 3275 970 σκότει
3323 913 3540 985 χαλεπῷ
3576 913 3723 983 past-

2185 1007 2384 1069 ζοντες.

2737 1084 2992 1166 Σὶόλιον
3031 1100 3104 1164 μ’.

2265 1187 2708 1258 Ἀλιτηριονοοὺς,
2739 1187 2774 1258 ἢ
2797 1185 3152 1254 πλανολόγους
3171 1201 3185 1216 ο
3212 1179 3314 1238 οἷοί
3340 1184 3447 1236 εἱσι
3482 1183 3594 1236 τῶν
3634 1184 3717 1235 αἱ·

2190 1278 2484 1347 ρεσιωτῶν.

2857 1365 3026 1419 Ἀλλ(
3041 1400 3058 1419 .
3739 1414 3744 1419 .

2259 1458 2413 1511 ΙἮτοι
2458 1457 2834 1524 ἀναγωγικοὺς
2883 1457 3024 1517 τοὺς,
3060 1453 3187 1509 ἄλλο
3239 1452 3338 1525 μὲν
3395 1452 3616 1523 ἔχοντας
3664 1451 3728 1507 τὺ

2190 1547 2528 1618 φαινόμενον,
2556 1547 2680 1599 ἄλλο
2705 1545 2759 1598 δὲ
2789 1547 2848 1597 τὸ
2873 1545 3180 1615 νοούμενοψ
3210 1545 3433 1606 σκότους
3461 1543 3571 1614 γάρ
3597 1545 3728 1596 ὅντα

2192 1639 2437 1708 ῥήματαο
2471 1632 2634 1707 ἡγουν
2675 1634 3040 1705 αἰνιγματώδη
3082 1634 3175 1689 καὶ
3220 1634 3403 1702 ἀσαφῆ
3440 1633 3614 1703 (κατὰ
3630 1634 3725 1686 τό·

2196 1730 2396 1782 Ἔθετο
2449 1728 2663 1791 σκότος
2693 1725 3050 1793 ἀποκρυφὴν
3100 1723 3316 1794 αὑτοῦ)
3359 1724 3484 1786 τοὺς
3524 1723 3599 1792 μὴ
3639 1721 3730 1774 δυ-

550 1798 683 1854 illud
715 1817 729 1853 :
758 1799 944 1854 Posuit
991 1803 1225 1857 tenebras
1277 1803 1556 1858 latibulum
1602 1820 1758 1859 suum
1782 1804 1856 1874 ¹¹)
1892 1806 1958 1859 iis
2003 1807 2093 1874 qui

2199 1817 2452 1885 ναμένους
2482 1816 2780 1888 ὑπερϐῆναι
2812 1790 2873 1868 τὸ
2905 1790 3159 1886 ᾖράμμα,
3189 1815 3282 1868 καὶ
3297 1790 3454 1868 ⁷ἔνδον
3485 1790 3729 1883 χωρῆσαι

551 1890 695 1944 ultra
743 1891 1044 1948 litterarum
1091 1909 1315 1970 sensum
1355 1909 1462 1949 non
1489 1905 1733 1966 possunt
1771 1897 2091 1970 ascendere,

550 1991 651 2032 nec
678 1979 822 2047 quod
866 1979 1013 2034 intus
1054 1981 1188 2034 latet
1230 1982 1414 2035 animo
1457 1995 1650 2051 capere
1692 1991 1784 2036 aut
1816 1993 2096 2051 penetrare

552 2067 885 2122 intellectum
914 2069 1021 2136 rei,
1051 2077 1269 2136 nocent,
1302 2085 1426 2125 cum
1465 2081 1521 2125 ut
1545 2071 1725 2139 jacent
1754 2071 2095 2128 verba°acci-

553 2156 1258 2227 piuntur,quemadmodum
1288 2162 1510 2216 Cantica
1535 2161 1890 2227 canticorum,
1917 2170 1971 2217 et
1995 2163 2096 2216 hoc

554 2261 726 2318 genus
758 2249 884 2303 alia.

974 2326 1218 2393 Scholion
1260 2339 1560 2394 Theodoreti
1593 2342 1655 2396 4!

623 2423 831 2482 Ventus
880 2427 1148 2483 levissima
1211 2433 1529 2501 corpuscula
1582 2434 1636 2486 in
1683 2447 1860 2488 aerem
1916 2419 2099 2487 tollere

554 2519 693 2575 solet
723 2537 739 2575 :
773 2529 826 2575 et
851 2521 1098 2578 homines
1131 2538 1296 2578 vanos
1324 2534 1500 2579 tumor
1525 2526 1712 2591 animi,
1739 2541 1834 2581 seu
1868 2527 1950 2582 sui
1981 2527 2098 2580 exi-

556 2611 815 2667 stimatio.

986 2702 1147 2757 Aliud
1187 2703 1362 2760 Theol.
1403 2703 1456 2757 Ν
1459 2706 1646 2759 uianz

631 2784 791 2846 Utres
820 2805 1024 2847 vacuos
1057 2803 1251 2868 ventus
1280 2796 1556 2858 distendit,
1596 2797 1769 2852 fatuos
1796 2799 1878 2854 sui
1909 2797 2097 2852 existi-

560 2880 752 2936 natio.

1244 2970 1424 3024 Aliud.

632 3055 859 3129 (Hujus)
888 3057 1308 3114 existimationis
1337 3060 1421 3113 sui
1450 3067 1504 3114 et
1535 3075 1670 3114 vana
1691 3059 1932 3126 jactatio.

1244 3146 1422 3200 Aliud.

632 3229 869 3303 Dissipat
901 3247 998 3304 per
1028 3234 1440 3296 ostentationem
1472 3243 1528 3289 et
1549 3234 1884 3302 iactantiam.

1252 3409 1423 3463 Aliud.
1497 3452 1506 3457 ν

638 3495 719 3551 Ne
765 3495 864 3551 tibi
911 3496 1168 3556 subrepat
1213 3510 1326 3551 rem
1365 3497 1439 3554 ita
1476 3501 1624 3561 esse,
1653 3498 2102 3568 quemadmodum
2139 3501 2141 3503 ’

570 3587 667 3644 tibi
704 3587 932 3643 videtur.

1253 3677 1430 3731 Aliud.
1567 3730 1590 3751 ,

634 3767 953 3826 Aristoteles
1001 3783 1125 3823 cum
1178 3767 1380 3822 videret
1425 3768 1815 3824 adolescentem
1863 3769 2006 3832 elato
2055 3780 2109 3823 et

569 3863 798 3931 superbo
825 3861 1112 3931 supercilio
1137 3861 1487 3925 incedentem,
1527 3862 1619 3916 sed
1648 3862 1832 3916 rudem
1865 3870 1918 3915 et
1942 3860 2110 3929 impe-

573 3952 730 4005 ritum
757 3969 771 4004 :
799 3951 1146 4020 Adolescens,
1172 3937 1371 4023 qualis,
1398 3951 1589 4021 inquit,
1616 3952 1711 4007 tibi
1741 3951 1958 4015 videris,
1990 3965 2109 4005 esse

573 4054 707 4094 sane
731 4041 976 4109 cupiam;
1009 4043 1183 4112 qualis
1206 4052 1382 4097 autem
1423 4057 1606 4098 revera
1635 4057 1716 4108 es,
1743 4032 1929 4097 hostes
1961 4055 2108 4096 meos

571 4143 690 4184 esse
716 4129 898 4183 velim.

1068 4218 1230 4289 ‘29
1259 4219 1501 4274 Scholion
1536 4220 1628 4276 42.

644 4307 895 4378 Hospites
923 4307 1236 4380 [peregrini]
1271 4307 1619 4364 adventantes
1655 4324 1829 4379 nequc
1851 4310 2109 4364 varietate

2190 1907 2284 1960 τοῦ
2323 1907 2650 1978 πνεύματος,
2688 1905 2979 1976 βλάπτουσι
3018 1905 3154 1959 κατὰ
3189 1904 3250 1957 τὸ
3279 1905 3567 1976 πρόχειρον
3594 1903 3732 1972 λαμ-

2192 1995 2494 2064 ϐανόμενα·
2532 1994 2607 2057 ὡς
2661 1993 2722 2046 τὺ
2760 1989 2949 2063 ’Δσμα
2999 1991 3110 2046 τῶν
3175 1993 3451 2063 ᾀσμάτων,
3518 1992 3612 2044 καὶ
3660 1990 3732 2042 τὰ

2193 2101 2432 2139 τοιαυτα.

3444 2261 3478 2289 ο

2613 2347 2799 2399 Ἀλλο
2851 2343 3220 2412 Θεοδωρήτου
3257 2348 3365 2413 μα’.
3381 2311 3416 2322 τ

2277 2434 2335 2488 '0
2361 2435 2457 2504 μὲν
2483 2433 2678 2503 ἄνεμος
2719 2434 2786 2486 τά
2829 2433 3168 2504 ἐλαφρότατα
3196 2430 3294 2500 τῆς
3323 2431 3456 2501 ὕλης
3487 2433 3568 2494 εἰς
3595 2432 3734 2503 ἀέρα

2197 2525 2470 2594 κουφίζειν
2518 2523 2706 2577 εἴωθεν
2733 2541 2746 2554 ·
2776 2524 2901 2585 τοὺς
2945 2523 3002 2575 δὲ
3056 2521 3243 2584 κενοὺς
3281 2520 3390 2574 τῶν
3434 2521 3736 2591 ἀνθρώπων
3829 2545 3831 2547 ί

2145 2663 2150 2668 .
2197 2617 2230 2686 ὴ
2268 2616 2465 2685 οἴησις.

2613 2708 2789 2760 Ἄλλο
2817 2705 2922 2759 τοῦ
2973 2703 3282 2770 Θεολόγου.

2265 2795 2403 2856 Τοὺς
2453 2793 2549 2864 μὲν
2612 2797 2799 2856 κενοὺς
2845 2795 3042 2856 ἀσκοὺς
3094 2790 3155 2844 τὸ
3201 2790 3415 2862 πνεῦμα
3461 2791 3734 2860 διίστησιο

2195 2881 2321 2943 τοὺς
2354 2880 2411 2932 δὲ
2454 2881 2710 2950 ἀνοήτους
2736 2883 2772 2949 ἡ
2801 2880 2991 2950 οἴησις.

2789 3034 2798 3043 _
2873 2971 3075 3023 Ἄλλο.

2267 3062 2376 3132 Τῆς
2403 3062 2627 3130 οἰήσεως
2654 3060 2747 3113 καὶ
2771 3061 3103 3129 καυχήσεως.

2899 3151 3102 3204 Ἄλλο.

2266 3240 2552 3310 Σκορπίξει
2603 3241 2847 3316 γὰρδιά
2909 3242 3284 3310 φανητιασμοῦ
3362 3242 3458 3294 καὶ
3517 3240 3736 3310 καυχή-

2201 3348 2357 3392 σεως.
2873 3380 2877 3385 ,
3410 3391 3414 3392 ν
3648 3362 3655 3368 ·

2807 3478 2809 3480 ,
2878 3423 3096 3475 Ἄλλο.Δ

2268 3511 2359 3580 Μή
2387 3511 2468 3563 σοι
2499 3502 2558 3563 τὸ
2586 3505 2726 3562 εἷναι
2758 3511 2820 3564 τὸ
2847 3511 3025 3563 δοκεῖν
3058 3511 3334 3582 ὐπορῤἑοι.

2892 3683 3088 3736 Ἄλλο.

2286 3772 2656 3842 Ἀριστοτέλης
2691 3771 3021 3841 θεασάμενος
3075 3774 3354 3828 νεανίσκον
3405 3771 3736 3843 κατωφρυώ-

2208 3879 2388 3932 μενον.
2426 3861 2586 3932 μηδὲν
2625 3861 2680 3912 δὲ
2710 3862 3096 3931 ἐπιστάμενονο
3128 3862 3416 3925 Νεανίσκε,
3451 3862 3605 3930 φησὶ.
3627 3848 3735 3922 οἶος

2207 3952 2309 4022 μὲν
2349 3952 2528 4013 δοκεῖς
2571 3951 2791 4004 σεαυτὸν
2832 3945 2990 4016 εἶναι,
3049 3951 3159 4018 ἐγὼ
3205 3951 3497 4020 γενοίμηνο
3545 3944 3653 4012 οἷος
3681 3948 3735 3999 δὲ

2204 4041 2428 4113 ἀληθείᾳ
2489 4040 2771 4110 ὑπάρχεις,
2833 4041 3060 4094 τοιοῦτοί
3133 4058 3222 4110 μοι
3289 4041 3341 4092 οἱ
3402 4038 3590 4109 ἐχθροὶ
3645 4039 3733 4105 τέ-

2202 4151 2390 4189 νοιντο.
2849 4133 2856 4143 ’

2237 4257 2241 4262 -
2782 4224 2829 4274 Σ
2830 4221 3037 4288 χόλιον
3079 4218 3185 4288 μβ’.

2274 4310 2347 4362 Οὐ
2385 4309 2510 4380 χρὴῖ
2535 4311 2646 4371 τοῖς
2675 4310 3094 4380 παραϐάλλουσι,
3119 4297 3239 4359 οὔτε
3288 4306 3557 4369 ποικιλίας
3603 4307 3737 4377 βρω-

575 4403 816 4459 ciborum
837 4443 854 4468 ,
900 4418 1075 4472 neque
1106 4417 1300 4471 magno
1331 4402 1635 4456 verborum
1663 4413 1914 4470 apparatu
1959 4405 2100 4457 exci-

2210 4397 2411 4465 μάτων,
2441 4397 2560 4448 οῡτε
2589 4398 2851 4466 κομψείας
2893 4397 3148 4467 ῥημάτων
3180 4394 3736 4464 παρατιθέναι,ηὸποίοι

577 4493 760 4562 piendi'
785 4501 930 4556 sunt,
959 4505 1284 4562 quocunque
1324 4490 1510 4544 habitu
1557 4490 1664 4543 sint
1702 4499 1795 4543 aut
1831 4485 2103 4557 moribus,

577 4583 672 4638 sed
700 4583 844 4636 tenui
867 4583 1201 4652 simplicique
1232 4580 1390 4635 modo
1428 4579 1711 4634 tractandi.

1015 4671 1169 4724 Aliud
1202 4667 1411 4738 Iosephi
1449 4667 1668 4720 abbatis.

648 4756 874 4825 Quando
903 4757 1134 4812 volueris
1170 4759 1401 4827 aliquem
1443 4756 1510 4811 ad
1544 4756 1744 4810 bonum
1790 4754 2063 4810 adhortari
2093 4795 2110 4819 ,

579 4849 814 4920 primum
845 4845 1037 4900 exhibe
1065 4845 1139 4898 illi
1170 4847 1336 4900 ollicia
1366 4846 1606 4915 corporis
1642 4853 1702 4899 ut
1731 4843 2109 4912 conquiescat;

582 4939 774 4994 deinde
796 4935 974 4992 verbis
1017 4936 1272 4991 charitate
1293 4938 1462 5006 plenis
1491 4936 1638 4991 illum
1673 4936 1788 4992 cole
1811 4944 1864 4989 et
1888 4935 2114 4988 honora.

581 5027 728 5083 Nihil
755 5028 898 5083 enim
937 5028 1008 5079 ita
1055 5026 1323 5082 hominem
1367 5028 1433 5082 ad
1474 5025 1822 5083 reverentiam
1867 5037 1922 5080 et
1964 5040 2117 5078 vere-

584 5117 834 5174 cundiam
867 5130 1078 5171 morum
1109 5114 1330 5180 inducit,
1379 5123 1440 5170 ut
1483 5112 1654 5174 cilicia
1701 5117 1978 5174 charitatis
2023 5132 2117 5170 ex-

585 5218 738 5264 terna
784 5207 1056 5275 corporis,
1099 5215 1153 5260 et
1194 5206 1365 5262 honor
1407 5225 1563 5278 quem
1604 5211 1697 5264 abs
1749 5220 1801 5264 te
1849 5206 2115 5278 proﬁcisci

585 5299 788 5354 vident.

1173 5385 1416 5440 Scholion
1452 5387 1538 5439 45.

658 5479 716 5533 In
748 5489 929 5534 sancta
980 5475 1242 5532 Trinitate
1282 5485 1390 5531 tres
1432 5476 1742 5545 liypostases
1787 5479 1897 5532 sive
1943 5477 2118 5532 subsi-

591 5569 830 5634 Stentias,
861 5580 914 5624 et
946 5577 1056 5623 tres
1099 5580 1354 5637 personas
1386 5566 1713 5636 proﬁtemur,
1748 5577 1996 5623 naturam
2022 5583 2120 5622 au-

657 5681 703 5712 “
733 5678 880 5735 Psal.
918 5693 1053 5748 xvn,
1087 5677 1172 5732 12.

2207 4485 2273 4536 ἂν
2317 4487 2518 4554 σχῆμα,
2570 4487 2602 4555 ἢ
2638 4487 2726 4538 τὸν
2769 4487 2963 4555 τρόπον
3013 4485 3366 4554 τυγχάνουσι·
3416 4485 3645 4555 λιτότητι
3684 4487 3737 4537 δὲ

2204 4574 2408 4635 πάντας
2438 4572 2764 4644 ἐκδέχεσθαι.
3639 4576 3641 4583 ’

2615 4657 2790 4717 Ἀλλο
2824 4663 3102 4733 Ἰωσήφου
3127 4663 3294 4720 ἀϐϐἆ.

2279 4755 2444 4807 Ὅταν
2494 4754 2736 4824 Θελήσεις
2777 4755 3085 4824 νουθετῆσαι
3132 4773 3252 4809 τινα
3297 4759 3376 4821 εἰς
3427 4757 3487 4810 τὸ
3523 4759 3738 4825 ἀγαθὸν,

2217 4843 2426 4912 πρῶτον
2460 4844 2761 4896 ἀνάπαυσον
2792 4833 2948 4897 αὑτδν
2982 4846 3301 4916 σωματικῶς
3323 4861 3338 4875 ⁶
3381 4848 3472 4900 καὶ
3521 4847 3741 4920 τίμησον

2218 4933 2379 4985 αὐτὸν
2405 4935 2462 4985 ὲν
2491 4933 2629 5003 λόγῳ
2659 4934 2903 5004 ἀγάπης·
2936 4937 3082 4989 οὐδὲν
3110 4936 3216 5005 γὰρ
3257 4936 3427 4999 οὕτως
3456 4937 3631 4990 πείθει
3656 4941 3742 4992 τὸν

2219 5024 2496 5094 ἄνθρωπον
2547 5025 2802 5078 αἰδεῖσθαι
2864 5026 2967 5090 καὶ,
2994 5026 3399 5095 ’μεταλλαγῆναι
3457 5031 3599 5100 ποιεί
3643 5029 3743 5084 ἀπὸ

2218 5117 2316 5184 τῆς
2343 5117 2536 5180 κακίας
2567 5116 2727 5169 αὐτοῦ
2751 5118 2843 5170 ἐπὶ
2870 5119 2938 5171 τὰ
2971 5117 3227 5188 βελτίονα,
3260 5117 3336 5178 ὡς
3371 5119 3438 5171 τὰ
3469 5123 3744 5192 σωματικά

2220 5207 2416 5274 ἀγαθὰ,
2449 5207 2541 5260 καὶ
2569 5209 2602 5276 ἠ
2636 5207 2767 5277 τιμὴ
2796 5207 2968 5276 ἥνπερ
2997 5205 3193 5273 θεωρεί
3223 5205 3329 5258 ἀπὸ
3358 5207 3473 5262 σοῦ.

2749 5385 2757 5394 ’
2789 5380 3041 5447 Σχόλισν
3073 5386 3180 5446 μγ¹.
3206 5373 3208 5376 ’

2295 5472 2413 5525 ’Enl
2464 5473 2557 5542 μὲν
2604 5469 2699 5537 τῆς
2742 5467 2895 5556 thyla;
2960 5465 3179 5534 Τριάδος
3237 5471 3382 5538 τρεῖς
3432 5472 3743 5533 ὑποστάσεις

2213 5563 2458 5634 λέγομεν,
2504 5563 2594 5616 καὶ
2635 5560 2758 5630 τρία
2816 5557 3107 5625 πρόσωπα,
3164 5561 3321 5626 φύσιν
3372 5560 3429 5614 δὲ
3483 5563 3608 5633 μίαν
3654 5563 3742 5615 καὶ
