4032 6340
626 472 760 533 1135

1849 475 1905 528 S.
1973 471 2288 530 JOANNIS
2321 471 2622 530 CLIMMII

3718 471 3857 534 1136

618 585 897 638 batiounm
929 583 1115 651 pelago
1155 582 1221 635 ad
1254 593 1465 651 portum
1511 587 1729 638 demum
1779 586 2175 654 tranquillitatis

2288 585 2386 653 τῆς
2409 585 2502 636 τοῦ
2533 585 2654 651 αἰτή
2664 600 2824 652 ματος
2852 583 3006 653 δίψης
3032 583 3164 654 πρὸς
3187 583 3348 638 αὑτὸν
3371 584 3858 654 παρακαθέζεσθαι

615 674 942 742 aspiraruut.
988 674 1095 727 litsi
1146 690 1250 729 nou
1302 678 1454 729 timet
1491 676 1658 730 lleum
1686 678 1852 746 judex
1895 688 1953 731 nt
1985 677 2178 741 Deum,

613 766 783 819 nihilo
813 767 993 820 minus
1021 774 1238 834 propter
1267 768 1591 828 molestiam,
1629 786 1789 838 quam
1821 770 1894 823 illi
1923 786 2018 840 per
2057 785 2176 838 prc~

611 872 703 910 ces
738 858 974 917 exhibet,
1010 873 1104 924 per
1150 868 1426 925 peccatum
1465 859 1606 914 illius
1651 863 1822 930 gratia
1865 864 2080 916 viduata
2127 871 2182 916 et

611 951 867 1004 destituta
907 951 1088 1006 anima
1121 953 1378 1007 ultionem
1405 952 1568 1006 faciet
1598 954 1716 1022 ejus
1750 971 1816 1006 ex
1870 955 2181 1008 adversario

614 1043 758 1099 illius
801 1059 1050 1112 corpore,
1101 1054 1266 1112 atque
1313 1045 1562 1099 hostibus
1603 1046 1720 1113 ejus
1755 1045 2034 1115 spiritibus
2077 1046 2183 1100 im-

614 1135 854 1188 mundis.
881 1133 1060 1189 Bonos
1096 1135 1316 1204 quidem
1349 1145 1403 1190 et
1439 1136 1689 1190 beneficii
1721 1152 1988 1192 memores
2018 1151 2182 1207 nego-

613 1224 777 1275 tiator
813 1231 997 1276 noster
1043 1224 1262 1277 illorum
1294 1240 1484 1294 preces
1514 1225 1698 1279 statim
1739 1227 2083 1282 exaudiendo
2112 1231 2179 1282 ad

611 1311 696 1365 sui
717 1325 958 1365 amorem
991 1313 1291 1381 pertrahit;
1326 1314 1604 1384 improbas
1638 1324 1817 1368 autem
1847 1325 1901 1369 et
1940 1316 2180 1386 ingratas

609 1415 804 1453 canum
848 1401 1058 1455 animas
1103 1417 1198 1470 per
1231 1401 1423 1457 famem
1459 1415 1512 1457 et
1543 1404 2000 1472 sitim'petitionis
2039 1407 2180 1461 assi-

608 1490 737 1543 dere
766 1492 869 1545 sibi
918 1491 1126 1548 diutius
1169 1509 1264 1562 per
1292 1509 1484 1563 preces
1527 1505 1702 1549 curat.
1749 1496 1992 1564 Ingratus
2033 1499 2178 1553 enim

611 1581 764 1633 canis
791 1591 1013 1650 accepto
1048 1599 1186 1652 pane
1212 1586 1400 1638 statim
1440 1586 1508 1638 ab
1539 1585 1793 1655 largitore
1817 1603 1917 1641 suo
1950 1589 2170 1643 recedit.

609 1668 688 1724 Ne
733 1673 959 1737 dixeris,
999 1685 1054 1728 te
1100 1691 1163 1729 ex
1216 1675 1494 1730 diuturnis
1533 1678 1782 1746 precibus
1831 1680 1964 1733 nihil
1998 1679 2177 1748 profe-

611 1759 772 1827 cisse,
805 1764 938 1816 satis
959 1763 1110 1816 enim
1148 1764 1259 1831 jam
1297 1764 1592 1832 proiecisti.
1621 1764 1773 1830 Quod
1812 1767 1972 1820 enim-
1999 1767 2172 1822 subli-

609 1850 753 1904 mius
794 1861 848 1905 et
891 1853 1240 1921 praestantius
1288 1855 1491 1908 bonum
1531 1863 1632 1917 est,
1685 1871 1848 1924 quam
1895 1870 2016 1909 cum
2067 1855 2177 1909 Deo

2289 675 2378 726 διά
2409 673 2712 742 προσευχῆς
2741 674 3160 739 παρασκευάζει.
3199 675 3256 726 ’0
3279 674 3386 745 γάρ
3413 675 3684 744 ἀγνώμων
3705 674 3859 729 κύων

2289 765 2653 834 κομισάμενος
2695 764 2854 832 ἄρτον
2884 763 3082 826 εὐθέως
3107 765 3377 835 ἀναχωρεῖ
3415 764 3509 818 τοῦ
3536 767 3857 830 δεδωκότος.

2288 855 2378 920 Μὴ
2421 855 2546 921 λέγε
2586 853 2844 924 χρονίζων
2876 855 2933 906 ὲν
2960 857 3025 924 τῇ
3058 854 3238 924 δεήσει
3281 857 3446 925 μηδὲν
3487 859 3859 928 κατωρθωκέ-

2287 965 2371 998 ναι
2396 948 2495 1015 (υγ
2525 944 2622 1015 ήδη
2653 947 2759 1016 γὰρ
2783 947 2876 998 καὶ
2900 946 3285 1016 κατώρθωκας.
3314 948 3379 1000 Τί
3407 947 3514 1018 γὰρ
3537 948 3629 1001 καὶ
3655 949 3860 1018 ὑψηλὸ-

2286 1055 2441 1108 τερον
2476 1036 2675 1105 ἀγαθὸν
2715 1037 2808 1090 τοῦ
2836 1037 2914 1107 τῷ
2951 1038 3140 1108 Κυρίῳ
3169 1039 3637 1108 πρωσκολλᾶσθαι,
3670 1043 3770 1094 καὶ
3801 1044 3861 1093 ἐν

2285 1133 2351 1199 τῇ
2386 1129 2520 1197 πρὸς
2559 1128 2720 1182 αὑτὸν
2759 1127 2947 1180 ὲνώσει
2993 1127 3350 1192 ἀδιαλείπτως
3398 1136 3855 1202 προσκαρτερεῖν.

2286 1220 2396 1287 Οὐχ
2427 1217 2599 1280 οῦτως
2637 1217 2963 1286 κατάκριτος
2991 1217 3193 1270 δέδοικε
3221 1217 3324 1286 τῆς
3355 1218 3547 1287 ἑαυτοῦ
3580 1220 3860 1290 τιμωρίας

2282 1309 2381 1376 τὴν
2420 1309 2692 1376 ἀπόφασιν
2725 1308 2859 1377 (10),
2890 1307 2964 1369 ὡς
3001 1308 3030 1358 ὁ
3068 1307 3377 1377 προσευχῆς
3424 1307 3857 1377 ἐπιμελούμενος

2282 1401 2380 1470 τὴν
2401 1400 2603 1468 ταύτης
2629 1401 2989 1469 παράστασιν.
3023 1399 3184 1451 Ὅθεν
3207 1401 3255 1452 εἰ
3283 1399 3442 1467 σοφός
3464 1417 3545 1462 τις
3572 1401 3666 1470 καὶ
3692 1401 3860 1470 ἀγχί-

2268 1468 2408 1554 νους
2440 1468 2767 1560 ὑπάρχει
2793 1490 2897 1568 πῆς
2928 1491 3142 1559 ἐκείνης
3177 1491 3415 1561 μνήμης,
3456 1468 3634 1543 πᾶσαν
3679 1468 3862 1543 λοιδο-

2288 1584 2428 1652 ρίαν,
2465 1584 2558 1636 καὶ
2598 1581 2786 1653 ὀργὴν,
2819 1581 2913 1634 καὶ
2957 1581 3249 1651 μέριμναν,
3293 1582 3388 1637 καὶ
3425 1581 3695 1652 ἀσχολίαν,
3761 1583 3864 1634 καὶ

2282 1675 2482 1746 θλίψιν,
2532 1675 2626 1728 καὶ
2677 1676 2859 1746 κόρον,
2911 1675 3005 1727 καὶ
3067 1675 3392 1744 πειρασμὸν,
3452 1676 3544 1726 καὶ
3592 1673 3862 1742 λογισμὸν

2283 1767 2715 1838 ὑποστρέψεσθαι
2735 1767 2974 1820 δύναται.
3003 1765 3530 1836 Προπαρασκευάζου
3552 1765 3640 1818 διὰ
3659 1766 3860 1818 ἐννάου

2283 1861 2340 1912 ὲν
2387 1861 2532 1931 ψυχῇ
2583 1860 2890 1929 προσευχῆς
2932 1860 3068 1928 πρὸς
3115 1858 3214 1927 τὴν
3244 1858 3582 1929 παράστασιν
3620 1856 3724 1925 τῆς
3756 1855 3863 1925 σῆς
3954 1901 3972 1923 ,

609 1942 887 2012 conjungi,
916 1953 972 1997 et
1008 1943 1061 1996 in
1099 1944 1245 2000 illius
1277 1947 1665 2015 conjunctione
1698 1955 1959 2016 perpetuo
1989 1963 2175 2017 perse-

2281 1951 2509 2013 ἱκεσίας,
2541 1951 2635 2003 καὶ
2666 1951 2944 2019 συντόμως
2973 1949 3286 2018 προκόψεις.

609 2038 839 2090 verare?
871 2037 990 2092 Non
1027 2039 1100 2094 ita
1153 2055 1279 2095 rcus
1333 2055 1396 2094 ac
1455 2041 1745 2094 damnatus
1814 2039 2067 2094 fortnidat
2104 2043 2428 2096 sententiam
2473 2043 2744 2112 supplicii,
2799 2043 2939 2096 sicut
2979 2044 3071 2110 qui
3121 2034 3308 2098 curaui
3355 2045 3617 2101 orationis
3668 2042 3862 2102 habet.

607 2127 840 2196 trepidat
865 2129 995 2183 dum
1027 2131 1080 2182 in
1110 2131 1358 2184 oratione
1392 2141 1663 2186 versatur.
1705 2132 1863 2188 Unde
1885 2133 1978 2200 qui
2016 2132 2175 2201 sapit,
2215 2143 2270 2187 et
2332 2135 2540 2188 acutior
2595 2145 2698 2198 est,
2739 2149 2805 2188 ex
2841 2134 3106 2188 orationis
3133 2136 3393 2189 memoria
3420 2151 3631 2190 omnem
3661 2141 3864 2188 contu-

601 2219 846 2282 meliam,
884 2219 1049 2290 436
1089 2220 1255 2281 iram,
1302 2234 1484 2284 curas,
1524 2222 1767 2291 negotia,
1833 2221 2204 2286 afllictiouem,
2245 2223 2352 2276 cibi
2393 2225 2718 2289 satietatem,
2788 2224 3168 2288 tentationem,
3222 2234 3278 2278 et
3327 2227 3682 2294 cogitationes
3737 2225 3865 2278 elu-

605 2312 734 2364 dere
778 2321 830 2364 et
873 2312 1257 2380 subterfugere
1289 2321 1484 2381 potest.
1536 2312 1783 2382 Praeparat
1837 2323 1888 2366 te
1928 2327 2022 2380 per
2085 2327 2391 2384 nunquam,
2431 2315 2797 2372 intermissam
2835 2316 3026 2370 mentis
3081 2317 3404 2382 orationem,
3441 2326 3500 2371 ut
3552 2315 3662 2370 Deo
3717 2313 3865 2372 assi-

604 2412 717 2458 stas
740 2404 792 2457 iu
834 2405 1087 2472 precibus
1126 2407 1254 2470 tuis,
1287 2415 1340 2459 et
1370 2406 1553 2459 statim
1587 2421 1926 2474 progressum
1959 2406 2146 2458 facies.

680 2564 804 2620 Vidi
848 2579 949 2634 ego
979 2573 1328 2618 coruscautcs
1362 2564 1559 2617 virtute
1601 2562 1941 2626 obedientiae,
1972 2570 2026 2616 et
2057 2577 2169 2616 me-

606 2660 835 2712 moriam
897 2655 989 2709 Dei
1040 2665 1307 2722 quantum
1363 2654 1476 2708 fieri
1525 2654 1729 2729 potuit,
1778 2668 2056 2722 nunquam
2107 2668 2174 2706 ex

605 2751 790 2804 animo
822 2749 1174 2817 deponentes,
1226 2745 1319 2814 qui
1368 2746 1614 2799 certatim
1665 2746 1730 2798 ad
1771 2759 1957 2814 preces
2011 2743 2174 2797 simul

607 2840 1012 2899 incumbebant,
1049 2848 1102 2890 et
1131 2836 1460 2890 brevissimo
1509 2843 1753 2904 tempore
1785 2850 1976 2888 omnes
2025 2849 2176 2887 men-

610 2933 680 2984 tis
727 2929 1113 2982 distractiones
1158 2934 1508 3002 superarunt,
1561 2934 1615 2977 et
1647 2933 1788 2978 totos
1820 2923 1972 2992 quasi
2001 2921 2178 2976 fontes

607 3023 968 3089 lacrymarum
1016 3015 1394 3085 profuderunt.
1440 3015 1619 3070 Parati
1661 3015 1804 3068 enim
1853 3015 1922 3068 ad
1971 3015 2174 3068 oratio-

609 3126 730 3166 nem
760 3125 851 3179 per
876 3117 1118 3163 sanctam
1140 3107 1505 3162 obedientiam
1536 3105 1777 3159 fuerunt.
1813 3104 2176 3159 Psalmodiam

607 3203 826 3272 quidem
863 3214 984 3269 qua:
1012 3199 1064 3250 in
1097 3187 1394 3252 multorum
1418 3206 1559 3251 cretu
1594 3195 1708 3249 fieri
1745 3196 1902 3257 solet,
1935 3209 2173 3264 sequun-

611 3305 701 3347 tur
735 3293 931 3346 animze
955 3289 1299 3358 captivitates
1344 3299 1398 3342 et
1440 3288 1831 3358 cogitationum
1863 3287 2175 3341 distractio-

611 3403 727 3450 nes,
754 3386 1018 3455 privatam
1043 3396 1170 3436 vero
1196 3391 1250 3434 et
1277 3381 1579 3436 solitariam
1609 3395 1716 3434 non
1744 3380 1894 3444 item,
1916 3381 2008 3433 sed
2037 3381 2176 3433 hanc

610 3476 798 3532 acedia
821 3483 1115 3543 oppugnat,
1149 3471 1296 3525 illam
1329 3470 1585 3524 alacritas
1613 3469 1782 3522 animi
1813 3469 1986 3538 juvat.
2015 3470 2174 3522 Amo-

613 3585 725 3623 rem
758 3565 948 3620 militis
976 3578 1102 3631 erga
1132 3579 1310 3632 regem
1349 3579 1510 3630 suum
1536 3562 1779 3615 ostendit
1810 3561 2041 3620 bellum;
2063 3575 2179 3613 nio-

611 3659 770 3714 nachi
793 3672 922 3712 vero
950 3655 1270 3711 charitatem
1301 3671 1426 3722 erga
1453 3653 1620 3707 Deum
1650 3653 1912 3707 orationis
1942 3662 2177 3720 tempus,

611 3753 742 3805 dum
776 3758 918 3804 astat
953 3746 1085 3810 Deo,
1118 3745 1344 3814 probat;
1385 3755 1584 3799 statmn
1621 3753 1773 3798 tuum
1810 3744 2049 3798 ostendit
2081 3742 2176 3795 tibi

613 3843 789 3896 oratio
819 3852 929 3894 tua.
970 3838 1283 3894 Orationem
1317 3839 1461 3892 enim
1505 3835 1738 3904 theologi
1783 3834 1859 3888 illi
1903 3834 2176 3903 speculum

614 3934 865 3991 monachi
911 3947 1031 3986 esse
1076 3929 1436 3983 aflirmaruut.
1490 3927 1593 3993 Qui
1637 3928 1999 3996 quodcunque
2042 3941 2178 3995 opus

615 4044 743 4082 casu
786 4025 1023 4086 inchoat,
1062 4032 1116 4074 ct
1145 4021 1247 4075 sub
1292 4020 1482 4072 horam
1535 4020 1799 4073 orationis
1838 4027 2175 4088 appetentem

617 4119 670 4171 in
698 4131 857 4184 opere
888 4113 1082 4181 pergit,
1122 4128 1150 4163 a
1194 4109 1534 4164 damonibus
1576 4108 1840 4160 illuditur.
1887 4106 1999 4161 Hoc
2031 4108 2175 4160 enim

616 4207 834 4263 student
857 4204 933 4257 illi
967 4202 1113 4256 fures
1145 4211 1201 4252 ut
1227 4202 1413 4251 horam
1443 4215 1509 4252 ex
1535 4197 1664 4250 hora
1697 4196 1854 4248 nobis
1877 4196 2180 4268 subducant

614 4309 668 4356 et
697 4301 941 4369 perdant.
980 4292 1098 4346 Noli
1133 4301 1348 4359 rogatus
1387 4305 1639 4343 recusare
1672 4303 1770 4357 pro
1810 4287 2031 4342 alterius
2061 4289 2177 4341 ani-

617 4406 706 4445 ma
736 4388 968 4459 precari,
1014 4383 1266 4454 quamvis
1298 4381 1529 4450 gratiam
1577 4380 1771 4432 orandi
1810 4393 1916 4431 non
1955 4378 2173 4433 habeas.

619 4480 772 4550 Saepe
802 4478 944 4532 enim
976 4476 1106 4529 tides
1139 4472 1373 4542 petentis
1397 4470 1557 4523 etiam
1579 4481 1887 4538 precantem
1918 4485 2038 4523 cum
2061 4470 2178 4523 ani-

619 4573 690 4625 mi
724 4568 1048 4624 contritione
1091 4564 1345 4618 servavit.
1397 4559 1538 4613 Nil:il
1593 4570 1674 4613 est
1698 4563 1846 4628 quod
1880 4575 1977 4628 pro
2009 4560 2179 4614 altero

617 4671 901 4733 precatus,
951 4665 1004 4710 et
1046 4654 1334 4708 exauditus
1380 4652 1660 4705 extollaris
1701 4668 1715 4703 :
1761 4649 1919 4720 5.37
1959 4652 2172 4706 illorum

616 4753 758 4808 enim
792 4750 921 4802 ﬁdes
950 4747 998 4800 id
1036 4744 1161 4798 fecit
1192 4755 1245 4797 et
1292 4742 1485 4795 effecit.
1518 4742 1674 4796 Pueri
1710 4741 1950 4809 quotidie
1974 4742 2041 4795 ab
2070 4741 2176 4795 ludi

617 4842 956 4895 moderatore
1005 4845 1274 4902 coguntur
1320 4833 1732 4886 accuratissime
1778 4831 2020 4898 reddere,
2059 4849 2180 4902 qua:

617 4934 684 4987 ab
713 4933 803 4985 illo
848 4929 1172 4990 didicerunt,
1225 4934 1277 4979 et
1307 4940 1335 4978 a
1372 4932 1551 4977 mente
1589 4934 1796 4986 nostra,
1823 4937 1984 4990 quam
2013 4939 2041 4977 a
2072 4926 2179 4978 Deo

2361 2560 2612 2630 Ἑώρακα
2643 2562 2701 2612 ὲν
2730 2558 2940 2629 ὑπακοῇ
2971 2558 3457 2630 ὲξαστράπτοντας,
3479 2559 3573 2612 καὶ
3591 2561 3686 2630 τῆς
3709 2565 3866 2617 κατὰ

2281 2652 2403 2704 νοῦν
2457 2653 2555 2721 ὅση
2611 2651 2837 2720 δύναμις
2925 2651 3145 2721 μνήμης
3197 2649 3333 2703 Θεοῦ
3385 2652 3461 2723 μὴ
3516 2652 3860 2724 ἀμελοῦντας

2283 2743 2480 2815 ἁθρόον
2512 2745 2602 2796 ἐπὶ
2631 2743 2936 2814 προσευχὴν
2959 2741 3422 2813 παρασταθέντας,
3456 2745 3548 2797 καὶ
3573 2745 3864 2816 συντόμως

2282 2836 2376 2890 τοῦ
2419 2834 2627 2889 ἑαυτῶν
2668 2833 2788 2897 νοὸς
2819 2833 3271 2903 περιγενομένους
3305 2833 3396 2886 καὶ
3426 2835 3718 2905 κρουνηδὸν
3763 2836 3866 2891 δά-

2285 2946 2430 2997 κρυα
2460 2928 2879 2998 προχεομένους.
2927 2925 3546 2995 Προπαρεσκευασμένοι
3588 2929 3693 2998 γάρ
3748 2929 3865 2980 ὑπὸ

2251 3083 2254 3086 ,
2283 3019 2384 3088 τῆς
2417 3017 2568 3078 ὁσίας
2598 3019 2843 3086 ὑπακοῆς
2863 3015 3176 3085 ἐτύγχανον·
3215 3017 3282 3084 τῇ
3316 3015 3414 3083 μὲν
3446 3017 3579 3085 μετὰ
3607 3017 3864 3087 πλήθσῦς

2282 3109 2592 3179 ψαλμῳδία,
2625 3107 2992 3178 αἱχμαλωσίαι
3023 3107 3118 3160 καὶ
3151 3105 3459 3177 ρεμβασμοὶ
3486 3107 3860 3176 παρέπονται·

2278 3203 2345 3269 τῇ
2378 3200 2434 3251 δὲ
2468 3197 2742 3271 ίδιαζοὺσῃ
2768 3197 2866 3267 οὐχ
2906 3195 3096 3261 οὕτως’
3128 3197 3261 3251 ἀλλὰ
3289 3201 3356 3269 τῇ
3391 3198 3488 3267 μὲν
3513 3192 3711 3268 ἀκηδίᾳ
3750 3215 3864 3254 πο-

2279 3293 2434 3361 λεμεῖ
2462 3291 2599 3358 (Η),
2637 3294 2701 3361 τῇ
2739 3291 2794 3343 δὲ
2827 3289 3102 3361 προθυμίᾳ
3147 3293 3398 3360 συνεργεῖ
3425 3291 3558 3361 (12).
3603 3291 3864 3366 ’Λγάπην

2284 3385 2383 3454 μὲν
2419 3381 2847 3453 στρατευομένου
2887 3381 3021 3451 πρὸς
3056 3381 3276 3449 βασιλέα
3315 3382 3549 3449 ἀνέδειξε
3588 3381 3858 3453 πόλεμος

2282 3475 2502 3543 ἀγάπην
2530 3471 2586 3524 δὲ
2619 3470 2850 3541 μοναχοῦ
2877 3471 3007 3539 πρὸς
3030 3470 3162 3522 Θεὸν
3186 3468 3378 3539 ήλεγξε
3407 3470 3706 3543 προσευχῆς
3730 3490 3861 3527 καί-

2283 3564 2372 3633 ρος
2403 3562 2496 3614 καὶ
2524 3564 2883 3631 παράστασις
2928 3560 3026 3629 τὴν
3066 3559 3290 3612 σεαυτοῦ
3324 3563 3671 3623 κατάστασιν,
3707 3565 3745 3633 ἠ
3785 3567 3859 3636 σὴ

2281 3652 2555 3724 προσευχὴ
2584 3653 2874 3723 ἐμφανίσει
2904 3667 3007 3704 σοι’
3063 3651 3326 3722 ἔσοπτρον
3368 3653 3476 3722 γὰρ
3530 3652 3698 3723 αὐτὴν
3750 3657 3859 3708 τοῦ

2282 3732 2514 3815 μοναχὸῦ
2543 3747 2591 3798 οἱ
2622 3744 2861 3810 θεολόγοι
2885 3744 3077 3795 ἐκεῖνοι
3106 3741 3484 3796 ὲκδεδὼκασιν·
3511 3743 3540 3794 ὁ
3560 3742 3648 3796 τὸν
3679 3747 3859 3816 τυχὸν

2283 3837 2674 3907 μετερχόμενος
2696 3835 2855 3905 ἔργον
2883 3837 2975 3888 καὶ
2997 3835 3302 3904 προσευχῆς
3329 3833 3476 3902 ὧρας
3497 3834 3860 3906 καταλαμϐα-

2279 3929 2507 3996 νομένης
2546 3928 2604 3978 ἐν
2649 3925 2798 3995 αὑτῷ
2833 3924 3384 3995 προσασχολούμενος,
3426 3923 3530 3976 ὑπὸ
3572 3925 3859 3995 δαιμόνων

2279 4015 2625 4085 ὲμπαίζεται.
2659 4016 2861 4079 Σκοπὸς
2890 4016 2996 4084 γάρ
3018 4020 3130 4078 τοῖς
3157 4015 3417 4078 κλέπταις
3436 4015 3582 4086 ὤραν
3607 4017 3673 4070 δι’
3690 4017 3858 4089 ὧρας

2279 4107 2336 4170 ἐξ
2371 4106 2526 4175 ἡμῶν
2555 4107 2916 4176 άποσυλῆσαι.
2949 4107 3040 4175 Μὴ
3081 4105 3529 4175 παραιτούμενος,
3574 4108 3664 4160 καὶ
3700 4108 3857 4179 ὑπὲρ

2279 4197 2453 4267 ψυχῆς
2483 4197 2900 4269 προσεύχεσθαι,
2929 4198 3030 4250 κᾶν
3055 4196 3359 4267 προσευχὴν
3391 4197 3467 4269 μὴ
3501 4186 3791 4268 κέκτησαι·
3817 4204 3854 4270 ἡ

2279 4289 2385 4355 γὰρ
2421 4288 2599 4350 πίστις
2623 4287 2876 4350 πολλάκις
2896 4286 2987 4340 τοῦ
3016 4285 3287 4351 αἰτοῦντος
3306 4290 3400 4342 καὶ
3431 4291 3522 4342 τὸν
3544 4290 3858 4361 ,εὐχόμενον

2283 4379 2420 4448 μετὰ
2456 4377 2790 4447 συντριμμοῦ
2822 4377 3014 4432 ἔσωσε.
3051 4378 3140 4449 Μὴ
3195 4377 3418 4447 ὲπαίρου
3476 4379 3613 4445 ὑπὲρ
3661 4380 3858 4436 ἄλλων

2278 4473 2528 4540 δεόμενος
2563 4470 2656 4521 καὶ
2684 4471 3117 4539 εἰσακουόμενοςο
3148 4474 3181 4542 ή
3227 4473 3337 4542 γὰρ
3389 4473 3609 4525 ἐκείνων
3656 4474 3858 4541 πίστις

2281 4565 2547 4632 ἐνήργησε
2576 4561 2668 4612 καὶ
2689 4563 2896 4630 ἴσχυσε.
2925 4565 3060 4626 Παῖς
3093 4565 3191 4633 μὲν
3213 4566 3320 4626 πᾶς
3347 4566 3542 4626 πᾶσαν,
3571 4566 3752 4639 ἤνπερ
3785 4572 3858 4624 ἑκ

2279 4654 2370 4705 τοῦ
2429 4652 2774 4721 παιδοτρίϐου
2840 4654 3123 4724 μεμάθηκε
3190 4653 3399 4721 σοφίαν,
3453 4657 3571 4709 καθ’
3626 4659 3859 4729 ἡμέραν

2279 4743 2692 4810 ἀπαραλείπτως
2718 4743 2808 4796 ὑπ’
2829 4745 2989 4796 αὑτοῦ
3011 4745 3459 4815 ὲκζητηθήσεται’
3490 4747 3611 4811 νοῦς
3632 4749 3687 4800 δὲ
3712 4753 3856 4815 πᾶς,

2279 4836 2455 4903 ἥνπερ
2479 4833 2707 4902 δύναμιν
2755 4837 2821 4888 ἐκ
2849 4835 2982 4888 Θεοῦ
3013 4835 3251 4904 εἴληφεν,
3284 4839 3341 4889 ἐν
3382 4839 3531 4911 πάσῃ
3563 4847 3852 4912 προσευχῇ

2281 4926 2731 4995 ἀπαιτηθήσεταιο
2755 4927 2836 4979 διὸ
2865 4927 3207 4994 προσεκτέον,
3234 4929 3361 4982 ὅταν
3380 4933 3650 5000 νηφόντως
3673 4949 3854 5000 προσ-

615 5024 722 5074 rim
746 5032 799 5073 et
834 5019 1086 5072 virtutem
1128 5016 1354 5080 accepit,
1388 5013 1439 5066 in
1466 5014 1721 5067 omnibus
1759 5012 2006 5081 precibus
2037 5014 2174 5067 ratio

2281 5016 2428 5088 εὑξῃ,
2455 5016 2647 5069 θᾶττον
2675 5018 2753 5079 εἰς
2779 5016 2944 5086 ὀργὰς
2965 5017 3314 5090 πολεμηθήσῃ
3341 5021 3471 5090 (13).
3501 5020 3711 5084 Σκοπὸς
3735 5026 3857 5096 γὰρ

616 5114 880 5181 exigetur.
947 5107 1212 5173 Quocirca
1268 5107 1563 5174 diligenter
1611 5103 1857 5156 attendas
1923 5112 2175 5170 Oportet,

616 5205 830 5273 quando
853 5202 1033 5256 sobrie
1067 5199 1391 5268 precaberis,
1424 5198 1585 5252 citius
1612 5210 1704 5263 per
1740 5196 1873 5247 iram
1899 5208 2178 5264 oppugna—

618 5299 802 5359 beris;
847 5296 946 5348 hoc
991 5293 1133 5346 enim
1165 5298 1409 5366 spectant
1449 5291 1721 5341 daemones
1765 5289 1848 5353 (ut
1882 5300 1983 5339 nos
2027 5287 2174 5339 omni

617 5382 880 5436 orationis
936 5379 1110 5433 fructu
1168 5376 1424 5446 privent.)
1480 5375 1671 5429 Omnis
1713 5374 1931 5441 quidem
1972 5376 2169 5439 virtus,

616 5455 715 5528 θεά.
733 5472 1072 5542 potissimum
1108 5470 1282 5522 oratio
1322 5482 1444 5520 cum
1477 5481 1672 5536 magno
1709 5464 1869 5517 animi
1893 5464 2089 5519 affectu
2120 5475 2174 5519 et

617 5577 780 5618 sensu
822 5561 979 5616 nobis
1032 5575 1245 5629 semper
1294 5557 1595 5628 peragenda
1638 5565 1740 5611 est.
1786 5554 1941 5610 Tunc
1989 5568 2168 5611 autem

615 5655 793 5708 anima
843 5669 965 5706 cum
1027 5668 1188 5706 sensu
1245 5659 1513 5720 precatur,
1561 5649 1779 5718 quando
1840 5648 2170 5706 iracundiam

612 5747 797 5801 vineit.
835 5745 978 5798 Bona
1012 5744 1197 5798 multis
1233 5743 1485 5810 precibus
1517 5750 1570 5796 et
1603 5742 1764 5796 annis
1815 5756 1965 5810 parta
1999 5743 2169 5798 selida

612 5847 664 5891 et
691 5836 996 5892 constantia
1037 5845 1185 5890 sunt.
1217 5834 1318 5897 Qui
1351 5834 1514 5890 Deum
1544 5834 1866 5904 possederit,
1916 5851 2018 5891 non
2063 5837 2168 5891 erit

2284 5102 2436 5170 οὗτος
2489 5107 2597 5160 τῶν
2658 5107 2865 5178 ἐχθρῶν
2913 5108 3088 5176 ήμῶνο
3139 5113 3316 5165 πᾶσαν
3361 5113 3476 5183 μὲν.
3499 5111 3720 5183 ἀρετὴν,
3755 5118 3854 5170 ἐπὶ

2286 5201 2453 5252 πλείω
2481 5200 2536 5252 δὲ
2555 5201 2653 5268 τὴν
2680 5199 2984 5270 προσευχὴν
3008 5201 3254 5273 αἰσθήσει
3283 5203 3466 5274 πολλῇι
3488 5203 3853 5274 ποιησώμεθα

2287 5292 2530 5344 πάντοτε·
2579 5293 2697 5345 τότε
2737 5290 2883 5360 ψυχὴ
2929 5293 2984 5343 ὲν
3016 5294 3264 5365 αἰσθήσει
3291 5293 3663 5369 πῳρεὺχεται.
3688 5298 3855 5353 ὅταν

2282 5381 2453 5453 θυμοῦ
2489 5384 2750 5453 κρείττων
2789 5382 3032 5456 γένηται;
3065 5386 3136 5439 τά
3187 5387 3406 5449 πολλαῖς
3465 5386 3693 5449 ἱκεσίαις
3752 5397 3854 5446 καὶ

2279 5476 2491 5544 χρόνοις
2523 5474 2947 5545 περιποιούμενα
2977 5477 3199 5548 μόνιμα.
3244 5479 3301 5531 '0
3333 5462 3520 5576 κέρων
3560 5481 3852 5551 κτησάμεο

2277 5584 2364 5628 νος
2395 5569 2525 5637 (14),
2553 5568 2652 5619 οὑκ
2681 5565 2758 5619 ἔτι
2789 5569 2980 5622 ἑαυτοῦ
3010 5572 3068 5622 ἐν
3104 5565 3502 5640 προσευχῇλλτὺν
3529 5571 3701 5641 μῦθον
3735 5572 3849 5641 ὑφ-

2273 5659 2560 5726 ηγήσεται³
2595 5656 2654 5708 τὸ
2681 5658 2787 5728 γάρ
2815 5659 3030 5730 πνεῦμα
3070 5660 3191 5712 τότε
3220 5661 3530 5730 ἐντυγχάνει
3569 5662 3715 5732 ὑπὲρ
3747 5667 3852 5718 αὑ·

2271 5749 2365 5802 τοῦ
2396 5753 2453 5803 ἐν
2484 5747 2658 5818 ἐαυτῷ
2682 5753 3002 5820 στεναγμοῖς
3027 5749 3328 5820 ἀλαλήτοις.
3362 5753 3549 5806 Πᾶσαν
3574 5754 3849 5825 αἰσθητὴν

2273 5834 2572 5901 φαντασίαν
2596 5835 2651 5888 ἐν
2681 5839 2747 5906 τῇ
2781 5839 3052 5907 προσευχῇ
3084 5837 3156 5909 μὴ
3182 5840 3446 5914 προσδέξει
3477 5841 3612 5914 (15),
3648 5844 3740 5897 ἵνα
3769 5841 3852 5914 μὴ
