4032 6340
193 457 334 522 1137
1130 459 1357 517 sum
1412 432 1787 518 PAMDISI.
1829 483 1894 493 -—
1926 435 2234 520 ominus
2276 461 2537 520 xxvm.
3292 452 3426 516 itas

181 577 451 631 ἔκστασιν
474 577 730 647 ὑποστῇς·
764 574 1048 643 ἀπαλλαγὴ
1082 575 1426 644 ἀμφιϐολίας,
1459 576 1653 645 ἀδήλου
1682 576 1775 646 δή-

1896 578 2140 635 εοΙΙίεἱιιιε
2170 578 2237 633 de
2281 579 2609 649 reperiendis
2638 576 2901 630 orationis
2950 573 3129 628 verbis
3159 593 3172 625 ε
3205 571 3430 642 spiritus

183 668 361 731 λωσις
404 668 672 731 ἄσειστος.

1896 670 2019 722 :nim
2057 680 2185 726 tunc
2213 674 2266 726 in
2298 673 2479 741 seipso
2509 686 2607 739 pro
2636 669 2727 721 illo
2754 667 3045 737 gemitibus
3069 663 3439 720 inenarrabili-

188 760 300 813 bns
347 758 654 828 interpellat
699 759 764 810 9‘.
819 757 962 810 Inter
1008 772 1195 826 preces
1249 758 1452 812 nullam
1507 774 1764 813 sensuum
1804 759 2094 830 imaginem
2145 764 2417 824 admittes,
2456 778 2525 815 ne
2575 761 2627 814 in
2657 770 2932 826 stuporem
2964 757 3130 810 animi
3166 757 3432 810 incurras.

185 851 390 906 Omnis
424 851 701 921 petitionis
724 850 988 904 exaudito
1015 851 1066 902 in
1089 850 1335 905 oratione
1367 852 1660 917 signnmct
1728 853 1987 907 indicium
2053 867 2292 924 apparet.
2345 856 2568 924 Signum
2619 851 3004 916 exauditionis,
3079 862 3163 905 est
3229 850 3442 904 dubita-

190 945 366 1001 tionis
396 944 594 998 solutio
609 931 668 996 et
691 942 880 996 incerti
913 951 1058 996 certa
1083 942 1398 996 deelaratio.

281 1035 558 1104 Ἐλεήμων
611 1035 762 1102 γίνου
818 1034 1020 1105 σφόδρα
1070 1035 1370 1106 προσευχῇ.⁵
1407 1036 1766 1106 ἐπιμελούμε-

190 1145 285 1191 νθῖ
318 1127 454 1198 (ιϋ)’
486 1128 543 1178 ὲν
569 1127 706 1196 αὐτῇ
734 1127 842 1196 γὰρ
874 1127 1097 1196 μοναχώ
1136 1128 1202 1179 τὰ
1246 1129 1769 1182 ἑκατονταπλασίονα

191 1219 482 1288 λήψονται·
519 1219 663 1272 τὸεδὲ
697 1219 821 1288 ἑξῆς
852 1219 908 1272 ὲν
941 1219 1019 1288 τῷ
1058 1219 1181 1288 ἑξῆς
1214 1221 1344 1289 (l7).
1381 1221 1494 1290 Πῦρ
1521 1223 1618 1291 μὲν
1648 1224 1766 1275 ἐπι-

194 1311 453 1379 δημῆσαν
505 1311 562 1362 ἐν
597 1309 790 1380 καρδίᾳ
822 1311 1130 1380 προσευχὴν
1171 1312 1431 1382 ἀνέστησε
1474 1314 1604 1382 (18)·
1637 1315 1769 1366 ται)-

196 1419 306 1470 της
328 1399 715 1470 διεγερθείσης,
747 1401 841 1452 καὶ
875 1402 953 1461 εἰς
981 1400 1206 1470 οὐρανὸν
1237 1402 1636 1472 ἀναληφθείσης
1667 1420 1770 1456 πυ-

199 1495 299 1564 ρος
334 1495 390 1544 ἐν
416 1491 636 1562 άνωγέῳ
657 1492 834 1562 ψυχῆς
858 1494 1154 1556 κατάϐασις
1174 1495 1383 1561 γέγονε.
1415 1495 1549 1546 Φασὶ
1573 1495 1668 1564 μέν
1697 1513 1773 1547 τι-

197 1603 294 1650 νες
319 1589 566 1657 κρεῖττον
594 1580 730 1637 εῖναι
762 1585 1068 1656 προσευχὴν
1102 1588 1318 1656 μνήμης
1350 1587 1549 1649 ἐξόδου·
1581 1586 1691 1653 ἐγὼ
1719 1587 1772 1639 δὲ

201 1680 340 1749 μιᾶς
368 1677 715 1739 ὑποστάσεως
737 1675 831 1728 δύο
854 1677 1040 1739 οὐσίας
1069 1676 1239 1743 ὑμνῶ.
1273 1678 1467 1739 Ἵππος
1502 1678 1597 1747 μὲν
1625 1678 1771 1730 δόκι-

205 1789 313 1841 μος
337 1770 474 1824 κατὰ
495 1768 798 1838 πρόσϐασιν
827 1766 1134 1840 [πρόϐασιν]
1161 1768 1656 1838 διαθερμαίνεσθαι.
1684 1771 1776 1823 καὶ

199 1864 286 1934 τῷ
316 1863 498 1933 δρόμῳ
533 1861 877 1932 προστιθέναι

909 1862 1140 1929 πέφυκεο
1168 1861 1362 1932 δρόμον
1390 1865 1445 1915 δὲ
1483 1863 1608 1924 νοῶ,
1638 1865 1774 1934 ὑμν-

1944 1037 2264 1106 Cuicunqne
2289 1037 2438 1092 cordi
2475 1046 2558 1091 est
2584 1037 2779 1100 oratio,
2819 1050 2946 1103 erga
2973 1034 3112 1088 alios
3137 1030 3448 1086 misericors

1872 1139 2032 1182 esto:
2068 1145 2163 1198 per
2199 1131 2338 1183 hanc
2370 1130 2510 1182 enim
2553 1128 2982 1183 misericordiam
3021 1125 3276 1180 monachi
3320 1140 3447 1176 cen-

1875 1222 2081 1290 tuplum
2126 1221 2410 1288 recipient,
2441 1232 2492 1273 et
2517 1221 2660 1288 quod
2695 1219 2944 1288 sequitur
2977 1218 3029 1270 in
3061 1218 3266 1271 futuro.
3308 1215 3452 1283 Ignis

1874 1312 2114 1366 cu-lestis
2160 1312 2462 1365 orationem
2512 1313 2564 1364 in
2617 1327 2712 1364 eor
2759 1318 3132 1379 penetrantem
3179 1306 3449 1365 accendit,

1876 1419 1982 1474 qua
2018 1419 2245 1458 accensa
2277 1405 2406 1457 etin
2434 1405 2630 1457 eualnm
2664 1412 2965 1470 assumpta,
3001 1391 3216 1455 rursum
3250 1400 3307 1452 lit
3355 1398 3448 1451 de:

1883 1499 2108 1549 scensus
2144 1495 2278 1563 ignis
2316 1497 2366 1547 in
2405 1495 2600 1547 anima:
2635 1494 3003 1547 cornaculnm.
3033 1493 3172 1548 Sunt
3201 1491 3292 1560 qui
3320 1506 3448 1543 cen-

1881 1597 2030 1640 seant
2069 1587 2337 1639 utiliorem
2368 1602 2488 1640 esse
2517 1585 2843 1646 orationem,
2878 1600 3041 1654 quam
3081 1585 3152 1638 sit
3177 1583 3451 1638 meditatio

1882 1680 2076 1733 mortis
2103 1696 2198 1733 seu
2226 1679 2408 1731 exitus
2433 1679 2660 1741 animm;
2688 1691 2788 1744 ego
2827 1691 2955 1728 vero
2983 1675 3226 1745 geminas
3262 1675 3314 1726 in
3345 1689 3452 1726 una

1882 1771 2232 1826 subsistentia
2263 1771 2425 1824 latnlo
2453 1778 2702 1822 naturas.
2738 1767 2904 1840 438
2942 1767 3127 1836 Equus
3157 1779 3453 1834 generosus

1882 1878 1991 1932 quo
2039 1857 2213 1930 magis
2253 1862 2618 1930 progreditur,
2668 1862 2771 1914 hoc
2815 1861 2990 1930 magis
3032 1858 3360 1912 incalescerc
3400 1867 3454 1909 et

203 1956 395 2026 ῳδίαν·
424 1955 586 2007 ἵππον
610 1953 666 2005 δὲ
695 1952 786 2005 τὸν
813 1950 1050 2026 ἀνδρεῖον
1077 1953 1218 2006 νοῦν*
1251 1954 1526 2024 πόρρωθεν
1555 1955 1582 2006 ὀ
1605 1955 1777 2007 τοιοῦ-

1896 1967 2102 2006 currere
2129 1951 2284 2007 solet.
2315 1952 2549 2006 Cursum
2578 1952 2818 2020 intelligo
2849 1950 3060 2004 divinas
3092 1965 3309 2019 precum
3335 1948 3451 2001 lau-

203 2064 306 2109 τος
327 2048 425 2114 ὀσφ
435 2046 674 2116 ραίνεται
941 2044 1076 2114 (ξ’-θ).
1091 2045 1183 2098 καὶ
1199 2048 1778 2117 προπαρασκευασθεὶς

208 2141 370 2211 μένει
391 2139 574 2191 λοιπδν
597 2129 841 2202 εἰς’ᾰπαν
865 2137 1134 2207 ἀνίκητος.
1163 2138 1408 2191 Χαλεπὸν
1429 2140 1492 2192 ὲκ
1518 2140 1777 2208 στόματος

204 2231 471 2301 διψῶντος
514 2229 656 2300 ὕδωρ
696 2228 1035 2299 ἁφαρπάσαι·
1067 2229 1442 2302 χαλεπώτερον
1494 2231 1546 2283 δὲ
1603 2232 1780 2303 ψυχὴν

211 2322 358 2391 μετά
400 2321 742 2384 κατανύξεως
774 2319 1238 2390 προσευχομένην,
1269 2321 1398 2391 πρὶν
1444 2322 1542 2391 τῆς
1580 2323 1782 2388 ταύτης

208 2412 568 2482 περαιώσεως
607 2411 802 2481 ἑαυτὴν
843 2410 944 2479 τῆς
978 2412 1390 2477 παραστάσεως,
1423 2412 1520 2482 τῆς
1555 2413 1784 2466 πολυπο-

211 2501 382 2570 θήτου
433 2499 728 2568 ἀποκόψαι·
763 2499 835 2578 μοὴ
874 2498 1227 2568 άποπηδήσῃς
1277 2499 1433 2568 ἄχρις
1476 2493 1535 2552 οὗ
1571 2501 1631 2552 τὸ
1673 2499 1784 2570 πῦρ

211 2591 316 2644 καὶ
341 2591 401 2643 τὸ
431 2590 572 2662 ᾢδωρ
612 2589 965 2656 οἰκονομικῶς
1015 2587 1354 2658 ὑπολήξαντα
1401 2589 1514 2660 ἴδῃς
1545 2590 1680 2657 (ειυο
1724 2592 1784 2643 οὐ

212 2681 330 2749 γάρ
359 2679 506 2750 λήψῃ
539 2681 729 2747 καιρὸν
766 2676 1004 2730 τοιοῦτον
1039 2677 1172 2747 πρὸς
1209 2679 1400 2744 ἄφεσιν
1432 2681 1788 2750 πταισμάτων

216 2774 354 2833 ἴσως
395 2772 454 2823 ἐν
492 2769 640 2841 πάσῃ
668 2772 732 2838 τῇ
760 2769 872 2839 ζωῇ
903 2785 1016 2820 σου·
1044 2769 1071 2820 ὁ
1101 2770 1407 2839 προσευχῆς
1433 2774 1788 2841 γευσάμενος,

217 2862 330 2917 ὑπὸ
352 2860 507 2928 λόγου
533 2861 651 2922 ὲνὸς
682 2860 938 2922 πολλάκις
959 2877 1088 2929 προε
1101 2861 1380 2931 ρχομένου,
1407 2862 1498 2914 τὸν
1527 2863 1649 2915 νοῦν
1670 2866 1791 2936 ἐμό-

219 2957 371 3018 λυνε,
407 2953 502 3006 καὶ
530 2955 586 3004 ὲν
619 2955 891 3022 προσευχῇ
921 2951 1221 3021 παραστάς,
1253 2952 1311 3003 τὸ
1343 2953 1670 3022 ποθούμενον
1694 2956 1792 3026 οὐχ

220 3040 354 3114 εὗρε
397 3044 661 3114 συνήθως·
690 3042 817 3095 ἀλλο
843 3044 1162 3096 ἐπισκοπεῖν
1207 3046 1538 3115 συχνοτέρως
1568 3050 1632 3117 τῇ
1663 3065 1793 3117 καρο

221 3138 318 3208 δία
348 3136 478 3206 (aer
531 3138 625 3189 καὶ
677 3134 805 3189 ἄλλο
854 3134 1245 3188 ὲπισκοπεῦσαι
1294 3138 1516 3207 καρδίας
1560 3139 1649 3192 διά
1677 3142 1793 3203 νοὸς

225 3230 509 3298 ἄρχοντος,
565 3227 658 3277 καὶ
711 3225 1010 3296 ἀρχιερέως
1063 3225 1282 3293 λογικάς
1346 3228 1533 3289 θυσίας
1575 3230 1795 3299 Χριστῷ

229 3317 616 3388 προσάγοντος·
656 3317 778 3378 τοὺς
815 3316 935 3384 μὲν,
975 3315 1050 3378 ὦς
1095 3317 1226 3384 φησί
1257 3334 1340 3379 τις
1377 3318 1484 3368 τῶν
1519 3317 1793 3386 θεολογίας
1822 3316 1863 3372 C

226 3409 604 3480 προσηγορίαν
656 3407 945 3477 λαχόντων,
987 3407 1048 3459 τὸ
1087 3407 1238 3475 ἅγιον
1275 3411 1368 3462 καὶ
1409 3410 1794 3480 ὑπερουράνιον

227 3499 348 3570 πῦρ
396 3497 689 3567 ὲπιδημοῦν
732 3496 1082 3564 καταφλέγει,
1255 3497 1315 3549 τὸ
1344 3498 1423 3550 ἔτι
1453 3498 1665 3562 ἐλλιπὲς
1698 3499 1796 3566 τῆς

229 3590 577 3664 καθάρσεως·
602 3589 722 3653 τοὺς
747 3589 803 3642 δὲ
835 3589 998 3641 πάλιν
1031 3587 1252 3656 φωτίζει
1274 3589 1362 3642 διά
1395 3590 1454 3642 τὸ
1481 3591 1674 3660 μέτρον
1701 3590 1798 3659 τῆς

226 3684 585 3753 τελειότητος
606 3681 665 3735 τὺ
679 3681 926 3750 αὐτὸγάρ
941 3679 1010 3732 πῦ
1018 3698 1048 3749 ρ
1065 3680 1450 3754 καταναλίσκον
1467 3683 1557 3733 καὶ
1571 3681 1799 3750 φωτίζον

229 3777 354 3845 φῶς
381 3775 719 3844 ὀνομάζεται’
752 3772 874 3826 ὅθεν
914 3774 1003 3824 καί
1027 3789 1169 3835 τινες
1211 3774 1274 3825 ἐκ
1302 3773 1608 3842 προσευχῆς
1631 3771 1799 3836 ὲξιόνο

228 3884 328 3929 τες
383 3864 456 3926 ῶς
496 3863 607 3916 ἀπὸ
651 3862 820 3930 πυρὸς
854 3863 1082 3931 καμίνου
1125 3863 1399 3914 ποιοῦνται
1453 3865 1550 3934 τὴν
1598 3863 1796 3928 ἔξοδον·

234 3953 546 4024 κουφισμὸν
595 3953 766 4025 ῥύπου
797 3953 1065 4020 τινὸς-καὶ
1092 3951 1593 4022 ὓληςαξσθὸμενον
1626 3957 1802 4025 ἕτεροι

233 4050 297 4102 δὲ
328 4048 404 4109 ὡς
429 4049 492 4098 ἐκ
523 4044 694 4113 φωτὸς
719 4044 1136 4113 πεφωτισμένοι,
1161 4043 1254 4096 καὶ
1277 4043 1516 4097 διπλοΐδα
1543 4047 1802 4099 ταπεινώ-

236 4155 400 4200 σεως,
442 4135 536 4189 καὶ
578 4134 942 4202 ἀγαλλιάσεως
989 4133 1368 4202 ἠμφιεσμένοι.
1407 4135 1469 4185 Ui
1501 4135 1607 4202 γάρ
1647 4134 1802 4196 ἐκτὸς

235 4227 352 4280 τῶν
374 4225 466 4278 δύο
494 4223 698 4277 τούτων
734 4221 1022 4292 ἐνεργειῶν
1047 4223 1112 4275 ἐκ
1139 4217 1440 4290 προσευχῆς
1490 4222 1802 4293 ἐξεληλυθό-

235 4337 334 4374 τες
359 4315 702 4386 σωματικῶς,
732 4314 817 4367 ἵνα
843 4313 918 4383 μὴ
942 4311 1100 4375 εἴπω,
1141 4311 1442 4375 Ἰουδαϊκῶς
1476 4313 1805 4384 προσηύξαν-

237 4427 330 4472 το,
377 4409 472 4462 καὶ
501 4408 560 4460 οὐ
594 4403 995 4475 πνευματικῶς.
1038 4403 1098 4454 Εἰ
1149 4402 1307 4472 σῶμα
1361 4404 1608 4473 σώματος
1641 4423 1805 4476 προσο

237 4501 420 4571 ψαῦον
449 4499 752 4553 ἀλλοιοῦται
779 4501 846 4566 τῇ
873 4494 1139 4566 ἐνεργείᾳ,
1172 4495 1290 4558 πῶς
1313 4496 1358 4547 δ’
1388 4496 1453 4550 ἂν
1481 4498 1572 4550 καὶ
1599 4499 1696 4552 οὐκ
1723 4503 1806 4553 ἀλ-

240 4589 602 4660 λοιωθήσεται
658 4593 688 4644 ὁ
731 4589 866 4643 Θεοῦ
906 4585 1155 4655 σώματος
1199 4574 1394 4650 ἀθώοις
1436 4590 1592 4658 χερσὶ
1641 4608 1806 4660 προσ-

240 4682 436 4751 ψαύων
461 4681 610 4748 (23);

1881 2047 1998 2106 des.
2046 2059 2241 2114 equum
2295 2045 2621 2114 interpretor
2671 2057 2996 2115 generosum
3043 2041 3312 2105 animum,
3360 2041 3451 2110 qui

1883 2137 2098 2190 entinns
2142 2136 2327 2201 etiam,
2376 2144 2430 2190 et
2482 2139 2744 2190 remotior
2791 2136 3052 2190 odoratur
3097 2134 3298 2187 bellum
3326 2172 3342 2196 ,
3402 2142 3456 2186 et

1885 2223 2008 2282 inde
2036 2228 2308 2282 animatus
2336 2236 2391 2282 et
2436 2238 2776 2297 praeparatus
2809 2228 3043 2281 invictus
3087 2237 3140 2279 et
3169 2225 3454 2292 insupera-

1887 2322 2013 2377 bilis
2041 2321 2300 2389 deinceps
2343 2321 2604 2390 persistit.
2641 2321 2845 2374 Durum
2880 2328 2966 2375 est
2997 2335 3062 2373 ex
3094 2334 3189 2373 ore
3228 2317 3460 2371 sitientis

1886 2429 2090 2483 aquam
2146 2428 2377 2482 rapere,
2425 2414 2517 2466 sed
2565 2413 2758 2466 durius
2791 2412 2987 2466 animo:
3035 2425 3159 2484 cum
3204 2423 3461 2478 compun-

1887 2506 2069 2559 ctione
2097 2504 2308 2559 orantis
2338 2514 2461 2559 ante
2487 2504 2755 2558 orationis
2777 2503 2959 2567 linem,
2990 2501 3384 2572 optatissimum
3405 2509 3461 2553 et

1890 2599 2420 2652 desideratissimum
2448 2600 2568 2664 ejus
2586 2613 2712 2653 cum
2749 2597 2859 2650 Deo
2883 2597 3089 2665 agentis
3107 2608 3457 2664 congressum

1888 2702 1943 2745 et
1967 2690 2305 2761 colloquium
2329 2690 2676 2758 abrmnpcre.
2702 2688 2818 2743 Non
2849 2678 3068 2762 exsilias
3087 2687 3156 2739 ab
3185 2686 3457 2748 oratione,

1888 2785 2064 2852 quoad
2100 2784 2288 2838 divino
2314 2787 2455 2837 nutu”
2495 2784 2750 2851 lacryma:
2779 2781 2956 2835 calere
2989 2789 3044 2834 et
3075 2779 3241 2833 [luere
3274 2793 3368 2846 per
3400 2794 3460 2831 se

1891 2886 2108 2932 cessent
2140 2887 2193 2932 et
2220 2877 2489 2931 desinant.
2527 2874 2783 2929 Fortasse
2813 2876 2958 2928 enim
2995 2889 3091 2942 per
3125 2887 3342 2925 omnem
3375 2885 3459 2924 re-

1894 2971 2097 3040 liquam
2132 2971 2297 3023 vitam
2332 2979 2503 3032 tuam,
2554 2982 2660 3034 non
2708 2965 2959 3034 acquires
3003 2964 3162 3016 talem
3213 2960 3461 3016 occasio-

1895 3077 2015 3114 nem
2045 3061 2110 3114 ad
2156 3059 2550 3128 impetrandam
2587 3057 2800 3110 veniam
2834 3063 3175 3124 peccatorum
3219 3060 3458 3104 tuorum.

1893 3151 1995 3216 Qui
2031 3158 2247 3217 gustum
2277 3145 2538 3201 oratiouis
2571 3145 2733 3214 cepit,
2766 3158 2876 3196 uno
2903 3156 3046 3210 smpe
3074 3139 3238 3193 verbo
3262 3147 3463 3192 temere

1893 3239 2098 3294 emisso
2136 3237 2436 3306 inquinavit
2469 3245 2729 3294 mentem,
2760 3249 2821 3287 ut
2853 3233 2999 3302 quod
3028 3231 3082 3285 in
3119 3230 3369 3284 oratione
3395 3229 3465 3284 de

1897 3347 2045 3386 more
2067 3330 2338 3398 quazsivit,
2366 3343 2472 3381 non
2517 3327 2802 3380 inveniret.
2853 3323 3010 3376 Aliud
3035 3331 3118 3376 est
3144 3336 3327 3376 secum
3352 3317 3462 3373 fre-

1896 3432 2125 3492 quenter
2167 3436 2289 3473 eum
2326 3420 2490 3474 corde
2530 3417 2800 3479 meditari,
2835 3415 2982 3468 aliud
3023 3409 3198 3484 ipsum
3232 3427 3327 3466 cor
3369 3425 3464 3480 per

1899 3521 2132 3566 mentem
2160 3509 2306 3563 velut
2348 3507 2645 3577 principem
2675 3517 2728 3561 et
2762 3505 3074 3575 pontitieem
3115 3501 3465 3557 rationabiles

1899 3605 2116 3658 Christo
2161 3602 2368 3657 hostias
2411 3601 2722 3654 olferentem
2779 3599 3049 3667 inspicere
3109 3607 3166 3649 et
3217 3595 3460 3651 visitare.

1901 3695 2024 3750 Illos
2053 3695 2145 3764 qui
2173 3695 2524 3755 meditantur,
2561 3692 2700 3761 ignis
2731 3699 2956 3746 sanctus
2982 3699 3031 3742 et
3064 3687 3282 3741 divinus
3316 3686 3487 3738 invav

1899 3787 2035 3841 dens
2077 3777 2316 3840 iaeendit
2363 3794 2419 3837 et
2467 3783 2742 3837 comburit
2775 3782 2854 3849 (ut
2880 3779 3100 3848 quidam
3151 3789 3338 3841 eorum
3369 3774 3462 3841 qui

1901 3877 2133 3945 theologi
2156 3891 2350 3929 nomen
2384 3874 2558 3928 sortiti
2582 3867 3074 3942 snnt,‘tcstan_tur),
3109 3863 3252 3937 quod
3285 3863 3464 3919 adhuc

1901 3967 2142 4046 inveniat
2173 3966 2414 4020 sordium
2448 3964 2706 4031 reliquias
2728 3976 2866 4030 quas
2902 3966 3172 4028 repnrgct.
3205 3955 3314 4010 llos
3340 3959 3466 4011 ~vero

1902 4072 2118 4111 rursum
2151 4071 2250 4125 pro
2273 4057 2431 4109 modo
2459 4064 2514 4108 et
2545 4055 2754 4109 ratione
2785 4051 3136 4122 perfectionis
3168 4049 3462 4103 illuminat.
3529 4081 3532 4086 -

1902 4146 2048 4200 Idem
2074 4146 2216 4200 enim
2255 4146 2394 4216 ignis
2424 4158 2476 4199 et
2514 4161 2840 4216 consumens
2870 4145 2914 4175 ”
2945 4152 3004 4198 et
3041 4143 3357 4196 illuminans
3383 4140 3466 4192 lu-

1903 4252 2024 4293 men
2057 4238 2376 4308 appellatur.
2412 4236 2563 4291 Unde
2591 4240 2647 4290 lit
2676 4247 2734 4290 ut
2767 4236 2986 4306 quidam
3016 4234 3084 4288 ab
3106 4232 3350 4286 oratione
3382 4229 3467 4283 di-

1904 4329 2075 4397 gressi
2107 4329 2393 4382 videantur
2419 4328 2574 4398 quasi
2609 4344 2674 4381 ex
2701 4328 2923 4381 ardente
2953 4327 3174 4377 l'ornaee
3223 4319 3462 4389 prodire,

1904 4421 2031 4474 dum
2067 4421 2308 4475 sentiunt
2347 4423 2490 4490 quod
2530 4421 2598 4474 ab
2629 4421 2808 4488 aliqua
2845 4417 2984 4478 labe,
3014 4413 3178 4484 ‘39
3220 4421 3275 4466 et
3310 4412 3469 4466 vitio—

1907 4527 2025 4565 rum
2069 4512 2254 4566 fomite
2301 4513 2412 4566 sint
2455 4511 2748 4580 repurgati.
2781 4508 2882 4560 Alii
2928 4520 3056 4557 vero
3098 4504 3300 4557 lumine
3349 4504 3472 4557 illu-

1910 4601 2090 4666 strati,
2130 4610 2183 4654 et
2220 4603 2433 4671 gemina
2465 4611 2613 4654 veste
2652 4613 2746 4651 seu
2792 4595 3029 4664 diploide
3063 4595 3380 4648 humilitatis
3416 4601 3470 4645 et

1903 4691 2293 4745 exsultationis
2316 4691 2497 4744 amicti
2526 4705 2590 4741 ex
2616 4687 2860 4740 oratione
2881 4688 3166 4754 prodeunt.
3196 4684 3298 4750 Qui
3324 4685 3468 4737 enim

244 4776 370 4830 sine
404 4774 596 4828 harum
620 4773 850 4826 duarum
875 4772 1133 4826 Virlulum
1168 4770 1217 4824 vi
1242 4779 1295 4824 cl
1325 4768 1556 4824 cllicacia
1586 4775 1654 4826 ab
1711 4781 1958 4837 oratione
2003 4783 2307 4847 discedunt,
2375 4795 2600 4850 corpore
2649 4789 2884 4842 tantum,
2934 4796 3040 4833 non
3089 4779 3303 4851 spiritu,
3338 4772 3467 4828 νυ.

245 4865 469 4920 daicum
517 4881 682 4937 prope
740 4865 969 4920 dixerim
1026 4865 1080 4918 in
1135 4879 1342 4918 morem
1387 4877 1627 4918 orar-mt.
1675 4867 1731 4921 Si
1783 4887 1978 4942 corpus
2013 4875 2112 4950 ad
2165 4871 2473 4929 contactum
2505 4873 2770 4942 corporis
2821 4873 3154 4934 immutatus,
3197 4866 3470 4937 quomodo

247 4973 366 5012 non
413 4959 808 5024 immutabitur,
855 4959 947 5029 qui
991 4957 1143 5028 puris
1182 4956 1432 5011 manibus
1486 4955 1576 5010 Dei
1611 4974 1808 5029 corpus
1846 4967 2115 5038 attigerit?
2369 4953 2372 4960 ’

331 5053 487 5106 Ἔστι
508 5055 648 5107 κατὰ
674 5055 764 5106 τὸν
794 5054 887 5106 ἐπὶ
909 5056 1010 5122 γῆς
1039 5052 1279 5122 βασιλέα,
1309 5051 1401 5104 καὶ
1427 5051 1516 5103 τὸν
1548 5052 1813 5124 ἡμέτερον

253 5146 570 5212 πανάγαθον
615 5137 835 5215 βασιλέα
863 5144 1183 5209 θεάσασθαι,
1223 5142 1348 5196 ποτὲ
1383 5143 1480 5210 μὲν
1510 5142 1576 5194 δι’
1598 5143 1810 5212 ἑαυτοῦ,

254 5230 395 5283 ποτε
422 5233 478 5284 δὲ
501 5234 590 5288 διά
611 5235 786 5304 φίλου·
810 5233 938 5288 ἄλλο
973 5251 1036 5286 τε
1070 5233 1129 5287 δὲ
1149 5233 1236 5286 διά
1263 5232 1469 5286 δούλου·
1499 5232 1612 5284 ἐστι
1639 5234 1695 5286 δὲ
1725 5239 1814 5290 ὅτε

258 5325 360 5378 καὶ
411 5327 698 5394 ἀγνώστως
737 5329 836 5392 τὰς
870 5328 1034 5383 αὐτοῦ
1079 5329 1283 5395 δωρεὰς
1319 5330 1430 5388 τοῖς
1459 5329 1814 5396 στρατιώταις

256 5415 430 5469 αὑτοῦ
463 5419 829 5488 χαριζόμενονα
859 5419 1046 5472 λοιπὸν
1095 5418 1152 5472 δὲ
1199 5419 1292 5472 καὶ
1338 5416 1475 5470 κατὰ
1501 5418 1590 5470 τὸν
1616 5421 1816 5487 χιτῶνα

257 5512 364 5580 τῆς
388 5508 690 5580 προσούσης
717 5513 848 5581 ἡμῖν
867 5511 1258 5573 ταπεινώσεως
1280 5511 1466 5580 ὥσπερ
1492 5510 1569 5580 τῷ
1597 5513 1688 5564 ἐπὶ
1713 5515 1816 5584 γῆς

263 5597 478 5670 βασιλεῖ
519 5598 549 5648 ὁ
582 5598 730 5668 αὐτῷ
767 5600 1188 5671 παριστάμενος,
1225 5599 1317 5651 καὶ
1343 5599 1402 5650 τὸ
1435 5599 1716 5669 πρόσωπον
1759 5605 1818 5657 τὸ

260 5692 464 5744 οἰκεῖον
487 5689 864 5762 ἀποστρέφων,
903 5683 997 5752 καὶ
1037 5701 1148 5762 τοῖς
1189 5699 1400 5769 ἐχθροῖς
1437 5697 1528 5750 τοῦ
1563 5700 1819 5754 δεσπότου

262 5781 648 5852 διαλεγόμενος
673 5783 972 5854 βδελυκτόςο
999 5791 1168 5854 οὕτως
1195 5791 1298 5844 ὑπὸ
1326 5789 1524 5858 Κυρίου
1551 5792 1818 5860 βδελύσσε-

344 5918 389 5952 ³¹
461 5915 622 5972 Rem.
670 5933 781 5987 \‘llt,
809 5921 896 5975 ΞΟ.
974 5926 1019 5955 ²²
1048 5925 1199 5979 Deut.
1228 5907 1416 5995 miti.

1988 5059 2180 5117 Videre
2208 5071 2290 5116 est
2320 5063 2459 5131 apud
2501 5042 2694 5132 regem
2729 5067 3054 5116 terrestrem,
3117 5061 3474 5122 nostrumque

1916 5157 2181 5225 optimum
2217 5164 2272 5209 et
2327 5155 2599 5210 caelestem
2639 5161 2847 5224 ;regem,
2899 5149 3040 5220 quod
3101 5162 3323 5200 munera
3369 5164 3468 5202 sua

1916 5258 2059 5302 nunc
2085 5260 2178 5313 per
2199 5246 2456 5315 seipsum,
2489 5262 2633 5302 nunc
2661 5261 2754 5315 per
2786 5242 3019 5297 amicum
3056 5239 3311 5307 aliquem,
3332 5236 3472 5294 alias

1922 5354 2013 5409 per
2045 5351 2257 5390 servum
2290 5338 2474 5402 etiam,
2507 5339 2830 5407 quandoque
2878 5346 3005 5384 vero
3035 5344 3239 5383 arcano
3285 5341 3338 5384 et
3385 5332 3469 5382 in-

1922 5429 2135 5498 cognito
2167 5429 2349 5493 modo,
2385 5430 2643 5483 militibus
2681 5425 2794 5480 suis
2836 5422 3197 5491 dilargiatnrh
3231 5437 3326 5490 pro
3384 5435 3469 5471 ra-

1925 5523 2069 5577 tione
2101 5535 2292 5590 nempe
2322 5523 2520 5576 tunica:
2549 5527 2747 5573 nostra:
2771 5514 2932 5586 quam
2987 5517 3224 5585 gerimus
3255 5510 3470 5565 humili-

1925 5607 2066 5662 tatis.
2099 5605 2558 5672 Quemadmodum
2598 5607 2644 5658 is
2691 5605 2783 5674 qni
2833 5606 3044 5658 mortali
3100 5603 3208 5671 regi
3241 5599 3462 5659 assistit,

1924 5712 1976 5755 et
2008 5699 2196 5754 faciem
2242 5716 2393 5756 snam
2422 5699 2489 5753 ab
2521 5699 2611 5751 illo
2658 5689 2872 5760 avertit,
2925 5699 2988 5750 a'e
3050 5707 3170 5747 cum
3225 5690 3466 5745 hostibus

1924 5792 2040 5862 ejus
2067 5793 2407 5864 colloquitur,
2437 5789 2784 5847 exsecrabilis
2809 5799 2892 5848 est
2934 5787 3042 5858 regi
3073 5799 3204 5850 suo;
3263 5784 3334 5838 ita
3360 5781 3464 5838 Do-

3483 5471 3498 5514 Ι
