  <div class='ocr_page' id='page_1' title='image "/cluster/home/n/w/nwhite01/storage/ocr_20150623/88/pst.000005712946/604.png"; bbox 0 0 4032 6340; ppageno 0'>
   <div class='ocr_carea' id='block_1_1' title="bbox 261 440 404 505">
    <p class='ocr_par' dir='ltr' id='par_1_1' title="bbox 261 440 404 505">
     <span class='ocr_line' id='line_1_1' title="bbox 261 440 404 505; baseline -0.014 0"><span class='ocrx_word' id='word_1_1' title='bbox 261 440 404 505; x_wconf 69' lang='lat' dir='ltr'><strong>II“</strong></span> 
     </span>
    </p>
   </div>
   <div class='ocr_carea' id='block_1_2' title="bbox 872 564 1414 630">
    <p class='ocr_par' dir='ltr' id='par_1_2' title="bbox 872 564 1414 630">
     <span class='ocr_line' id='line_1_2' title="bbox 872 564 1414 630; baseline 0.006 -16"><span class='ocrx_word' id='word_1_2' title='bbox 872 564 917 614; x_wconf 85' lang='grc' dir='ltr'><strong><em>Σ</em></strong></span> <span class='ocrx_word' id='word_1_3' title='bbox 919 564 1127 629; x_wconf 76' lang='grc' dir='ltr'><strong>χόλιον</strong></span> <span class='ocrx_word' id='word_1_4' title='bbox 1155 569 1220 630; x_wconf 78' lang='grc' dir='ltr'><strong>γ’.</strong></span> <span class='ocrx_word' id='word_1_5' title='bbox 1409 613 1414 617; x_wconf 78' lang='grc'><strong>,</strong></span> 
     </span>
    </p>
   </div>
   <div class='ocr_carea' id='block_1_3' title="bbox 325 644 1818 725">
    <p class='ocr_par' dir='ltr' id='par_1_3' title="bbox 325 644 1818 725">
     <span class='ocr_line' id='line_1_3' title="bbox 325 644 1818 725; baseline 0.002 -21"><span class='ocrx_word' id='word_1_6' title='bbox 325 652 547 722; x_wconf 81' lang='grc' dir='ltr'>Ὠσπερ</span> <span class='ocrx_word' id='word_1_7' title='bbox 584 653 649 724; x_wconf 68' lang='grc' dir='ltr'><strong>τὰ</strong></span> <span class='ocrx_word' id='word_1_8' title='bbox 678 654 845 723; x_wconf 83' lang='grc' dir='ltr'>νήπια</span> <span class='ocrx_word' id='word_1_9' title='bbox 886 655 935 706; x_wconf 80' lang='grc' dir='ltr'><strong>οι</strong></span> <span class='ocrx_word' id='word_1_10' title='bbox 964 653 1326 723; x_wconf 70' lang='grc' dir='ltr'><strong>γυμνάζοντες</strong></span> <span class='ocrx_word' id='word_1_11' title='bbox 1366 644 1818 725; x_wconf 61' lang='grc' dir='ltr'>μικρδκπροόαί-</span> 
     </span>
    </p>
   </div>
   <div class='ocr_carea' id='block_1_4' title="bbox 242 745 1818 815">
    <p class='ocr_par' dir='ltr' id='par_1_4' title="bbox 242 745 1818 815">
     <span class='ocr_line' id='line_1_4' title="bbox 242 745 1818 815; baseline 0.001 -19"><span class='ocrx_word' id='word_1_12' title='bbox 242 761 423 797; x_wconf 80' lang='grc' dir='ltr'>νοντα</span> <span class='ocrx_word' id='word_1_13' title='bbox 480 746 571 797; x_wconf 76' lang='grc' dir='ltr'><strong>καὶ</strong></span> <span class='ocrx_word' id='word_1_14' title='bbox 624 747 1027 799; x_wconf 76' lang='grc' dir='ltr'><strong>καταπίπτοντα</strong></span> <span class='ocrx_word' id='word_1_15' title='bbox 1078 745 1361 815; x_wconf 79' lang='grc' dir='ltr'>ἀνορθοῦσι</span> <span class='ocrx_word' id='word_1_16' title='bbox 1417 747 1596 810; x_wconf 77' lang='grc' dir='ltr'>πάλιν,</span> <span class='ocrx_word' id='word_1_17' title='bbox 1632 746 1725 800; x_wconf 75' lang='grc' dir='ltr'>καὶ</span> <span class='ocrx_word' id='word_1_18' title='bbox 1756 746 1818 799; x_wconf 77' lang='grc' dir='ltr'><strong>τὸ</strong></span> 
     </span>
    </p>
   </div>
   <div class='ocr_carea' id='block_1_5' title="bbox 250 834 1817 906">
    <p class='ocr_par' dir='ltr' id='par_1_5' title="bbox 250 834 1817 906">
     <span class='ocr_line' id='line_1_5' title="bbox 250 834 1817 906; baseline 0.002 -20"><span class='ocrx_word' id='word_1_19' title='bbox 250 835 445 887; x_wconf 77' lang='grc' dir='ltr'><strong>τὲλεῖον</strong></span> <span class='ocrx_word' id='word_1_20' title='bbox 474 834 709 903; x_wconf 77' lang='grc' dir='ltr'><strong>βαδίζειν</strong></span> <span class='ocrx_word' id='word_1_21' title='bbox 731 835 1090 899; x_wconf 65' lang='grc' dir='ltr'><strong>παιδεύουσιν,</strong></span> <span class='ocrx_word' id='word_1_22' title='bbox 1114 835 1253 889; x_wconf 75' lang='grc' dir='ltr'>οὕτω</span> <span class='ocrx_word' id='word_1_23' title='bbox 1278 836 1374 889; x_wconf 71' lang='grc' dir='ltr'>καὶ</span> <span class='ocrx_word' id='word_1_24' title='bbox 1393 838 1552 906; x_wconf 80' lang='grc' dir='ltr'><strong>ἡμεῖς</strong></span> <span class='ocrx_word' id='word_1_25' title='bbox 1575 836 1663 890; x_wconf 85' lang='grc' dir='ltr'>τὸν</span> <span class='ocrx_word' id='word_1_26' title='bbox 1689 837 1817 906; x_wconf 52' lang='lat' dir='ltr'><strong>spc-</strong></span> 
     </span>
    </p>
   </div>
   <div class='ocr_carea' id='block_1_6' title="bbox 245 926 1813 999">
    <p class='ocr_par' dir='ltr' id='par_1_6' title="bbox 245 926 1813 999">
     <span class='ocr_line' id='line_1_6' title="bbox 245 926 1813 999; baseline 0.002 -22"><span class='ocrx_word' id='word_1_27' title='bbox 245 942 418 995; x_wconf 80' lang='grc' dir='ltr'>τερον</span> <span class='ocrx_word' id='word_1_28' title='bbox 456 926 579 993; x_wconf 87' lang='grc' dir='ltr'>νοῦν</span> <span class='ocrx_word' id='word_1_29' title='bbox 622 928 680 979; x_wconf 83' lang='grc' dir='ltr'>ἐν</span> <span class='ocrx_word' id='word_1_30' title='bbox 708 929 772 997; x_wconf 80' lang='grc' dir='ltr'>τῇ</span> <span class='ocrx_word' id='word_1_31' title='bbox 804 929 1071 997; x_wconf 76' lang='grc' dir='ltr'>προσευχῇ</span> <span class='ocrx_word' id='word_1_32' title='bbox 1104 928 1200 996; x_wconf 81' lang='grc' dir='ltr'><strong>τῆς</strong></span> <span class='ocrx_word' id='word_1_33' title='bbox 1239 928 1374 999; x_wconf 83' lang='grc' dir='ltr'>πρὸς</span> <span class='ocrx_word' id='word_1_34' title='bbox 1408 928 1537 980; x_wconf 81' lang='grc' dir='ltr'>Θεὸν</span> <span class='ocrx_word' id='word_1_35' title='bbox 1580 926 1813 991; x_wconf 80' lang='grc' dir='ltr'>νεύσεως</span> 
     </span>
    </p>
   </div>
   <div class='ocr_carea' id='block_1_7' title="bbox 250 1016 1815 1088">
    <p class='ocr_par' dir='ltr' id='par_1_7' title="bbox 250 1016 1815 1088">
     <span class='ocr_line' id='line_1_7' title="bbox 250 1016 1815 1088; baseline 0.003 -22"><span class='ocrx_word' id='word_1_36' title='bbox 250 1016 693 1081; x_wconf 73' lang='grc' dir='ltr'><strong>καταπίπτοντα,</strong></span> <span class='ocrx_word' id='word_1_37' title='bbox 720 1017 1035 1087; x_wconf 83' lang='grc' dir='ltr'>ἀνορθῶμεν</span> <span class='ocrx_word' id='word_1_38' title='bbox 1063 1018 1224 1072; x_wconf 76' lang='grc' dir='ltr'>πάλιν</span> <span class='ocrx_word' id='word_1_39' title='bbox 1250 1019 1342 1071; x_wconf 74' lang='grc' dir='ltr'><strong>καὶ</strong></span> <span class='ocrx_word' id='word_1_40' title='bbox 1362 1018 1688 1088; x_wconf 83' lang='grc' dir='ltr'>ἀνιστῶμεν,</span> <span class='ocrx_word' id='word_1_41' title='bbox 1711 1019 1815 1081; x_wconf 84' lang='grc' dir='ltr'>ἓως</span> 
     </span>
    </p>
   </div>
   <div class='ocr_carea' id='block_1_8' title="bbox 246 1108 1127 1179">
    <p class='ocr_par' dir='ltr' id='par_1_8' title="bbox 246 1108 1127 1179">
     <span class='ocr_line' id='line_1_8' title="bbox 246 1108 1127 1179; baseline 0.006 -19"><span class='ocrx_word' id='word_1_42' title='bbox 246 1108 315 1160; x_wconf 81' lang='grc' dir='ltr'><strong>τὸ</strong></span> <span class='ocrx_word' id='word_1_43' title='bbox 343 1110 592 1162; x_wconf 81' lang='grc' dir='ltr'><strong>ἄπτωτον</strong></span> <span class='ocrx_word' id='word_1_44' title='bbox 615 1110 897 1179; x_wconf 80' lang='grc' dir='ltr'><strong>κτήσεται.</strong></span> <span class='ocrx_word' id='word_1_45' title='bbox 1108 1150 1127 1171; x_wconf 63' lang='grc' dir='ltr'>ι,</span> 
     </span>
    </p>
   </div>
   <div class='ocr_carea' id='block_1_9' title="bbox 862 1201 1509 1275">
    <p class='ocr_par' dir='ltr' id='par_1_9' title="bbox 862 1201 1509 1275">
     <span class='ocr_line' id='line_1_9' title="bbox 862 1201 1509 1275; baseline 0.003 -21"><span class='ocrx_word' id='word_1_46' title='bbox 862 1202 1117 1268; x_wconf 71' lang='grc' dir='ltr'><strong>Σχόλιον</strong></span> <span class='ocrx_word' id='word_1_47' title='bbox 1139 1201 1204 1256; x_wconf 85' lang='grc' dir='ltr'><strong>δ’.</strong></span> <span class='ocrx_word' id='word_1_48' title='bbox 1402 1201 1421 1217; x_wconf 64' lang='grc'><strong>’⁷</strong></span> <span class='ocrx_word' id='word_1_49' title='bbox 1506 1274 1509 1275; x_wconf 15' lang='grc' dir='ltr'><em>ν</em></span> 
     </span>
    </p>
   </div>
   <div class='ocr_carea' id='block_1_10' title="bbox 336 1292 1807 1363">
    <p class='ocr_par' dir='ltr' id='par_1_10' title="bbox 336 1292 1807 1363">
     <span class='ocr_line' id='line_1_10' title="bbox 336 1292 1807 1363; baseline 0 -17"><span class='ocrx_word' id='word_1_50' title='bbox 336 1292 402 1346; x_wconf 86' lang='grc'><strong>’0</strong></span> <span class='ocrx_word' id='word_1_51' title='bbox 454 1292 582 1355; x_wconf 73' lang='grc' dir='ltr'>Θεὸς</span> <span class='ocrx_word' id='word_1_52' title='bbox 633 1293 783 1363; x_wconf 73' lang='grc' dir='ltr'>ἥλιός</span> <span class='ocrx_word' id='word_1_53' title='bbox 821 1295 933 1346; x_wconf 78' lang='grc' dir='ltr'>ἐστι</span> <span class='ocrx_word' id='word_1_54' title='bbox 971 1293 1331 1362; x_wconf 86' lang='grc' dir='ltr'>δικαιοσύνης,</span> <span class='ocrx_word' id='word_1_55' title='bbox 1367 1310 1442 1356; x_wconf 84' lang='grc' dir='ltr'><strong>ως</strong></span> <span class='ocrx_word' id='word_1_56' title='bbox 1483 1294 1807 1363; x_wconf 71' lang='grc' dir='ltr'>γέγραπται,</span> 
     </span>
    </p>
   </div>
   <div class='ocr_carea' id='block_1_11' title="bbox 246 1383 1812 1454">
    <p class='ocr_par' dir='ltr' id='par_1_11' title="bbox 246 1383 1812 1454">
     <span class='ocr_line' id='line_1_11' title="bbox 246 1383 1812 1454; baseline 0 -18"><span class='ocrx_word' id='word_1_57' title='bbox 246 1386 441 1446; x_wconf 65' lang='grc' dir='ltr'>’πάσας</span> <span class='ocrx_word' id='word_1_58' title='bbox 473 1383 656 1447; x_wconf 76' lang='grc' dir='ltr'>ἁπλῶς</span> <span class='ocrx_word' id='word_1_59' title='bbox 696 1384 791 1447; x_wconf 78' lang='grc' dir='ltr'><strong>τὰς</strong></span> <span class='ocrx_word' id='word_1_60' title='bbox 825 1386 1045 1448; x_wconf 85' lang='grc' dir='ltr'>ἀκτῖνας</span> <span class='ocrx_word' id='word_1_61' title='bbox 1073 1384 1394 1452; x_wconf 78' lang='grc' dir='ltr'>ἐπιλάμπων</span> <span class='ocrx_word' id='word_1_62' title='bbox 1426 1384 1523 1452; x_wconf 81' lang='grc' dir='ltr'>τῆς</span> <span class='ocrx_word' id='word_1_63' title='bbox 1544 1383 1812 1454; x_wconf 81' lang='grc' dir='ltr'>ἀγαθότη-</span> 
     </span>
    </p>
   </div>
   <div class='ocr_carea' id='block_1_12' title="bbox 246 1477 1809 1553">
    <p class='ocr_par' dir='ltr' id='par_1_12' title="bbox 246 1477 1809 1553">
     <span class='ocr_line' id='line_1_12' title="bbox 246 1477 1809 1553; baseline 0.002 -25"><span class='ocrx_word' id='word_1_64' title='bbox 246 1494 370 1539; x_wconf 80' lang='grc' dir='ltr'>τος·</span> <span class='ocrx_word' id='word_1_65' title='bbox 414 1480 447 1546; x_wconf 83' lang='grc' dir='ltr'>ἡ</span> <span class='ocrx_word' id='word_1_66' title='bbox 495 1478 549 1529; x_wconf 83' lang='grc' dir='ltr'>δὲ</span> <span class='ocrx_word' id='word_1_67' title='bbox 593 1477 758 1548; x_wconf 78' lang='grc' dir='ltr'>ψυχὴ,</span> <span class='ocrx_word' id='word_1_68' title='bbox 788 1478 819 1549; x_wconf 82' lang='grc' dir='ltr'>ἢ</span> <span class='ocrx_word' id='word_1_69' title='bbox 852 1478 1024 1553; x_wconf 73' lang='grc' dir='ltr'>κηρὸς</span> <span class='ocrx_word' id='word_1_70' title='bbox 1052 1479 1127 1542; x_wconf 86' lang='grc' dir='ltr'>ὡς</span> <span class='ocrx_word' id='word_1_71' title='bbox 1158 1478 1420 1547; x_wconf 78' lang='grc' dir='ltr'>φιλόθεος,</span> <span class='ocrx_word' id='word_1_72' title='bbox 1451 1479 1483 1549; x_wconf 83' lang='grc' dir='ltr'>ἢ</span> <span class='ocrx_word' id='word_1_73' title='bbox 1515 1479 1702 1551; x_wconf 81' lang='grc' dir='ltr'>πηλὸς,</span> <span class='ocrx_word' id='word_1_74' title='bbox 1733 1480 1809 1543; x_wconf 85' lang='grc' dir='ltr'>ὡς</span> 
     </span>
    </p>
   </div>
   <div class='ocr_carea' id='block_1_13' title="bbox 244 1566 1809 1640">
    <p class='ocr_par' dir='ltr' id='par_1_13' title="bbox 244 1566 1809 1640">
     <span class='ocr_line' id='line_1_13' title="bbox 244 1566 1809 1640; baseline 0.001 -19"><span class='ocrx_word' id='word_1_75' title='bbox 244 1570 503 1634; x_wconf 69' lang='grc' dir='ltr'>φιλόΰλος</span> <span class='ocrx_word' id='word_1_76' title='bbox 529 1568 666 1623; x_wconf 81' lang='grc' dir='ltr'><strong>κατά</strong></span> <span class='ocrx_word' id='word_1_77' title='bbox 691 1570 911 1640; x_wconf 67' lang='grc' dir='ltr'><strong>γνώμην</strong></span> <span class='ocrx_word' id='word_1_78' title='bbox 929 1569 1172 1637; x_wconf 79' lang='grc' dir='ltr'>γίνεσθαι</span> <span class='ocrx_word' id='word_1_79' title='bbox 1198 1568 1456 1637; x_wconf 84' lang='grc' dir='ltr'>πέφυκεν.</span> <span class='ocrx_word' id='word_1_80' title='bbox 1481 1571 1689 1640; x_wconf 81' lang='grc' dir='ltr'>’Ὠσπερ</span> <span class='ocrx_word' id='word_1_81' title='bbox 1715 1566 1809 1623; x_wconf 78' lang='grc' dir='ltr'><strong>οὖν</strong></span> 
     </span>
    </p>
   </div>
   <div class='ocr_carea' id='block_1_14' title="bbox 243 1657 1809 1729">
    <p class='ocr_par' dir='ltr' id='par_1_14' title="bbox 243 1657 1809 1729">
     <span class='ocr_line' id='line_1_14' title="bbox 243 1657 1809 1729; baseline 0.001 -20"><span class='ocrx_word' id='word_1_82' title='bbox 243 1662 274 1709; x_wconf 88' lang='grc' dir='ltr'>ὀ</span> <span class='ocrx_word' id='word_1_83' title='bbox 308 1657 479 1727; x_wconf 76' lang='grc' dir='ltr'>πηλὸς</span> <span class='ocrx_word' id='word_1_84' title='bbox 516 1658 655 1710; x_wconf 78' lang='grc' dir='ltr'>κατὰ</span> <span class='ocrx_word' id='word_1_85' title='bbox 678 1659 839 1726; x_wconf 68' lang='grc' dir='ltr'>φύσιν</span> <span class='ocrx_word' id='word_1_86' title='bbox 861 1658 993 1727; x_wconf 77' lang='grc' dir='ltr'>ἡλίῳ</span> <span class='ocrx_word' id='word_1_87' title='bbox 1021 1657 1349 1727; x_wconf 80' lang='grc' dir='ltr'><strong>ξηραίνεται,</strong></span> <span class='ocrx_word' id='word_1_88' title='bbox 1384 1659 1411 1711; x_wconf 90' lang='grc' dir='ltr'>ὁ</span> <span class='ocrx_word' id='word_1_89' title='bbox 1432 1658 1489 1711; x_wconf 85' lang='grc' dir='ltr'>δὲ</span> <span class='ocrx_word' id='word_1_90' title='bbox 1518 1659 1683 1729; x_wconf 75' lang='grc' dir='ltr'>κηρὸς</span> <span class='ocrx_word' id='word_1_91' title='bbox 1710 1677 1809 1728; x_wconf 68' lang='grc' dir='ltr'>φυ-</span> 
     </span>
    </p>
   </div>
   <div class='ocr_carea' id='block_1_15' title="bbox 245 1746 1807 1817">
    <p class='ocr_par' dir='ltr' id='par_1_15' title="bbox 245 1746 1807 1817">
     <span class='ocr_line' id='line_1_15' title="bbox 245 1746 1807 1817; baseline 0.001 -18"><span class='ocrx_word' id='word_1_92' title='bbox 245 1749 426 1809; x_wconf 82' lang='grc' dir='ltr'>σικῶς</span> <span class='ocrx_word' id='word_1_93' title='bbox 466 1747 813 1801; x_wconf 73' lang='grc' dir='ltr'>ἁπαλύνεταιο</span> <span class='ocrx_word' id='word_1_94' title='bbox 860 1746 1003 1799; x_wconf 78' lang='grc' dir='ltr'>οὕτω</span> <span class='ocrx_word' id='word_1_95' title='bbox 1052 1747 1146 1799; x_wconf 83' lang='grc' dir='ltr'><strong>καὶ</strong></span> <span class='ocrx_word' id='word_1_96' title='bbox 1186 1747 1336 1799; x_wconf 81' lang='grc' dir='ltr'>πᾶσα</span> <span class='ocrx_word' id='word_1_97' title='bbox 1373 1746 1516 1817; x_wconf 75' lang='grc' dir='ltr'>ψυχὴ</span> <span class='ocrx_word' id='word_1_98' title='bbox 1561 1748 1807 1815; x_wconf 80' lang='grc' dir='ltr'>φιλόῡλος</span> 
     </span>
    </p>
   </div>
   <div class='ocr_carea' id='block_1_16' title="bbox 242 1837 1805 1909">
    <p class='ocr_par' dir='ltr' id='par_1_16' title="bbox 242 1837 1805 1909">
     <span class='ocr_line' id='line_1_16' title="bbox 242 1837 1805 1909; baseline 0.001 -18"><span class='ocrx_word' id='word_1_99' title='bbox 242 1841 351 1891; x_wconf 72' lang='grc' dir='ltr'><strong>καὶ</strong></span> <span class='ocrx_word' id='word_1_100' title='bbox 378 1839 698 1909; x_wconf 77' lang='grc' dir='ltr'>φιλόκοσμος</span> <span class='ocrx_word' id='word_1_101' title='bbox 722 1839 828 1890; x_wconf 85' lang='grc' dir='ltr'><strong>ἀπὸ</strong></span> <span class='ocrx_word' id='word_1_102' title='bbox 856 1837 989 1889; x_wconf 88' lang='grc' dir='ltr'>Θεοῦ</span> <span class='ocrx_word' id='word_1_103' title='bbox 1012 1837 1392 1909; x_wconf 79' lang='grc' dir='ltr'>νουθετημένη,</span> <span class='ocrx_word' id='word_1_104' title='bbox 1420 1840 1509 1892; x_wconf 74' lang='grc' dir='ltr'><strong>καὶ</strong></span> <span class='ocrx_word' id='word_1_105' title='bbox 1539 1839 1613 1901; x_wconf 84' lang='grc' dir='ltr'>ὡς</span> <span class='ocrx_word' id='word_1_106' title='bbox 1637 1841 1805 1909; x_wconf 78' lang='grc' dir='ltr'>πηλὸς</span> 
     </span>
    </p>
   </div>
   <div class='ocr_carea' id='block_1_17' title="bbox 243 1926 1803 2000">
    <p class='ocr_par' dir='ltr' id='par_1_17' title="bbox 243 1926 1803 2000">
     <span class='ocr_line' id='line_1_17' title="bbox 243 1926 1803 2000; baseline 0.002 -19"><span class='ocrx_word' id='word_1_107' title='bbox 243 1930 397 1981; x_wconf 55' lang='grc' dir='ltr'>κίειτά</span> <span class='ocrx_word' id='word_1_108' title='bbox 423 1929 643 1999; x_wconf 81' lang='grc' dir='ltr'><strong>γνώμην</strong></span> <span class='ocrx_word' id='word_1_109' title='bbox 667 1926 1030 1983; x_wconf 84' lang='grc' dir='ltr'>ἀντιτυποῦσα</span> <span class='ocrx_word' id='word_1_110' title='bbox 1064 1928 1440 1998; x_wconf 85' lang='grc' dir='ltr'>σκληρύνεται,</span> <span class='ocrx_word' id='word_1_111' title='bbox 1472 1929 1567 1982; x_wconf 77' lang='grc' dir='ltr'>καὶ</span> <span class='ocrx_word' id='word_1_112' title='bbox 1608 1930 1803 2000; x_wconf 79' lang='grc' dir='ltr'>ἑαυτὴν</span> 
     </span>
    </p>
   </div>
   <div class='ocr_carea' id='block_1_18' title="bbox 238 2020 1802 2092">
    <p class='ocr_par' dir='ltr' id='par_1_18' title="bbox 238 2020 1802 2092">
     <span class='ocr_line' id='line_1_18' title="bbox 238 2020 1802 2092; baseline 0.001 -19"><span class='ocrx_word' id='word_1_113' title='bbox 238 2020 385 2073; x_wconf 77' lang='grc' dir='ltr'><strong>ὼθεί</strong></span> <span class='ocrx_word' id='word_1_114' title='bbox 419 2021 557 2073; x_wconf 82' lang='grc' dir='ltr'><strong>κατά</strong></span> <span class='ocrx_word' id='word_1_115' title='bbox 579 2020 776 2090; x_wconf 78' lang='grc' dir='ltr'>Φαραὼ</span> <span class='ocrx_word' id='word_1_116' title='bbox 804 2020 938 2090; x_wconf 79' lang='grc' dir='ltr'>πρὸς</span> <span class='ocrx_word' id='word_1_117' title='bbox 966 2020 1255 2075; x_wconf 76' lang='grc' dir='ltr'>ἀπώλειανο</span> <span class='ocrx_word' id='word_1_118' title='bbox 1281 2022 1313 2092; x_wconf 87' lang='grc' dir='ltr'><strong>ή</strong></span> <span class='ocrx_word' id='word_1_119' title='bbox 1347 2021 1404 2074; x_wconf 83' lang='grc' dir='ltr'>δὲ</span> <span class='ocrx_word' id='word_1_120' title='bbox 1441 2020 1701 2089; x_wconf 75' lang='grc' dir='ltr'><strong>φιλόθεος,</strong></span> <span class='ocrx_word' id='word_1_121' title='bbox 1727 2023 1802 2086; x_wconf 83' lang='grc' dir='ltr'>ὼς</span> 
     </span>
    </p>
   </div>
   <div class='ocr_carea' id='block_1_19' title="bbox 240 2110 1800 2181">
    <p class='ocr_par' dir='ltr' id='par_1_19' title="bbox 240 2110 1800 2181">
     <span class='ocr_line' id='line_1_19' title="bbox 240 2110 1800 2181; baseline 0.001 -17"><span class='ocrx_word' id='word_1_122' title='bbox 240 2110 416 2181; x_wconf 69' lang='grc' dir='ltr'>κηρὸς</span> <span class='ocrx_word' id='word_1_123' title='bbox 452 2110 801 2175; x_wconf 81' lang='grc' dir='ltr'>ἀπαλύνεται,</span> <span class='ocrx_word' id='word_1_124' title='bbox 832 2112 924 2163; x_wconf 73' lang='grc' dir='ltr'><strong>καὶ</strong></span> <span class='ocrx_word' id='word_1_125' title='bbox 963 2113 1087 2175; x_wconf 79' lang='grc' dir='ltr'>τοὺς</span> <span class='ocrx_word' id='word_1_126' title='bbox 1140 2110 1248 2164; x_wconf 85' lang='grc' dir='ltr'>τῶν</span> <span class='ocrx_word' id='word_1_127' title='bbox 1278 2112 1437 2165; x_wconf 84' lang='grc' dir='ltr'>θείων</span> <span class='ocrx_word' id='word_1_128' title='bbox 1466 2113 1667 2176; x_wconf 80' lang='grc' dir='ltr'><strong>τύπους</strong></span> <span class='ocrx_word' id='word_1_129' title='bbox 1710 2114 1800 2165; x_wconf 70' lang='grc' dir='ltr'><strong>καὶ</strong></span> 
     </span>
    </p>
   </div>
   <div class='ocr_carea' id='block_1_20' title="bbox 236 2203 1799 2275">
    <p class='ocr_par' dir='ltr' id='par_1_20' title="bbox 236 2203 1799 2275">
     <span class='ocr_line' id='line_1_20' title="bbox 236 2203 1799 2275; baseline 0.001 -20"><span class='ocrx_word' id='word_1_130' title='bbox 236 2206 597 2273; x_wconf 75' lang='grc' dir='ltr'><strong>χαρακτῆρας</strong></span> <span class='ocrx_word' id='word_1_131' title='bbox 624 2203 987 2275; x_wconf 81' lang='grc' dir='ltr'>εἰσδεχομένη,</span> <span class='ocrx_word' id='word_1_132' title='bbox 1010 2204 1214 2272; x_wconf 80' lang='grc' dir='ltr'>γίνεται</span> <span class='ocrx_word' id='word_1_133' title='bbox 1234 2203 1366 2257; x_wconf 84' lang='grc' dir='ltr'>Θεοῦ</span> <span class='ocrx_word' id='word_1_134' title='bbox 1388 2204 1799 2275; x_wconf 54' lang='grc' dir='ltr'>κατοικητῄοιον</span> 
     </span>
    </p>
   </div>
   <div class='ocr_carea' id='block_1_21' title="bbox 237 2291 624 2364">
    <p class='ocr_par' dir='ltr' id='par_1_21' title="bbox 237 2291 624 2364">
     <span class='ocr_line' id='line_1_21' title="bbox 237 2291 624 2364; baseline 0.003 -18"><span class='ocrx_word' id='word_1_135' title='bbox 237 2298 303 2346; x_wconf 77' lang='grc' dir='ltr'>ἐν</span> <span class='ocrx_word' id='word_1_136' title='bbox 334 2291 624 2364; x_wconf 80' lang='grc' dir='ltr'>πνεύματι.</span> 
     </span>
    </p>
   </div>
   <div class='ocr_carea' id='block_1_22' title="bbox 855 2384 1195 2452">
    <p class='ocr_par' dir='ltr' id='par_1_22' title="bbox 855 2384 1195 2452">
     <span class='ocr_line' id='line_1_22' title="bbox 855 2384 1195 2452; baseline -0.006 -16"><span class='ocrx_word' id='word_1_137' title='bbox 855 2384 1111 2452; x_wconf 74' lang='grc' dir='ltr'><strong>Σχόλιον</strong></span> <span class='ocrx_word' id='word_1_138' title='bbox 1133 2389 1195 2434; x_wconf 85' lang='grc' dir='ltr'><strong>ε’.</strong></span> 
     </span>
    </p>
   </div>
   <div class='ocr_carea' id='block_1_23' title="bbox 327 2471 1796 2546">
    <p class='ocr_par' dir='ltr' id='par_1_23' title="bbox 327 2471 1796 2546">
     <span class='ocr_line' id='line_1_23' title="bbox 327 2471 1796 2546; baseline -0.002 -19"><span class='ocrx_word' id='word_1_139' title='bbox 327 2476 417 2527; x_wconf 87' lang='grc' dir='ltr'>Ἐν</span> <span class='ocrx_word' id='word_1_140' title='bbox 438 2474 581 2546; x_wconf 82' lang='grc' dir='ltr'>τρισὶ</span> <span class='ocrx_word' id='word_1_141' title='bbox 604 2475 799 2545; x_wconf 77' lang='grc' dir='ltr'>τρόπος</span> <span class='ocrx_word' id='word_1_142' title='bbox 829 2475 1135 2544; x_wconf 81' lang='grc' dir='ltr'>εὑρίσκεται</span> <span class='ocrx_word' id='word_1_143' title='bbox 1156 2471 1263 2525; x_wconf 82' lang='grc' dir='ltr'><strong>τῶν</strong></span> <span class='ocrx_word' id='word_1_144' title='bbox 1288 2471 1716 2541; x_wconf 79' lang='grc' dir='ltr'><strong>ἀγωνιζομένων·</strong></span> <span class='ocrx_word' id='word_1_145' title='bbox 1740 2475 1796 2524; x_wconf 83' lang='grc' dir='ltr'><strong>ἐν</strong></span> 
     </span>
    </p>
   </div>
   <div class='ocr_carea' id='block_1_24' title="bbox 230 2564 1793 2637">
    <p class='ocr_par' dir='ltr' id='par_1_24' title="bbox 230 2564 1793 2637">
     <span class='ocr_line' id='line_1_24' title="bbox 230 2564 1793 2637; baseline 0.001 -20"><span class='ocrx_word' id='word_1_146' title='bbox 230 2570 358 2629; x_wconf 68' lang='grc' dir='ltr'>τοῖς</span> <span class='ocrx_word' id='word_1_147' title='bbox 390 2568 621 2636; x_wconf 81' lang='grc' dir='ltr'>νοήμασι</span> <span class='ocrx_word' id='word_1_148' title='bbox 657 2568 763 2619; x_wconf 80' lang='grc' dir='ltr'>τῶν</span> <span class='ocrx_word' id='word_1_149' title='bbox 808 2566 1096 2637; x_wconf 80' lang='grc' dir='ltr'><strong>αἰσθητῶν,</strong></span> <span class='ocrx_word' id='word_1_150' title='bbox 1133 2567 1189 2617; x_wconf 84' lang='grc' dir='ltr'>ἐν</span> <span class='ocrx_word' id='word_1_151' title='bbox 1232 2567 1295 2634; x_wconf 83' lang='grc' dir='ltr'><strong>τῇ</strong></span> <span class='ocrx_word' id='word_1_152' title='bbox 1345 2564 1545 2635; x_wconf 78' lang='grc' dir='ltr'>θεωρίᾳ</span> <span class='ocrx_word' id='word_1_153' title='bbox 1594 2566 1793 2630; x_wconf 84' lang='grc' dir='ltr'>αὐτῶν,</span> 
     </span>
    </p>
   </div>
   <div class='ocr_carea' id='block_1_25' title="bbox 232 2657 1344 2731">
    <p class='ocr_par' dir='ltr' id='par_1_25' title="bbox 232 2657 1344 2731">
     <span class='ocr_line' id='line_1_25' title="bbox 232 2657 1344 2731; baseline -0.001 -18"><span class='ocrx_word' id='word_1_154' title='bbox 232 2660 341 2713; x_wconf 85' lang='grc' dir='ltr'><strong>καὶ</strong></span> <span class='ocrx_word' id='word_1_155' title='bbox 375 2660 435 2713; x_wconf 81' lang='grc' dir='ltr'>ἐν</span> <span class='ocrx_word' id='word_1_156' title='bbox 460 2662 524 2731; x_wconf 74' lang='grc' dir='ltr'>τῇ</span> <span class='ocrx_word' id='word_1_157' title='bbox 553 2661 877 2714; x_wconf 82' lang='grc' dir='ltr'><strong>καταστάσει</strong></span> <span class='ocrx_word' id='word_1_158' title='bbox 900 2662 997 2730; x_wconf 84' lang='grc' dir='ltr'>τῆς</span> <span class='ocrx_word' id='word_1_159' title='bbox 1023 2657 1344 2729; x_wconf 82' lang='grc' dir='ltr'>προσευχῆς.</span> 
     </span>
    </p>
   </div>
   <div class='ocr_carea' id='block_1_26' title="bbox 830 2844 1195 2909">
    <p class='ocr_par' dir='ltr' id='par_1_26' title="bbox 830 2844 1195 2909">
     <span class='ocr_line' id='line_1_26' title="bbox 830 2844 1195 2909; baseline 0.003 -14"><span class='ocrx_word' id='word_1_160' title='bbox 830 2844 1090 2909; x_wconf 74' lang='grc' dir='ltr'><strong>Σχόλιον</strong></span> <span class='ocrx_word' id='word_1_161' title='bbox 1122 2860 1159 2905; x_wconf 83' lang='grc' dir='ltr'><strong>ς</strong></span> <span class='ocrx_word' id='word_1_162' title='bbox 1179 2879 1195 2896; x_wconf 89' lang='grc'><strong>.</strong></span> 
     </span>
    </p>
   </div>
   <div class='ocr_carea' id='block_1_27' title="bbox 321 2928 1787 3003">
    <p class='ocr_par' dir='ltr' id='par_1_27' title="bbox 321 2928 1787 3003">
     <span class='ocr_line' id='line_1_27' title="bbox 321 2928 1787 3003; baseline 0.002 -20"><span class='ocrx_word' id='word_1_163' title='bbox 321 2928 380 2983; x_wconf 87' lang='lat'><strong>&#39;0</strong></span> <span class='ocrx_word' id='word_1_164' title='bbox 425 2930 731 3000; x_wconf 81' lang='grc' dir='ltr'>σωματικὺς</span> <span class='ocrx_word' id='word_1_165' title='bbox 783 2934 945 2993; x_wconf 74' lang='grc' dir='ltr'>κόπος</span> <span class='ocrx_word' id='word_1_166' title='bbox 984 2936 1096 2994; x_wconf 82' lang='grc' dir='ltr'>τοῖς</span> <span class='ocrx_word' id='word_1_167' title='bbox 1137 2933 1438 3002; x_wconf 79' lang='grc' dir='ltr'>ἀρχαρίοις,</span> <span class='ocrx_word' id='word_1_168' title='bbox 1488 2933 1519 3003; x_wconf 82' lang='grc' dir='ltr'>ἢ</span> <span class='ocrx_word' id='word_1_169' title='bbox 1576 2933 1787 2986; x_wconf 77' lang='grc' dir='ltr'>ἀτελέσι</span> 
     </span>
    </p>
   </div>
   <div class='ocr_carea' id='block_1_28' title="bbox 232 3022 1784 3095">
    <p class='ocr_par' dir='ltr' id='par_1_28' title="bbox 232 3022 1784 3095">
     <span class='ocr_line' id='line_1_28' title="bbox 232 3022 1784 3095; baseline 0.003 -22"><span class='ocrx_word' id='word_1_170' title='bbox 232 3022 381 3074; x_wconf 83' lang='grc' dir='ltr'><strong>κατά</strong></span> <span class='ocrx_word' id='word_1_171' title='bbox 407 3022 504 3092; x_wconf 76' lang='grc' dir='ltr'>τὴν</span> <span class='ocrx_word' id='word_1_172' title='bbox 525 3025 893 3095; x_wconf 82' lang='grc' dir='ltr'>πνευματικὴν</span> <span class='ocrx_word' id='word_1_173' title='bbox 920 3024 1131 3093; x_wconf 79' lang='grc' dir='ltr'>ἡλικίαν</span> <span class='ocrx_word' id='word_1_174' title='bbox 1172 3025 1441 3095; x_wconf 76' lang='grc' dir='ltr'>ὠφέλιμός</span> <span class='ocrx_word' id='word_1_175' title='bbox 1465 3027 1609 3080; x_wconf 78' lang='grc' dir='ltr'>ἐστιν</span> <span class='ocrx_word' id='word_1_176' title='bbox 1632 3026 1784 3093; x_wconf 78' lang='grc' dir='ltr'>ἄγανο</span> 
     </span>
    </p>
   </div>
   <div class='ocr_carea' id='block_1_29' title="bbox 228 3103 1789 3187">
    <p class='ocr_par' dir='ltr' id='par_1_29' title="bbox 228 3103 1789 3187">
     <span class='ocr_line' id='line_1_29' title="bbox 228 3103 1789 3187; baseline 0.001 -22"><span class='ocrx_word' id='word_1_177' title='bbox 228 3115 354 3176; x_wconf 70' lang='grc' dir='ltr'>τοῖς</span> <span class='ocrx_word' id='word_1_178' title='bbox 399 3113 454 3166; x_wconf 83' lang='grc' dir='ltr'>δὲ</span> <span class='ocrx_word' id='word_1_179' title='bbox 504 3115 727 3178; x_wconf 82' lang='grc' dir='ltr'>τελείοις</span> <span class='ocrx_word' id='word_1_180' title='bbox 758 3118 1077 3187; x_wconf 18' lang='grc' dir='ltr'>νπὰρεργος,</span> <span class='ocrx_word' id='word_1_181' title='bbox 1125 3116 1198 3178; x_wconf 76' lang='grc' dir='ltr'>ὡς</span> <span class='ocrx_word' id='word_1_182' title='bbox 1260 3103 1614 3187; x_wconf 73' lang='grc' dir='ltr'><strong>ἀρκουμένοις</strong></span> <span class='ocrx_word' id='word_1_183' title='bbox 1645 3118 1789 3187; x_wconf 78' lang='grc' dir='ltr'><strong>μόνῳ</strong></span> 
     </span>
    </p>
   </div>
   <div class='ocr_carea' id='block_1_30' title="bbox 1179 434 2589 513">
    <p class='ocr_par' dir='ltr' id='par_1_30' title="bbox 1179 434 2589 513">
     <span class='ocr_line' id='line_1_30' title="bbox 1179 434 2589 513; baseline 0.008 -11"><span class='ocrx_word' id='word_1_184' title='bbox 1179 444 1402 504; x_wconf 73' lang='lat' dir='ltr'><strong>SL‘ALA</strong></span> <span class='ocrx_word' id='word_1_185' title='bbox 1456 434 1933 506; x_wconf 26' lang='lat' dir='ltr'><strong>PARADISII—</strong></span> <span class='ocrx_word' id='word_1_186' title='bbox 1980 448 2284 510; x_wconf 78' lang='lat' dir='ltr'><strong>GRADUS</strong></span> <span class='ocrx_word' id='word_1_187' title='bbox 2327 453 2589 513; x_wconf 68' lang='lat' dir='ltr'><strong>XXVIII.</strong></span> 
     </span>
    </p>
   </div>
   <div class='ocr_carea' id='block_1_31' title="bbox 1850 550 2895 629">
    <p class='ocr_par' dir='ltr' id='par_1_31' title="bbox 1850 550 2895 629">
     <span class='ocr_line' id='line_1_31' title="bbox 1850 550 2895 629; baseline 0.001 -9"><span class='ocrx_word' id='word_1_188' title='bbox 1850 573 1902 629; x_wconf 72' lang='grc' dir='ltr'><strong>Α</strong></span> <span class='ocrx_word' id='word_1_189' title='bbox 2532 550 2782 622; x_wconf 74' lang='grc' dir='ltr'>δεΙιοιίὦι</span> <span class='ocrx_word' id='word_1_190' title='bbox 2844 570 2895 621; x_wconf 79' lang='lat'><strong>5.</strong></span> 
     </span>
    </p>
   </div>
   <div class='ocr_carea' id='block_1_32' title="bbox 3359 457 3491 520">
    <p class='ocr_par' dir='ltr' id='par_1_32' title="bbox 3359 457 3491 520">
     <span class='ocr_line' id='line_1_32' title="bbox 3359 457 3491 520; baseline 0.008 -1"><span class='ocrx_word' id='word_1_191' title='bbox 3359 457 3491 520; x_wconf 66' lang='lat' dir='ltr'><strong>ili).</strong></span> 
     </span>
    </p>
   </div>
   <div class='ocr_carea' id='block_1_33' title="bbox 1992 654 3487 729">
    <p class='ocr_par' dir='ltr' id='par_1_33' title="bbox 1992 654 3487 729">
     <span class='ocr_line' id='line_1_33' title="bbox 1992 654 3487 729; baseline 0.003 -20"><span class='ocrx_word' id='word_1_192' title='bbox 1992 654 2467 721; x_wconf 84' lang='lat' dir='ltr'><strong>Quemadmodum</strong></span> <span class='ocrx_word' id='word_1_193' title='bbox 2498 659 2593 727; x_wconf 87' lang='lat' dir='ltr'><strong>qui</strong></span> <span class='ocrx_word' id='word_1_194' title='bbox 2613 658 2846 714; x_wconf 79' lang='lat' dir='ltr'><strong>infantes</strong></span> <span class='ocrx_word' id='word_1_195' title='bbox 2884 659 2949 713; x_wconf 89' lang='lat' dir='ltr'><strong>ad</strong></span> <span class='ocrx_word' id='word_1_196' title='bbox 2978 657 3319 714; x_wconf 89' lang='lat' dir='ltr'><strong>formandum</strong></span> <span class='ocrx_word' id='word_1_197' title='bbox 3342 676 3487 729; x_wconf 77' lang='lat' dir='ltr'><strong>gres-</strong></span> 
     </span>
    </p>
   </div>
   <div class='ocr_carea' id='block_1_34' title="bbox 1918 750 3486 821">
    <p class='ocr_par' dir='ltr' id='par_1_34' title="bbox 1918 750 3486 821">
     <span class='ocr_line' id='line_1_34' title="bbox 1918 750 3486 821; baseline 0.003 -19"><span class='ocrx_word' id='word_1_198' title='bbox 1918 761 2039 802; x_wconf 87' lang='lat' dir='ltr'><strong>sum</strong></span> <span class='ocrx_word' id='word_1_199' title='bbox 2091 758 2365 815; x_wconf 81' lang='lat' dir='ltr'><strong>exercent,</strong></span> <span class='ocrx_word' id='word_1_200' title='bbox 2424 750 2703 820; x_wconf 82' lang='lat' dir='ltr'><strong>paululum</strong></span> <span class='ocrx_word' id='word_1_201' title='bbox 2763 766 3102 821; x_wconf 84' lang='lat' dir='ltr'><strong>progressos,</strong></span> <span class='ocrx_word' id='word_1_202' title='bbox 3131 763 3183 806; x_wconf 89' lang='lat' dir='ltr'><strong>et</strong></span> <span class='ocrx_word' id='word_1_203' title='bbox 3234 753 3486 806; x_wconf 83' lang='lat' dir='ltr'><strong>cadentes</strong></span> 
     </span>
    </p>
   </div>
   <div class='ocr_carea' id='block_1_35' title="bbox 1917 834 3489 910">
    <p class='ocr_par' dir='ltr' id='par_1_35' title="bbox 1917 834 3489 910">
     <span class='ocr_line' id='line_1_35' title="bbox 1917 834 3489 910; baseline 0.004 -20"><span class='ocrx_word' id='word_1_204' title='bbox 1917 852 2105 893; x_wconf 88' lang='lat' dir='ltr'><strong>rursus</strong></span> <span class='ocrx_word' id='word_1_205' title='bbox 2132 839 2365 908; x_wconf 87' lang='lat' dir='ltr'><strong>erigunt,</strong></span> <span class='ocrx_word' id='word_1_206' title='bbox 2415 850 2470 894; x_wconf 91' lang='lat' dir='ltr'><strong>et</strong></span> <span class='ocrx_word' id='word_1_207' title='bbox 2502 842 2707 910; x_wconf 79' lang='lat' dir='ltr'><strong>saepius</strong></span> <span class='ocrx_word' id='word_1_208' title='bbox 2762 841 3010 897; x_wconf 80' lang='lat' dir='ltr'><strong>incedere</strong></span> <span class='ocrx_word' id='word_1_209' title='bbox 3033 834 3246 905; x_wconf 89' lang='lat' dir='ltr'><strong>docent,</strong></span> <span class='ocrx_word' id='word_1_210' title='bbox 3289 844 3359 896; x_wconf 86' lang='lat' dir='ltr'><strong>ita</strong></span> <span class='ocrx_word' id='word_1_211' title='bbox 3391 860 3489 897; x_wconf 84' lang='lat' dir='ltr'><strong>nos</strong></span> 
     </span>
    </p>
   </div>
   <div class='ocr_carea' id='block_1_36' title="bbox 1914 930 3485 1001">
    <p class='ocr_par' dir='ltr' id='par_1_36' title="bbox 1914 930 3485 1001">
     <span class='ocr_line' id='line_1_36' title="bbox 1914 930 3485 1001; baseline 0.003 -20"><span class='ocrx_word' id='word_1_212' title='bbox 1914 937 2147 984; x_wconf 80' lang='lat' dir='ltr'><strong>mentem</strong></span> <span class='ocrx_word' id='word_1_213' title='bbox 2174 939 2413 984; x_wconf 87' lang='lat' dir='ltr'><strong>nostram</strong></span> <span class='ocrx_word' id='word_1_214' title='bbox 2444 930 2585 985; x_wconf 90' lang='lat' dir='ltr'><strong>inter</strong></span> <span class='ocrx_word' id='word_1_215' title='bbox 2637 948 2823 1001; x_wconf 81' lang='lat' dir='ltr'><strong>preces</strong></span> <span class='ocrx_word' id='word_1_216' title='bbox 2853 934 2917 985; x_wconf 81' lang='lat' dir='ltr'><strong>ad</strong></span> <span class='ocrx_word' id='word_1_217' title='bbox 2959 932 3129 987; x_wconf 92' lang='lat' dir='ltr'><strong>Deum</strong></span> <span class='ocrx_word' id='word_1_218' title='bbox 3180 934 3485 988; x_wconf 85' lang='lat' dir='ltr'><strong>inclinatio-</strong></span> 
     </span>
    </p>
   </div>
   <div class='ocr_carea' id='block_1_37' title="bbox 1914 1011 3487 1097">
    <p class='ocr_par' dir='ltr' id='par_1_37' title="bbox 1914 1011 3487 1097">
     <span class='ocr_line' id='line_1_37' title="bbox 1914 1011 3487 1097; baseline 0.005 -25"><span class='ocrx_word' id='word_1_219' title='bbox 1914 1034 1982 1073; x_wconf 92' lang='lat' dir='ltr'><strong>ne</strong></span> <span class='ocrx_word' id='word_1_220' title='bbox 2048 1019 2330 1075; x_wconf 83' lang='lat' dir='ltr'><strong>cadentem</strong></span> <span class='ocrx_word' id='word_1_221' title='bbox 2413 1022 2769 1077; x_wconf 89' lang='lat' dir='ltr'><strong>emendemus</strong></span> <span class='ocrx_word' id='word_1_222' title='bbox 2834 1011 3047 1088; x_wconf 82' lang='lat' dir='ltr'><strong>rursus,</strong></span> <span class='ocrx_word' id='word_1_223' title='bbox 3107 1034 3161 1079; x_wconf 90' lang='lat' dir='ltr'><strong>et</strong></span> <span class='ocrx_word' id='word_1_224' title='bbox 3215 1025 3487 1097; x_wconf 75' lang='lat' dir='ltr'><strong>erigamus</strong></span> 
     </span>
    </p>
   </div>
   <div class='ocr_carea' id='block_1_38' title="bbox 1912 1111 2883 1183">
    <p class='ocr_par' dir='ltr' id='par_1_38' title="bbox 1912 1111 2883 1183">
     <span class='ocr_line' id='line_1_38' title="bbox 1912 1111 2883 1183; baseline 0.006 -20"><span class='ocrx_word' id='word_1_225' title='bbox 1912 1111 2087 1181; x_wconf 88' lang='lat' dir='ltr'><strong>quoad</strong></span> <span class='ocrx_word' id='word_1_226' title='bbox 2124 1111 2344 1166; x_wconf 89' lang='lat' dir='ltr'><strong>firmum</strong></span> <span class='ocrx_word' id='word_1_227' title='bbox 2374 1120 2573 1168; x_wconf 85' lang='lat' dir='ltr'><strong>statum</strong></span> <span class='ocrx_word' id='word_1_228' title='bbox 2616 1114 2883 1183; x_wconf 81' lang='lat' dir='ltr'><strong>acquirat.</strong></span> 
     </span>
    </p>
   </div>
   <div class='ocr_carea' id='block_1_39' title="bbox 2515 1204 2853 1260">
    <p class='ocr_par' dir='ltr' id='par_1_39' title="bbox 2515 1204 2853 1260">
     <span class='ocr_line' id='line_1_39' title="bbox 2515 1204 2853 1260; baseline 0 -2"><span class='ocrx_word' id='word_1_229' title='bbox 2515 1204 2761 1258; x_wconf 76' lang='lat' dir='ltr'><strong>Scholion</strong></span> <span class='ocrx_word' id='word_1_230' title='bbox 2801 1207 2853 1260; x_wconf 64' lang='lat'><strong>4.</strong></span> 
     </span>
    </p>
   </div>
   <div class='ocr_carea' id='block_1_40' title="bbox 1982 1289 3474 1367">
    <p class='ocr_par' dir='ltr' id='par_1_40' title="bbox 1982 1289 3474 1367">
     <span class='ocr_line' id='line_1_40' title="bbox 1982 1289 3474 1367; baseline 0.007 -25"><span class='ocrx_word' id='word_1_231' title='bbox 1982 1291 2119 1347; x_wconf 87' lang='lat' dir='ltr'><strong>Deus</strong></span> <span class='ocrx_word' id='word_1_232' title='bbox 2146 1302 2231 1348; x_wconf 88' lang='lat' dir='ltr'><strong>est</strong></span> <span class='ocrx_word' id='word_1_233' title='bbox 2258 1289 2339 1347; x_wconf 82' lang='lat' dir='ltr'><strong>soi</strong></span> <span class='ocrx_word' id='word_1_234' title='bbox 2365 1294 2615 1361; x_wconf 74' lang='lat' dir='ltr'><strong>justitize,</strong></span> <span class='ocrx_word' id='word_1_235' title='bbox 2658 1294 2734 1347; x_wconf 91' lang='lat' dir='ltr'><strong>uti</strong></span> <span class='ocrx_word' id='word_1_236' title='bbox 2782 1296 3045 1364; x_wconf 84' lang='lat' dir='ltr'><strong>scriptum</strong></span> <span class='ocrx_word' id='word_1_237' title='bbox 3090 1304 3192 1362; x_wconf 87' lang='lat' dir='ltr'><strong>est,</strong></span> <span class='ocrx_word' id='word_1_238' title='bbox 3224 1297 3318 1367; x_wconf 90' lang='lat' dir='ltr'><strong>qui</strong></span> <span class='ocrx_word' id='word_1_239' title='bbox 3354 1314 3474 1352; x_wconf 91' lang='lat' dir='ltr'><strong>om-</strong></span> 
     </span>
    </p>
   </div>
   <div class='ocr_carea' id='block_1_41' title="bbox 1910 1382 3477 1455">
    <p class='ocr_par' dir='ltr' id='par_1_41' title="bbox 1910 1382 3477 1455">
     <span class='ocr_line' id='line_1_41' title="bbox 1910 1382 3477 1455; baseline 0.005 -20"><span class='ocrx_word' id='word_1_240' title='bbox 1910 1397 2005 1436; x_wconf 88' lang='lat' dir='ltr'><strong>nes</strong></span> <span class='ocrx_word' id='word_1_241' title='bbox 2052 1382 2309 1437; x_wconf 82' lang='lat' dir='ltr'><strong>bonitatis</strong></span> <span class='ocrx_word' id='word_1_242' title='bbox 2336 1384 2517 1439; x_wconf 89' lang='lat' dir='ltr'><strong>radios</strong></span> <span class='ocrx_word' id='word_1_243' title='bbox 2552 1386 2759 1439; x_wconf 81' lang='lat' dir='ltr'><strong>sincere</strong></span> <span class='ocrx_word' id='word_1_244' title='bbox 2787 1387 3055 1455; x_wconf 80' lang='lat' dir='ltr'><strong>explicat;</strong></span> <span class='ocrx_word' id='word_1_245' title='bbox 3115 1388 3292 1442; x_wconf 85' lang='lat' dir='ltr'><strong>anima</strong></span> <span class='ocrx_word' id='word_1_246' title='bbox 3346 1405 3477 1443; x_wconf 79' lang='lat' dir='ltr'><strong>vero</strong></span> 
     </span>
    </p>
   </div>
   <div class='ocr_carea' id='block_1_42' title="bbox 1908 1473 3475 1548">
    <p class='ocr_par' dir='ltr' id='par_1_42' title="bbox 1908 1473 3475 1548">
     <span class='ocr_line' id='line_1_42' title="bbox 1908 1473 3475 1548; baseline 0.003 -22"><span class='ocrx_word' id='word_1_247' title='bbox 1908 1483 1999 1527; x_wconf 89' lang='lat' dir='ltr'><strong>aut</strong></span> <span class='ocrx_word' id='word_1_248' title='bbox 2025 1488 2170 1538; x_wconf 84' lang='lat' dir='ltr'><strong>cera,</strong></span> <span class='ocrx_word' id='word_1_249' title='bbox 2202 1473 2458 1542; x_wconf 84' lang='lat' dir='ltr'><strong>tauquam</strong></span> <span class='ocrx_word' id='word_1_250' title='bbox 2491 1490 2683 1531; x_wconf 87' lang='lat' dir='ltr'><strong>amans</strong></span> <span class='ocrx_word' id='word_1_251' title='bbox 2716 1475 2830 1540; x_wconf 83' lang='lat' dir='ltr'><strong>Dei,</strong></span> <span class='ocrx_word' id='word_1_252' title='bbox 2877 1478 3161 1533; x_wconf 87' lang='lat' dir='ltr'><strong>autlutum</strong></span> <span class='ocrx_word' id='word_1_253' title='bbox 3222 1490 3475 1548; x_wconf 81' lang='lat' dir='ltr'><strong>tanquam</strong></span> 
     </span>
    </p>
   </div>
   <div class='ocr_carea' id='block_1_43' title="bbox 1908 1558 3479 1634">
    <p class='ocr_par' dir='ltr' id='par_1_43' title="bbox 1908 1558 3479 1634">
     <span class='ocr_line' id='line_1_43' title="bbox 1908 1558 3479 1634; baseline 0.004 -21"><span class='ocrx_word' id='word_1_254' title='bbox 1908 1558 2226 1627; x_wconf 80' lang='lat' dir='ltr'><strong>corporibus</strong></span> <span class='ocrx_word' id='word_1_255' title='bbox 2255 1558 2433 1614; x_wconf 81' lang='lat' dir='ltr'><strong>alIixa.</strong></span> <span class='ocrx_word' id='word_1_256' title='bbox 2484 1561 2951 1625; x_wconf 86' lang='lat' dir='ltr'><strong>Quemadmodum</strong></span> <span class='ocrx_word' id='word_1_257' title='bbox 2985 1579 3132 1633; x_wconf 88' lang='lat' dir='ltr'><strong>ergo_</strong></span> <span class='ocrx_word' id='word_1_258' title='bbox 3180 1565 3353 1620; x_wconf 90' lang='lat' dir='ltr'><strong>lutum</strong></span> <span class='ocrx_word' id='word_1_259' title='bbox 3381 1581 3479 1634; x_wconf 88' lang='lat' dir='ltr'><strong>pro</strong></span> 
     </span>
    </p>
   </div>
   <div class='ocr_carea' id='block_1_44' title="bbox 1908 1653 3479 1718">
    <p class='ocr_par' dir='ltr' id='par_1_44' title="bbox 1908 1653 3479 1718">
     <span class='ocr_line' id='line_1_44' title="bbox 1908 1653 3479 1718; baseline 0.001 -13"><span class='ocrx_word' id='word_1_260' title='bbox 1908 1653 2065 1718; x_wconf 76' lang='lat' dir='ltr'><strong>genio</strong></span> <span class='ocrx_word' id='word_1_261' title='bbox 2112 1661 2321 1707; x_wconf 74' lang='lat' dir='ltr'><strong>naturae</strong></span> <span class='ocrx_word' id='word_1_262' title='bbox 2389 1667 2502 1708; x_wconf 77' lang='lat' dir='ltr'><strong>suae</strong></span> <span class='ocrx_word' id='word_1_263' title='bbox 2561 1655 2676 1709; x_wconf 88' lang='lat' dir='ltr'><strong>sole</strong></span> <span class='ocrx_word' id='word_1_264' title='bbox 2720 1656 3025 1711; x_wconf 77' lang='lat' dir='ltr'><strong>cxsiecatur</strong></span> <span class='ocrx_word' id='word_1_265' title='bbox 3079 1664 3135 1711; x_wconf 89' lang='lat' dir='ltr'><strong>et</strong></span> <span class='ocrx_word' id='word_1_266' title='bbox 3191 1657 3479 1711; x_wconf 67' lang='lat' dir='ltr'><strong>exarescit:</strong></span> 
     </span>
    </p>
   </div>
   <div class='ocr_carea' id='block_1_45' title="bbox 1907 1745 3473 1808">
    <p class='ocr_par' dir='ltr' id='par_1_45' title="bbox 1907 1745 3473 1808">
     <span class='ocr_line' id='line_1_45' title="bbox 1907 1745 3473 1808; baseline 0.003 -11"><span class='ocrx_word' id='word_1_267' title='bbox 1907 1758 2025 1797; x_wconf 86' lang='lat' dir='ltr'><strong>cera</strong></span> <span class='ocrx_word' id='word_1_268' title='bbox 2061 1758 2189 1799; x_wconf 84' lang='lat' dir='ltr'><strong>vero</strong></span> <span class='ocrx_word' id='word_1_269' title='bbox 2218 1745 2505 1808; x_wconf 86' lang='lat' dir='ltr'><strong>mollescit,</strong></span> <span class='ocrx_word' id='word_1_270' title='bbox 2526 1746 2598 1799; x_wconf 91' lang='lat' dir='ltr'><strong>ita</strong></span> <span class='ocrx_word' id='word_1_271' title='bbox 2631 1748 2809 1801; x_wconf 90' lang='lat' dir='ltr'><strong>omnis</strong></span> <span class='ocrx_word' id='word_1_272' title='bbox 2840 1748 3019 1801; x_wconf 85' lang='lat' dir='ltr'><strong>anima</strong></span> <span class='ocrx_word' id='word_1_273' title='bbox 3050 1749 3201 1801; x_wconf 86' lang='lat' dir='ltr'><strong>carni</strong></span> <span class='ocrx_word' id='word_1_274' title='bbox 3230 1756 3284 1802; x_wconf 91' lang='lat' dir='ltr'><strong>et</strong></span> <span class='ocrx_word' id='word_1_275' title='bbox 3310 1763 3473 1802; x_wconf 88' lang='lat' dir='ltr'><strong>mnu-</strong></span> 
     </span>
    </p>
   </div>
   <div class='ocr_carea' id='block_1_46' title="bbox 1905 1835 3475 1907">
    <p class='ocr_par' dir='ltr' id='par_1_46' title="bbox 1905 1835 3475 1907">
     <span class='ocr_line' id='line_1_46' title="bbox 1905 1835 3475 1907; baseline 0.004 -20"><span class='ocrx_word' id='word_1_276' title='bbox 1905 1835 1975 1887; x_wconf 89' lang='lat' dir='ltr'><strong>do</strong></span> <span class='ocrx_word' id='word_1_277' title='bbox 2006 1835 2236 1900; x_wconf 85' lang='lat' dir='ltr'><strong>addicta,</strong></span> <span class='ocrx_word' id='word_1_278' title='bbox 2269 1836 2515 1904; x_wconf 88' lang='lat' dir='ltr'><strong>quamvis</strong></span> <span class='ocrx_word' id='word_1_279' title='bbox 2543 1852 2571 1889; x_wconf 93' lang='lat' dir='ltr'><strong>a</strong></span> <span class='ocrx_word' id='word_1_280' title='bbox 2610 1836 2719 1891; x_wconf 90' lang='lat' dir='ltr'><strong>Deo</strong></span> <span class='ocrx_word' id='word_1_281' title='bbox 2746 1836 3019 1891; x_wconf 89' lang='lat' dir='ltr'><strong>admonita</strong></span> <span class='ocrx_word' id='word_1_282' title='bbox 3065 1838 3169 1893; x_wconf 87' lang='lat' dir='ltr'><strong>seu</strong></span> <span class='ocrx_word' id='word_1_283' title='bbox 3220 1839 3475 1907; x_wconf 88' lang='lat' dir='ltr'><strong>impulsa,</strong></span> 
     </span>
    </p>
   </div>
   <div class='ocr_carea' id='block_1_47' title="bbox 1910 1926 3475 1998">
    <p class='ocr_par' dir='ltr' id='par_1_47' title="bbox 1910 1926 3475 1998">
     <span class='ocr_line' id='line_1_47' title="bbox 1910 1926 3475 1998; baseline 0.004 -21"><span class='ocrx_word' id='word_1_284' title='bbox 1910 1927 2127 1990; x_wconf 87' lang='lat' dir='ltr'><strong>quando</strong></span> <span class='ocrx_word' id='word_1_285' title='bbox 2175 1927 2350 1981; x_wconf 88' lang='lat' dir='ltr'><strong>eidem</strong></span> <span class='ocrx_word' id='word_1_286' title='bbox 2386 1927 2589 1981; x_wconf 85' lang='lat' dir='ltr'><strong>resistit</strong></span> <span class='ocrx_word' id='word_1_287' title='bbox 2617 1934 2670 1981; x_wconf 93' lang='lat' dir='ltr'><strong>et</strong></span> <span class='ocrx_word' id='word_1_288' title='bbox 2698 1926 3017 1998; x_wconf 78' lang='lat' dir='ltr'><strong>refragatur,</strong></span> <span class='ocrx_word' id='word_1_289' title='bbox 3058 1930 3377 1993; x_wconf 85' lang='lat' dir='ltr'><strong>indurescit,</strong></span> <span class='ocrx_word' id='word_1_290' title='bbox 3420 1940 3475 1983; x_wconf 88' lang='lat' dir='ltr'><strong>et</strong></span> 
     </span>
    </p>
   </div>
   <div class='ocr_carea' id='block_1_48' title="bbox 1909 2008 3473 2090">
    <p class='ocr_par' dir='ltr' id='par_1_48' title="bbox 1909 2008 3473 2090">
     <span class='ocr_line' id='line_1_48' title="bbox 1909 2008 3473 2090; baseline 0.004 -21"><span class='ocrx_word' id='word_1_291' title='bbox 1909 2016 2141 2085; x_wconf 82' lang='lat' dir='ltr'><strong>seipsam</strong></span> <span class='ocrx_word' id='word_1_292' title='bbox 2186 2034 2308 2071; x_wconf 91' lang='lat' dir='ltr'><strong>cum</strong></span> <span class='ocrx_word' id='word_1_293' title='bbox 2342 2018 2622 2073; x_wconf 86' lang='lat' dir='ltr'><strong>Pharaone</strong></span> <span class='ocrx_word' id='word_1_294' title='bbox 2650 2008 2703 2073; x_wconf 83' lang='lat' dir='ltr'><strong>in</strong></span> <span class='ocrx_word' id='word_1_295' title='bbox 2752 2021 2977 2074; x_wconf 69' lang='lat' dir='ltr'><strong>exitium</strong></span> <span class='ocrx_word' id='word_1_296' title='bbox 3032 2020 3278 2090; x_wconf 80' lang='lat' dir='ltr'><strong>impellit.</strong></span> <span class='ocrx_word' id='word_1_297' title='bbox 3340 2022 3473 2087; x_wconf 76' lang='lat' dir='ltr'><strong>Qua:</strong></span> 
     </span>
    </p>
   </div>
   <div class='ocr_carea' id='block_1_49' title="bbox 1907 2104 3470 2176">
    <p class='ocr_par' dir='ltr' id='par_1_49' title="bbox 1907 2104 3470 2176">
     <span class='ocr_line' id='line_1_49' title="bbox 1907 2104 3470 2176; baseline 0.003 -17"><span class='ocrx_word' id='word_1_298' title='bbox 1907 2115 2086 2159; x_wconf 82' lang='lat' dir='ltr'><strong>autem</strong></span> <span class='ocrx_word' id='word_1_299' title='bbox 2123 2104 2291 2160; x_wconf 89' lang='lat' dir='ltr'><strong>Deum</strong></span> <span class='ocrx_word' id='word_1_300' title='bbox 2317 2117 2481 2171; x_wconf 85' lang='lat' dir='ltr'><strong>amat,</strong></span> <span class='ocrx_word' id='word_1_301' title='bbox 2513 2117 2770 2176; x_wconf 86' lang='lat' dir='ltr'><strong>tanquam</strong></span> <span class='ocrx_word' id='word_1_302' title='bbox 2798 2124 2922 2164; x_wconf 88' lang='lat' dir='ltr'><strong>cera</strong></span> <span class='ocrx_word' id='word_1_303' title='bbox 2956 2110 3221 2174; x_wconf 86' lang='lat' dir='ltr'><strong>mitescit,</strong></span> <span class='ocrx_word' id='word_1_304' title='bbox 3257 2125 3470 2164; x_wconf 82' lang='lat' dir='ltr'><strong>rerum—</strong></span> 
     </span>
    </p>
   </div>
   <div class='ocr_carea' id='block_1_50' title="bbox 1905 2197 3470 2274">
    <p class='ocr_par' dir='ltr' id='par_1_50' title="bbox 1905 2197 3470 2274">
     <span class='ocr_line' id='line_1_50' title="bbox 1905 2197 3470 2274; baseline 0.004 -25"><span class='ocrx_word' id='word_1_305' title='bbox 1905 2212 2011 2266; x_wconf 89' lang='lat' dir='ltr'><strong>que</strong></span> <span class='ocrx_word' id='word_1_306' title='bbox 2039 2197 2340 2251; x_wconf 84' lang='lat' dir='ltr'><strong>divinarum</strong></span> <span class='ocrx_word' id='word_1_307' title='bbox 2374 2199 2577 2254; x_wconf 82' lang='lat' dir='ltr'><strong>formas</strong></span> <span class='ocrx_word' id='word_1_308' title='bbox 2611 2209 2666 2255; x_wconf 88' lang='lat' dir='ltr'><strong>et</strong></span> <span class='ocrx_word' id='word_1_309' title='bbox 2695 2202 3033 2257; x_wconf 84' lang='lat' dir='ltr'><strong>characteres</strong></span> <span class='ocrx_word' id='word_1_310' title='bbox 3061 2218 3157 2257; x_wconf 91' lang='lat' dir='ltr'><strong>seu</strong></span> <span class='ocrx_word' id='word_1_311' title='bbox 3200 2202 3352 2274; x_wconf 87' lang='lat' dir='ltr'><strong>signa</strong></span> <span class='ocrx_word' id='word_1_312' title='bbox 3388 2217 3470 2256; x_wconf 87' lang='lat' dir='ltr'><strong>re-</strong></span> 
     </span>
    </p>
   </div>
   <div class='ocr_carea' id='block_1_51' title="bbox 1904 2288 3112 2360">
    <p class='ocr_par' dir='ltr' id='par_1_51' title="bbox 1904 2288 3112 2360">
     <span class='ocr_line' id='line_1_51' title="bbox 1904 2288 3112 2360; baseline 0.003 -17"><span class='ocrx_word' id='word_1_313' title='bbox 1904 2288 2053 2359; x_wconf 85' lang='lat' dir='ltr'><strong>cipit,</strong></span> <span class='ocrx_word' id='word_1_314' title='bbox 2112 2291 2245 2344; x_wconf 88' lang='lat' dir='ltr'><strong>etin</strong></span> <span class='ocrx_word' id='word_1_315' title='bbox 2281 2291 2472 2360; x_wconf 87' lang='lat' dir='ltr'><strong>spiritu</strong></span> <span class='ocrx_word' id='word_1_316' title='bbox 2524 2293 2583 2344; x_wconf 88' lang='lat' dir='ltr'><strong>lit</strong></span> <span class='ocrx_word' id='word_1_317' title='bbox 2617 2293 2950 2347; x_wconf 85' lang='lat' dir='ltr'><strong>domicilium</strong></span> <span class='ocrx_word' id='word_1_318' title='bbox 2999 2293 3112 2349; x_wconf 88' lang='lat' dir='ltr'><strong>Dei.</strong></span> 
     </span>
    </p>
   </div>
   <div class='ocr_carea' id='block_1_52' title="bbox 2424 2380 2945 2453">
    <p class='ocr_par' dir='ltr' id='par_1_52' title="bbox 2424 2380 2945 2453">
     <span class='ocr_line' id='line_1_52' title="bbox 2424 2380 2945 2453; baseline 0.008 -19"><span class='ocrx_word' id='word_1_319' title='bbox 2424 2380 2585 2453; x_wconf 65' lang='lat' dir='ltr'><strong>M2</strong></span> <span class='ocrx_word' id='word_1_320' title='bbox 2616 2382 2861 2436; x_wconf 80' lang='lat' dir='ltr'><strong>Scholion</strong></span> <span class='ocrx_word' id='word_1_321' title='bbox 2893 2384 2945 2438; x_wconf 80' lang='grc'><strong>5.</strong></span> 
     </span>
    </p>
   </div>
   <div class='ocr_carea' id='block_1_53' title="bbox 1974 2474 3465 2547">
    <p class='ocr_par' dir='ltr' id='par_1_53' title="bbox 1974 2474 3465 2547">
     <span class='ocr_line' id='line_1_53' title="bbox 1974 2474 3465 2547; baseline 0.004 -20"><span class='ocrx_word' id='word_1_322' title='bbox 1974 2474 2029 2527; x_wconf 92' lang='lat' dir='ltr'><strong>In</strong></span> <span class='ocrx_word' id='word_1_323' title='bbox 2075 2474 2245 2529; x_wconf 89' lang='lat' dir='ltr'><strong>tribus</strong></span> <span class='ocrx_word' id='word_1_324' title='bbox 2293 2475 2455 2530; x_wconf 88' lang='lat' dir='ltr'><strong>rebus</strong></span> <span class='ocrx_word' id='word_1_325' title='bbox 2498 2484 2671 2530; x_wconf 86' lang='lat' dir='ltr'><strong>status</strong></span> <span class='ocrx_word' id='word_1_326' title='bbox 2711 2477 3025 2531; x_wconf 88' lang='lat' dir='ltr'><strong>certantium</strong></span> <span class='ocrx_word' id='word_1_327' title='bbox 3094 2477 3465 2547; x_wconf 81' lang='lat' dir='ltr'><strong>religiosorum</strong></span> 
     </span>
    </p>
   </div>
   <div class='ocr_carea' id='block_1_54' title="bbox 1902 2566 3465 2636">
    <p class='ocr_par' dir='ltr' id='par_1_54' title="bbox 1902 2566 3465 2636">
     <span class='ocr_line' id='line_1_54' title="bbox 1902 2566 3465 2636; baseline 0.001 -15"><span class='ocrx_word' id='word_1_328' title='bbox 1902 2567 2267 2636; x_wconf 79' lang='lat' dir='ltr'><strong>cognoscitur,</strong></span> <span class='ocrx_word' id='word_1_329' title='bbox 2312 2568 2363 2618; x_wconf 92' lang='lat' dir='ltr'><strong>in</strong></span> <span class='ocrx_word' id='word_1_330' title='bbox 2401 2566 2818 2635; x_wconf 83' lang='lat' dir='ltr'><strong>c0gitationibus</strong></span> <span class='ocrx_word' id='word_1_331' title='bbox 2849 2583 3027 2622; x_wconf 91' lang='lat' dir='ltr'><strong>rerum</strong></span> <span class='ocrx_word' id='word_1_332' title='bbox 3055 2570 3306 2624; x_wconf 86' lang='lat' dir='ltr'><strong>sensibus</strong></span> <span class='ocrx_word' id='word_1_333' title='bbox 3334 2572 3465 2623; x_wconf 91' lang='lat' dir='ltr'><strong>sub-</strong></span> 
     </span>
    </p>
   </div>
   <div class='ocr_carea' id='block_1_55' title="bbox 1894 2656 3461 2728">
    <p class='ocr_par' dir='ltr' id='par_1_55' title="bbox 1894 2656 3461 2728">
     <span class='ocr_line' id='line_1_55' title="bbox 1894 2656 3461 2728; baseline 0.002 -17"><span class='ocrx_word' id='word_1_334' title='bbox 1894 2658 2194 2726; x_wconf 82' lang='lat' dir='ltr'><strong>jectarum;</strong></span> <span class='ocrx_word' id='word_1_335' title='bbox 2242 2658 2294 2709; x_wconf 90' lang='lat' dir='ltr'><strong>in</strong></span> <span class='ocrx_word' id='word_1_336' title='bbox 2344 2656 2775 2711; x_wconf 84' lang='lat' dir='ltr'><strong>consideratione</strong></span> <span class='ocrx_word' id='word_1_337' title='bbox 2841 2672 2939 2711; x_wconf 81' lang='lat' dir='ltr'><strong>seu</strong></span> <span class='ocrx_word' id='word_1_338' title='bbox 3006 2660 3461 2728; x_wconf 84' lang='lat' dir='ltr'><strong>contemplatione</strong></span> 
     </span>
    </p>
   </div>
   <div class='ocr_carea' id='block_1_56' title="bbox 1870 2750 2882 2818">
    <p class='ocr_par' dir='ltr' id='par_1_56' title="bbox 1870 2750 2882 2818">
     <span class='ocr_line' id='line_1_56' title="bbox 1870 2750 2882 2818; baseline 0 -15"><span class='ocrx_word' id='word_1_339' title='bbox 1870 2764 2127 2815; x_wconf 77' lang='lat' dir='ltr'><strong>carum;</strong></span> <span class='ocrx_word' id='word_1_340' title='bbox 2170 2761 2223 2804; x_wconf 90' lang='lat' dir='ltr'><strong>et</strong></span> <span class='ocrx_word' id='word_1_341' title='bbox 2261 2752 2314 2804; x_wconf 92' lang='lat' dir='ltr'><strong>in</strong></span> <span class='ocrx_word' id='word_1_342' title='bbox 2363 2752 2573 2805; x_wconf 90' lang='lat' dir='ltr'><strong>ratione</strong></span> <span class='ocrx_word' id='word_1_343' title='bbox 2603 2750 2882 2818; x_wconf 86' lang='lat' dir='ltr'><strong>precandi.</strong></span> 
     </span>
    </p>
   </div>
   <div class='ocr_carea' id='block_1_57' title="bbox 2512 2842 3071 2907">
    <p class='ocr_par' dir='ltr' id='par_1_57' title="bbox 2512 2842 3071 2907">
     <span class='ocr_line' id='line_1_57' title="bbox 2512 2842 3071 2907; baseline 0.013 -14"><span class='ocrx_word' id='word_1_344' title='bbox 2512 2842 2761 2896; x_wconf 72' lang='lat' dir='ltr'><strong>Scholion</strong></span> <span class='ocrx_word' id='word_1_345' title='bbox 2792 2844 2843 2897; x_wconf 75' lang='lat'><strong>6.</strong></span> <span class='ocrx_word' id='word_1_346' title='bbox 3068 2904 3071 2907; x_wconf 29' lang='grc' dir='ltr'><strong>λ</strong></span> 
     </span>
    </p>
   </div>
   <div class='ocr_carea' id='block_1_58' title="bbox 1966 2932 3458 3005">
    <p class='ocr_par' dir='ltr' id='par_1_58' title="bbox 1966 2932 3458 3005">
     <span class='ocr_line' id='line_1_58' title="bbox 1966 2932 3458 3005; baseline 0.002 -19"><span class='ocrx_word' id='word_1_347' title='bbox 1966 2932 2141 2988; x_wconf 86' lang='lat' dir='ltr'><strong>Labor</strong></span> <span class='ocrx_word' id='word_1_348' title='bbox 2186 2949 2279 2988; x_wconf 88' lang='lat' dir='ltr'><strong>seu</strong></span> <span class='ocrx_word' id='word_1_349' title='bbox 2321 2933 2564 3005; x_wconf 82' lang='lat' dir='ltr'><strong>fatigatio</strong></span> <span class='ocrx_word' id='word_1_350' title='bbox 2600 2936 2849 3003; x_wconf 88' lang='lat' dir='ltr'><strong>corporis</strong></span> <span class='ocrx_word' id='word_1_351' title='bbox 2892 2936 3159 2990; x_wconf 85' lang='lat' dir='ltr'><strong>tironibus</strong></span> <span class='ocrx_word' id='word_1_352' title='bbox 3192 2936 3305 2990; x_wconf 84' lang='lat' dir='ltr'><strong>sive</strong></span> <span class='ocrx_word' id='word_1_353' title='bbox 3358 2938 3458 2989; x_wconf 82' lang='lat' dir='ltr'><strong>im-</strong></span> 
     </span>
    </p>
   </div>
   <div class='ocr_carea' id='block_1_59' title="bbox 1897 3026 3456 3095">
    <p class='ocr_par' dir='ltr' id='par_1_59' title="bbox 1897 3026 3456 3095">
     <span class='ocr_line' id='line_1_59' title="bbox 1897 3026 3456 3095; baseline 0.001 -16"><span class='ocrx_word' id='word_1_354' title='bbox 1897 3026 2146 3093; x_wconf 81' lang='lat' dir='ltr'><strong>perfectis</strong></span> <span class='ocrx_word' id='word_1_355' title='bbox 2196 3042 2296 3095; x_wconf 91' lang='lat' dir='ltr'><strong>pro</strong></span> <span class='ocrx_word' id='word_1_356' title='bbox 2324 3034 2479 3081; x_wconf 78' lang='lat' dir='ltr'><strong>aetate</strong></span> <span class='ocrx_word' id='word_1_357' title='bbox 2501 3040 2695 3095; x_wconf 89' lang='lat' dir='ltr'><strong>nempe</strong></span> <span class='ocrx_word' id='word_1_358' title='bbox 2727 3026 2952 3095; x_wconf 89' lang='lat' dir='ltr'><strong>spiritus</strong></span> <span class='ocrx_word' id='word_1_359' title='bbox 2984 3027 3138 3082; x_wconf 84' lang='lat' dir='ltr'><strong>valde</strong></span> <span class='ocrx_word' id='word_1_360' title='bbox 3175 3028 3325 3082; x_wconf 88' lang='lat' dir='ltr'><strong>utilis</strong></span> <span class='ocrx_word' id='word_1_361' title='bbox 3355 3038 3456 3082; x_wconf 87' lang='lat' dir='ltr'><strong>est.</strong></span> 
     </span>
    </p>
   </div>
   <div class='ocr_carea' id='block_1_60' title="bbox 1894 3116 3461 3194">
    <p class='ocr_par' dir='ltr' id='par_1_60' title="bbox 1894 3116 3461 3194">
     <span class='ocr_line' id='line_1_60' title="bbox 1894 3116 3461 3194; baseline 0.001 -24"><span class='ocrx_word' id='word_1_362' title='bbox 1894 3116 2155 3173; x_wconf 84' lang='lat' dir='ltr'><strong>Perfectis</strong></span> <span class='ocrx_word' id='word_1_363' title='bbox 2187 3127 2366 3173; x_wconf 89' lang='lat' dir='ltr'><strong>autem</strong></span> <span class='ocrx_word' id='word_1_364' title='bbox 2398 3132 2827 3194; x_wconf 77' lang='lat' dir='ltr'><strong>supervacaneus</strong></span> <span class='ocrx_word' id='word_1_365' title='bbox 2878 3130 2939 3173; x_wconf 90' lang='lat' dir='ltr'><strong>ut</strong></span> <span class='ocrx_word' id='word_1_366' title='bbox 2987 3120 3185 3188; x_wconf 86' lang='lat' dir='ltr'><strong>quibus</strong></span> <span class='ocrx_word' id='word_1_367' title='bbox 3231 3119 3461 3173; x_wconf 82' lang='lat' dir='ltr'><strong>suﬂiciat</strong></span> 
     </span>
    </p>
   </div>
   <div class='ocr_carea' id='block_1_61' title="bbox 227 3205 1791 3292">
    <p class='ocr_par' dir='ltr' id='par_1_61' title="bbox 227 3205 1787 3277">
     <span class='ocr_line' id='line_1_61' title="bbox 227 3205 1787 3277; baseline 0.001 -19"><span class='ocrx_word' id='word_1_368' title='bbox 227 3205 316 3274; x_wconf 81' lang='grc' dir='ltr'>τῷ</span> <span class='ocrx_word' id='word_1_369' title='bbox 348 3205 424 3256; x_wconf 72' lang='lat' dir='ltr'><strong>vei</strong></span> <span class='ocrx_word' id='word_1_370' title='bbox 444 3205 535 3258; x_wconf 81' lang='grc' dir='ltr'><strong>καὶ</strong></span> <span class='ocrx_word' id='word_1_371' title='bbox 562 3206 639 3275; x_wconf 82' lang='grc' dir='ltr'><strong>τῷ</strong></span> <span class='ocrx_word' id='word_1_372' title='bbox 666 3207 1054 3276; x_wconf 81' lang='grc' dir='ltr'>ἀσχηματίστῳ</span> <span class='ocrx_word' id='word_1_373' title='bbox 1080 3209 1177 3277; x_wconf 85' lang='grc' dir='ltr'>τῆς</span> <span class='ocrx_word' id='word_1_374' title='bbox 1200 3208 1397 3276; x_wconf 73' lang='grc' dir='ltr'>ψυχῆς·</span> <span class='ocrx_word' id='word_1_375' title='bbox 1421 3210 1513 3260; x_wconf 74' lang='grc' dir='ltr'>καὶ</span> <span class='ocrx_word' id='word_1_376' title='bbox 1540 3212 1649 3269; x_wconf 79' lang='grc' dir='ltr'>τοῖς</span> <span class='ocrx_word' id='word_1_377' title='bbox 1690 3210 1787 3277; x_wconf 80' lang='grc' dir='ltr'><strong>μὲν</strong></span> 
     </span>
    </p>
   </div>
   <div class='ocr_carea' id='block_1_62' title="bbox 1893 3205 3455 3292">
    <p class='ocr_par' dir='ltr' id='par_1_62' title="bbox 1893 3209 3455 3278">
     <span class='ocr_line' id='line_1_62' title="bbox 1893 3209 3455 3278; baseline -0.003 -14"><span class='ocrx_word' id='word_1_378' title='bbox 1893 3211 2009 3265; x_wconf 88' lang='lat' dir='ltr'><strong>sola</strong></span> <span class='ocrx_word' id='word_1_379' title='bbox 2054 3222 2252 3274; x_wconf 88' lang='lat' dir='ltr'><strong>mente,</strong></span> <span class='ocrx_word' id='word_1_380' title='bbox 2282 3219 2336 3264; x_wconf 89' lang='lat' dir='ltr'><strong>et</strong></span> <span class='ocrx_word' id='word_1_381' title='bbox 2365 3211 2484 3264; x_wconf 85' lang='lat' dir='ltr'><strong>sine</strong></span> <span class='ocrx_word' id='word_1_382' title='bbox 2507 3209 2695 3264; x_wconf 88' lang='lat' dir='ltr'><strong>formis</strong></span> <span class='ocrx_word' id='word_1_383' title='bbox 2734 3210 3030 3278; x_wconf 79' lang='lat' dir='ltr'><strong>imaginum</strong></span> <span class='ocrx_word' id='word_1_384' title='bbox 3066 3210 3327 3263; x_wconf 84' lang='lat' dir='ltr'><strong>exerceri.</strong></span> <span class='ocrx_word' id='word_1_385' title='bbox 3350 3211 3455 3264; x_wconf 81' lang='lat' dir='ltr'><strong>Sen</strong></span> 
     </span>
    </p>
   </div>
   <div class='ocr_carea' id='block_1_63' title="bbox 227 3291 1786 3367">
    <p class='ocr_par' dir='ltr' id='par_1_63' title="bbox 227 3291 1786 3367">
     <span class='ocr_line' id='line_1_63' title="bbox 227 3291 1786 3367; baseline 0.001 -19"><span class='ocrx_word' id='word_1_386' title='bbox 227 3297 445 3365; x_wconf 75' lang='grc' dir='ltr'>νηπίοις</span> <span class='ocrx_word' id='word_1_387' title='bbox 496 3296 651 3367; x_wconf 81' lang='grc' dir='ltr'>χρεία</span> <span class='ocrx_word' id='word_1_388' title='bbox 700 3299 793 3349; x_wconf 77' lang='grc' dir='ltr'><strong>καὶ</strong></span> <span class='ocrx_word' id='word_1_389' title='bbox 841 3298 1157 3366; x_wconf 80' lang='grc' dir='ltr'>μετανοιὼν,</span> <span class='ocrx_word' id='word_1_390' title='bbox 1207 3300 1300 3349; x_wconf 79' lang='grc' dir='ltr'>καὶ</span> <span class='ocrx_word' id='word_1_391' title='bbox 1341 3291 1537 3367; x_wconf 82' lang='grc' dir='ltr'><strong>χείρῶν</strong></span> <span class='ocrx_word' id='word_1_392' title='bbox 1571 3300 1786 3366; x_wconf 84' lang='grc' dir='ltr'>μακράν</span> 
     </span>
    </p>
   </div>
   <div class='ocr_carea' id='block_1_64' title="bbox 225 3386 1785 3458">
    <p class='ocr_par' dir='ltr' id='par_1_64' title="bbox 225 3386 1785 3458">
     <span class='ocr_line' id='line_1_64' title="bbox 225 3386 1785 3458; baseline 0.001 -19"><span class='ocrx_word' id='word_1_393' title='bbox 225 3386 529 3448; x_wconf 75' lang='grc' dir='ltr'>ἐκτάσεως.</span> <span class='ocrx_word' id='word_1_394' title='bbox 587 3388 679 3439; x_wconf 76' lang='grc' dir='ltr'>καὶ</span> <span class='ocrx_word' id='word_1_395' title='bbox 733 3388 999 3458; x_wconf 84' lang='grc' dir='ltr'>παννύχου</span> <span class='ocrx_word' id='word_1_396' title='bbox 1045 3389 1303 3450; x_wconf 75' lang='grc' dir='ltr'>στάσεως,</span> <span class='ocrx_word' id='word_1_397' title='bbox 1348 3389 1441 3441; x_wconf 79' lang='grc' dir='ltr'>καὶ</span> <span class='ocrx_word' id='word_1_398' title='bbox 1472 3388 1663 3451; x_wconf 72' lang='grc' dir='ltr'>ἄλλων,</span> <span class='ocrx_word' id='word_1_399' title='bbox 1700 3389 1785 3440; x_wconf 82' lang='grc' dir='ltr'>ἵνα</span> 
     </span>
    </p>
   </div>
   <div class='ocr_carea' id='block_1_65' title="bbox 228 3477 1785 3550">
    <p class='ocr_par' dir='ltr' id='par_1_65' title="bbox 228 3477 1785 3550">
     <span class='ocr_line' id='line_1_65' title="bbox 228 3477 1785 3550; baseline 0.001 -21"><span class='ocrx_word' id='word_1_400' title='bbox 228 3477 519 3549; x_wconf 82' lang='grc' dir='ltr'>συνεθισοῇ</span> <span class='ocrx_word' id='word_1_401' title='bbox 545 3478 573 3529; x_wconf 87' lang='grc' dir='ltr'><strong>ὁ</strong></span> <span class='ocrx_word' id='word_1_402' title='bbox 602 3477 722 3541; x_wconf 83' lang='grc' dir='ltr'><strong>νοῦς</strong></span> <span class='ocrx_word' id='word_1_403' title='bbox 750 3478 827 3549; x_wconf 72' lang='grc' dir='ltr'><strong>τῷ</strong></span> <span class='ocrx_word' id='word_1_404' title='bbox 856 3478 1066 3548; x_wconf 85' lang='grc' dir='ltr'>σώματι</span> <span class='ocrx_word' id='word_1_405' title='bbox 1103 3482 1181 3550; x_wconf 77' lang='grc' dir='ltr'>εἰς</span> <span class='ocrx_word' id='word_1_406' title='bbox 1216 3481 1395 3550; x_wconf 75' lang='grc' dir='ltr'>εὐχήν.</span> <span class='ocrx_word' id='word_1_407' title='bbox 1422 3481 1482 3533; x_wconf 88' lang='grc' dir='ltr'><strong>Οἱ</strong></span> <span class='ocrx_word' id='word_1_408' title='bbox 1511 3479 1566 3531; x_wconf 82' lang='grc' dir='ltr'><strong>δὲ</strong></span> <span class='ocrx_word' id='word_1_409' title='bbox 1594 3480 1785 3532; x_wconf 78' lang='grc' dir='ltr'>τέλειοι</span> 
     </span>
    </p>
   </div>
   <div class='ocr_carea' id='block_1_66' title="bbox 223 3570 1785 3641">
    <p class='ocr_par' dir='ltr' id='par_1_66' title="bbox 223 3570 1785 3641">
     <span class='ocr_line' id='line_1_66' title="bbox 223 3570 1785 3641; baseline 0.003 -20"><span class='ocrx_word' id='word_1_410' title='bbox 223 3570 311 3638; x_wconf 79' lang='grc' dir='ltr'>τῷ</span> <span class='ocrx_word' id='word_1_411' title='bbox 346 3570 425 3622; x_wconf 80' lang='grc' dir='ltr'><strong>νοῒ</strong></span> <span class='ocrx_word' id='word_1_412' title='bbox 451 3570 775 3640; x_wconf 82' lang='grc' dir='ltr'>ἀρκούμενοι</span> <span class='ocrx_word' id='word_1_413' title='bbox 806 3572 1002 3641; x_wconf 80' lang='grc' dir='ltr'>μᾶλλον</span> <span class='ocrx_word' id='word_1_414' title='bbox 1026 3572 1300 3625; x_wconf 82' lang='grc' dir='ltr'>ἄπαυστον</span> <span class='ocrx_word' id='word_1_415' title='bbox 1330 3574 1422 3625; x_wconf 79' lang='grc' dir='ltr'><strong>καὶ</strong></span> <span class='ocrx_word' id='word_1_416' title='bbox 1449 3572 1664 3641; x_wconf 73' lang='grc' dir='ltr'>διηνεκῆ</span> <span class='ocrx_word' id='word_1_417' title='bbox 1692 3572 1785 3625; x_wconf 81' lang='grc' dir='ltr'><strong>κὲ-</strong></span> 
     </span>
    </p>
   </div>
   <div class='ocr_carea' id='block_1_67' title="bbox 224 3659 1782 3731">
    <p class='ocr_par' dir='ltr' id='par_1_67' title="bbox 224 3659 1782 3731">
     <span class='ocr_line' id='line_1_67' title="bbox 224 3659 1782 3731; baseline 0.003 -22"><span class='ocrx_word' id='word_1_418' title='bbox 224 3673 460 3726; x_wconf 85' lang='grc' dir='ltr'>κτηνται</span> <span class='ocrx_word' id='word_1_419' title='bbox 504 3660 601 3727; x_wconf 74' lang='grc' dir='ltr'><strong>τὴν</strong></span> <span class='ocrx_word' id='word_1_420' title='bbox 650 3659 831 3731; x_wconf 75' lang='grc' dir='ltr'>εὐχὴν,</span> <span class='ocrx_word' id='word_1_421' title='bbox 876 3662 925 3713; x_wconf 84' lang='grc' dir='ltr'>εἰ</span> <span class='ocrx_word' id='word_1_422' title='bbox 972 3661 1067 3715; x_wconf 79' lang='grc' dir='ltr'>καὶ</span> <span class='ocrx_word' id='word_1_423' title='bbox 1120 3662 1332 3731; x_wconf 83' lang='grc' dir='ltr'>σώματι</span> <span class='ocrx_word' id='word_1_424' title='bbox 1388 3663 1451 3714; x_wconf 78' lang='grc' dir='ltr'><strong>οὐ</strong></span> <span class='ocrx_word' id='word_1_425' title='bbox 1501 3660 1782 3730; x_wconf 76' lang='grc' dir='ltr'>βλέπονταο</span> 
     </span>
    </p>
   </div>
   <div class='ocr_carea' id='block_1_68' title="bbox 222 3750 583 3818">
    <p class='ocr_par' dir='ltr' id='par_1_68' title="bbox 222 3750 583 3818">
     <span class='ocr_line' id='line_1_68' title="bbox 222 3750 583 3818; baseline 0 -19"><span class='ocrx_word' id='word_1_426' title='bbox 222 3750 583 3818; x_wconf 79' lang='grc' dir='ltr'>πράττοντες.</span> 
     </span>
    </p>
   </div>
   <div class='ocr_carea' id='block_1_69' title="bbox 835 3931 1177 4001">
    <p class='ocr_par' dir='ltr' id='par_1_69' title="bbox 835 3931 1177 4001">
     <span class='ocr_line' id='line_1_69' title="bbox 835 3931 1177 4001; baseline 0 -16"><span class='ocrx_word' id='word_1_427' title='bbox 835 3934 880 3985; x_wconf 89' lang='grc' dir='ltr'><strong><em>Σ</em></strong></span> <span class='ocrx_word' id='word_1_428' title='bbox 881 3933 1091 4001; x_wconf 78' lang='grc' dir='ltr'><strong>χόλιον</strong></span> <span class='ocrx_word' id='word_1_429' title='bbox 1115 3931 1177 3991; x_wconf 74' lang='grc' dir='ltr'><strong>ζ’.</strong></span> 
     </span>
    </p>
   </div>
   <div class='ocr_carea' id='block_1_70' title="bbox 310 4012 1784 4096">
    <p class='ocr_par' dir='ltr' id='par_1_70' title="bbox 310 4012 1784 4096">
     <span class='ocr_line' id='line_1_70' title="bbox 310 4012 1784 4096; baseline 0.001 -20"><span class='ocrx_word' id='word_1_430' title='bbox 310 4020 370 4076; x_wconf 85' lang='grc' dir='ltr'><strong>Ὀ</strong></span> <span class='ocrx_word' id='word_1_431' title='bbox 406 4021 535 4086; x_wconf 78' lang='grc' dir='ltr'>Θεὸς</span> <span class='ocrx_word' id='word_1_432' title='bbox 567 4020 689 4075; x_wconf 77' lang='grc' dir='ltr'>οὔτε</span> <span class='ocrx_word' id='word_1_433' title='bbox 717 4023 847 4077; x_wconf 76' lang='grc' dir='ltr'>Θεὸν</span> <span class='ocrx_word' id='word_1_434' title='bbox 886 4025 997 4095; x_wconf 78' lang='grc' dir='ltr'>ἔχει</span> <span class='ocrx_word' id='word_1_435' title='bbox 1029 4012 1088 4078; x_wconf 64' lang='grc' dir='ltr'><strong>ὃν</strong></span> <span class='ocrx_word' id='word_1_436' title='bbox 1124 4023 1507 4096; x_wconf 76' lang='grc' dir='ltr'>φοϐηθήσεται,</span> <span class='ocrx_word' id='word_1_437' title='bbox 1542 4024 1663 4079; x_wconf 68' lang='grc' dir='ltr'>οὔτε</span> <span class='ocrx_word' id='word_1_438' title='bbox 1693 4027 1784 4082; x_wconf 84' lang='grc' dir='ltr'><strong>ἄν-</strong></span> 
     </span>
    </p>
   </div>
   <div class='ocr_carea' id='block_1_71' title="bbox 221 4114 1781 4195">
    <p class='ocr_par' dir='ltr' id='par_1_71' title="bbox 221 4114 1781 4195">
     <span class='ocr_line' id='line_1_71' title="bbox 221 4114 1781 4195; baseline 0.008 -32"><span class='ocrx_word' id='word_1_439' title='bbox 221 4117 463 4183; x_wconf 76' lang='grc' dir='ltr'>θρωπον,</span> <span class='ocrx_word' id='word_1_440' title='bbox 507 4114 566 4166; x_wconf 87' lang='grc' dir='ltr'><strong>ὃν</strong></span> <span class='ocrx_word' id='word_1_441' title='bbox 612 4118 1024 4188; x_wconf 69' lang='grc' dir='ltr'>ἐντραπήσεταιο</span> <span class='ocrx_word' id='word_1_442' title='bbox 1070 4118 1169 4171; x_wconf 83' lang='grc' dir='ltr'>οὐκ</span> <span class='ocrx_word' id='word_1_443' title='bbox 1206 4119 1319 4171; x_wconf 78' lang='grc' dir='ltr'>ἔστι</span> <span class='ocrx_word' id='word_1_444' title='bbox 1360 4121 1781 4195; x_wconf 51' lang='grc' dir='ltr'>προσωποληᾲια</span> 
     </span>
    </p>
   </div>
   <div class='ocr_carea' id='block_1_72' title="bbox 222 4206 1778 4295">
    <p class='ocr_par' dir='ltr' id='par_1_72' title="bbox 222 4206 1778 4295">
     <span class='ocr_line' id='line_1_72' title="bbox 222 4206 1778 4295; baseline 0.004 -37"><span class='ocrx_word' id='word_1_445' title='bbox 222 4210 359 4278; x_wconf 81' lang='grc' dir='ltr'>παρ’</span> <span class='ocrx_word' id='word_1_446' title='bbox 382 4206 546 4274; x_wconf 79' lang='grc' dir='ltr'>αὐτῷ·</span> <span class='ocrx_word' id='word_1_447' title='bbox 575 4208 765 4277; x_wconf 80' lang='grc' dir='ltr'>κριτὴς</span> <span class='ocrx_word' id='word_1_448' title='bbox 782 4209 889 4278; x_wconf 84' lang='grc' dir='ltr'><strong>γάρ</strong></span> <span class='ocrx_word' id='word_1_449' title='bbox 910 4210 1056 4273; x_wconf 81' lang='grc' dir='ltr'>ἐστιν</span> <span class='ocrx_word' id='word_1_450' title='bbox 1076 4211 1287 4274; x_wconf 83' lang='grc' dir='ltr'>ἀδικίας</span> <span class='ocrx_word' id='word_1_451' title='bbox 1310 4213 1403 4265; x_wconf 79' lang='grc' dir='ltr'>καὶ</span> <span class='ocrx_word' id='word_1_452' title='bbox 1422 4212 1778 4295; x_wconf 66' lang='grc' dir='ltr'>δικαιοσύνης,</span> 
     </span>
    </p>
   </div>
   <div class='ocr_carea' id='block_1_73' title="bbox 219 4300 1729 4375">
    <p class='ocr_par' dir='ltr' id='par_1_73' title="bbox 219 4300 1729 4375">
     <span class='ocr_line' id='line_1_73' title="bbox 219 4300 1729 4375; baseline 0.005 -22"><span class='ocrx_word' id='word_1_453' title='bbox 219 4300 505 4354; x_wconf 79' lang='grc' dir='ltr'>τουτέστιν</span> <span class='ocrx_word' id='word_1_454' title='bbox 533 4300 754 4354; x_wconf 62' lang='grc' dir='ltr'>ἀδίκων</span> <span class='ocrx_word' id='word_1_455' title='bbox 778 4300 969 4371; x_wconf 84' lang='grc' dir='ltr'>δικαίῳ</span> <span class='ocrx_word' id='word_1_456' title='bbox 990 4304 1095 4373; x_wconf 86' lang='grc' dir='ltr'><strong>γὰρ</strong></span> <span class='ocrx_word' id='word_1_457' title='bbox 1123 4304 1283 4373; x_wconf 82' lang='grc' dir='ltr'>νόμος</span> <span class='ocrx_word' id='word_1_458' title='bbox 1316 4306 1375 4357; x_wconf 77' lang='grc' dir='ltr'><strong>οὐ</strong></span> <span class='ocrx_word' id='word_1_459' title='bbox 1410 4308 1605 4375; x_wconf 74' lang='grc' dir='ltr'>κεῖται.</span> <span class='ocrx_word' id='word_1_460' title='bbox 1726 4320 1729 4321; x_wconf 65' lang='grc'><strong><em>⁷</em></strong></span> 
     </span>
    </p>
   </div>
   <div class='ocr_carea' id='block_1_74' title="bbox 820 4483 1187 4553">
    <p class='ocr_par' dir='ltr' id='par_1_74' title="bbox 820 4483 1187 4553">
     <span class='ocr_line' id='line_1_74' title="bbox 820 4483 1187 4553; baseline 0.005 -17"><span class='ocrx_word' id='word_1_461' title='bbox 820 4486 865 4536; x_wconf 89' lang='grc' dir='ltr'><em>Σ</em></span> <span class='ocrx_word' id='word_1_462' title='bbox 867 4483 1075 4552; x_wconf 73' lang='grc' dir='ltr'><strong>χόλων</strong></span> <span class='ocrx_word' id='word_1_463' title='bbox 1118 4491 1187 4553; x_wconf 80' lang='grc' dir='ltr'><strong>η’.</strong></span> 
     </span>
    </p>
   </div>
   <div class='ocr_carea' id='block_1_75' title="bbox 1889 3295 3457 3365">
    <p class='ocr_par' dir='ltr' id='par_1_75' title="bbox 1889 3295 3457 3365">
     <span class='ocr_line' id='line_1_75' title="bbox 1889 3295 3457 3365; baseline -0.001 -14"><span class='ocrx_word' id='word_1_464' title='bbox 1889 3296 2175 3351; x_wconf 84' lang='lat' dir='ltr'><strong>tirunculis</strong></span> <span class='ocrx_word' id='word_1_465' title='bbox 2204 3295 2469 3365; x_wconf 81' lang='lat' dir='ltr'><strong>religiosis</strong></span> <span class='ocrx_word' id='word_1_466' title='bbox 2502 3295 2804 3349; x_wconf 89' lang='lat' dir='ltr'><strong>necessaria</strong></span> <span class='ocrx_word' id='word_1_467' title='bbox 2831 3303 2914 3349; x_wconf 90' lang='lat' dir='ltr'><strong>est</strong></span> <span class='ocrx_word' id='word_1_468' title='bbox 2947 3303 2998 3348; x_wconf 90' lang='lat' dir='ltr'><strong>et</strong></span> <span class='ocrx_word' id='word_1_469' title='bbox 3032 3296 3367 3364; x_wconf 77' lang='lat' dir='ltr'><strong>pmnitentia,</strong></span> <span class='ocrx_word' id='word_1_470' title='bbox 3403 3306 3457 3349; x_wconf 79' lang='lat' dir='ltr'><strong>cl.</strong></span> 
     </span>
    </p>
   </div>
   <div class='ocr_carea' id='block_1_76' title="bbox 1886 3384 3455 3457">
    <p class='ocr_par' dir='ltr' id='par_1_76' title="bbox 1886 3384 3455 3457">
     <span class='ocr_line' id='line_1_76' title="bbox 1886 3384 3455 3457; baseline -0.001 -18"><span class='ocrx_word' id='word_1_471' title='bbox 1886 3386 2063 3457; x_wconf 89' lang='lat' dir='ltr'><strong>passis</strong></span> <span class='ocrx_word' id='word_1_472' title='bbox 2091 3386 2184 3439; x_wconf 89' lang='lat' dir='ltr'><strong>diu</strong></span> <span class='ocrx_word' id='word_1_473' title='bbox 2216 3385 2466 3439; x_wconf 87' lang='lat' dir='ltr'><strong>manibus</strong></span> <span class='ocrx_word' id='word_1_474' title='bbox 2493 3384 2772 3456; x_wconf 86' lang='lat' dir='ltr'><strong>(precari),</strong></span> <span class='ocrx_word' id='word_1_475' title='bbox 2804 3392 2858 3437; x_wconf 93' lang='lat' dir='ltr'><strong>et</strong></span> <span class='ocrx_word' id='word_1_476' title='bbox 2888 3393 2999 3438; x_wconf 68' lang='lat' dir='ltr'><strong>tota</strong></span> <span class='ocrx_word' id='word_1_477' title='bbox 3044 3393 3201 3438; x_wconf 88' lang='lat' dir='ltr'><strong>nocte</strong></span> <span class='ocrx_word' id='word_1_478' title='bbox 3227 3384 3455 3453; x_wconf 84' lang='lat' dir='ltr'><strong>pedibus</strong></span> 
     </span>
    </p>
   </div>
   <div class='ocr_carea' id='block_1_77' title="bbox 1885 3473 3453 3546">
    <p class='ocr_par' dir='ltr' id='par_1_77' title="bbox 1885 3473 3453 3546">
     <span class='ocr_line' id='line_1_77' title="bbox 1885 3473 3453 3546; baseline -0.001 -15"><span class='ocrx_word' id='word_1_479' title='bbox 1885 3477 2153 3541; x_wconf 89' lang='lat' dir='ltr'><strong>insistere,</strong></span> <span class='ocrx_word' id='word_1_480' title='bbox 2171 3488 2226 3532; x_wconf 92' lang='lat' dir='ltr'><strong>et</strong></span> <span class='ocrx_word' id='word_1_481' title='bbox 2255 3477 2355 3532; x_wconf 90' lang='lat' dir='ltr'><strong>boc</strong></span> <span class='ocrx_word' id='word_1_482' title='bbox 2379 3493 2549 3546; x_wconf 79' lang='lat' dir='ltr'><strong>genus</strong></span> <span class='ocrx_word' id='word_1_483' title='bbox 2582 3476 2702 3530; x_wconf 88' lang='lat' dir='ltr'><strong>aliis</strong></span> <span class='ocrx_word' id='word_1_484' title='bbox 2734 3476 3005 3546; x_wconf 89' lang='lat' dir='ltr'><strong>(corporis</strong></span> <span class='ocrx_word' id='word_1_485' title='bbox 3028 3473 3453 3541; x_wconf 84' lang='lat' dir='ltr'><strong>alilictionibns),</strong></span> 
     </span>
    </p>
   </div>
   <div class='ocr_carea' id='block_1_78' title="bbox 1886 3569 3452 3637">
    <p class='ocr_par' dir='ltr' id='par_1_78' title="bbox 1886 3569 3452 3637">
     <span class='ocr_line' id='line_1_78' title="bbox 1886 3569 3452 3637; baseline -0.001 -15"><span class='ocrx_word' id='word_1_486' title='bbox 1886 3578 1945 3623; x_wconf 83' lang='lat' dir='ltr'><strong>ut</strong></span> <span class='ocrx_word' id='word_1_487' title='bbox 1992 3578 2273 3624; x_wconf 84' lang='lat' dir='ltr'><strong>assuescat</strong></span> <span class='ocrx_word' id='word_1_488' title='bbox 2315 3585 2468 3623; x_wconf 87' lang='lat' dir='ltr'><strong>mens</strong></span> <span class='ocrx_word' id='word_1_489' title='bbox 2514 3569 2727 3622; x_wconf 88' lang='lat' dir='ltr'><strong>illorum</strong></span> <span class='ocrx_word' id='word_1_490' title='bbox 2754 3569 2967 3634; x_wconf 86' lang='lat' dir='ltr'><strong>corpori</strong></span> <span class='ocrx_word' id='word_1_491' title='bbox 2998 3570 3063 3623; x_wconf 89' lang='lat' dir='ltr'><strong>ad</strong></span> <span class='ocrx_word' id='word_1_492' title='bbox 3094 3582 3282 3637; x_wconf 88' lang='lat' dir='ltr'><strong>preces</strong></span> <span class='ocrx_word' id='word_1_493' title='bbox 3356 3584 3452 3621; x_wconf 76' lang='lat' dir='ltr'><strong>ex-</strong></span> 
     </span>
    </p>
   </div>
   <div class='ocr_carea' id='block_1_79' title="bbox 1884 3657 3454 3728">
    <p class='ocr_par' dir='ltr' id='par_1_79' title="bbox 1884 3657 3454 3728">
     <span class='ocr_line' id='line_1_79' title="bbox 1884 3657 3454 3728; baseline -0.001 -15"><span class='ocrx_word' id='word_1_494' title='bbox 1884 3662 2211 3728; x_wconf 86' lang='lat' dir='ltr'><strong>sequendas.</strong></span> <span class='ocrx_word' id='word_1_495' title='bbox 2235 3658 2465 3713; x_wconf 84' lang='lat' dir='ltr'><strong>Perl‘ecti</strong></span> <span class='ocrx_word' id='word_1_496' title='bbox 2495 3666 2674 3711; x_wconf 78' lang='lat' dir='ltr'><strong>autem</strong></span> <span class='ocrx_word' id='word_1_497' title='bbox 2700 3658 2813 3727; x_wconf 74' lang='lat' dir='ltr'><strong>jam</strong></span> <span class='ocrx_word' id='word_1_498' title='bbox 2843 3658 2947 3711; x_wconf 89' lang='lat' dir='ltr'><strong>sibi</strong></span> <span class='ocrx_word' id='word_1_499' title='bbox 2991 3657 3312 3711; x_wconf 78' lang='lat' dir='ltr'><strong>sufﬁcientes</strong></span> <span class='ocrx_word' id='word_1_500' title='bbox 3337 3675 3454 3711; x_wconf 83' lang='lat' dir='ltr'><strong>ora-</strong></span> 
     </span>
    </p>
   </div>
   <div class='ocr_carea' id='block_1_80' title="bbox 1883 3749 3446 3817">
    <p class='ocr_par' dir='ltr' id='par_1_80' title="bbox 1883 3749 3446 3817">
     <span class='ocr_line' id='line_1_80' title="bbox 1883 3749 3446 3817; baseline 0 -16"><span class='ocrx_word' id='word_1_501' title='bbox 1883 3749 2018 3803; x_wconf 90' lang='lat' dir='ltr'><strong>tioni</strong></span> <span class='ocrx_word' id='word_1_502' title='bbox 2049 3757 2318 3817; x_wconf 68' lang='lat' dir='ltr'><strong>perpetuae</strong></span> <span class='ocrx_word' id='word_1_503' title='bbox 2358 3749 2476 3802; x_wconf 91' lang='lat' dir='ltr'><strong>sine</strong></span> <span class='ocrx_word' id='word_1_504' title='bbox 2530 3749 2637 3802; x_wconf 90' lang='lat' dir='ltr'><strong>ulla</strong></span> <span class='ocrx_word' id='word_1_505' title='bbox 2679 3751 2986 3803; x_wconf 83' lang='lat' dir='ltr'><strong>cessatione</strong></span> <span class='ocrx_word' id='word_1_506' title='bbox 3044 3749 3237 3802; x_wconf 85' lang='lat' dir='ltr'><strong>intenti</strong></span> <span class='ocrx_word' id='word_1_507' title='bbox 3297 3758 3446 3808; x_wconf 86' lang='lat' dir='ltr'><strong>sunt.</strong></span> 
     </span>
    </p>
   </div>
   <div class='ocr_carea' id='block_1_81' title="bbox 1882 3838 3315 3909">
    <p class='ocr_par' dir='ltr' id='par_1_81' title="bbox 1882 3838 3315 3909">
     <span class='ocr_line' id='line_1_81' title="bbox 1882 3838 3315 3909; baseline -0.001 -17"><span class='ocrx_word' id='word_1_508' title='bbox 1882 3839 2128 3909; x_wconf 78' lang='lat' dir='ltr'><strong>quamvis</strong></span> <span class='ocrx_word' id='word_1_509' title='bbox 2156 3838 2209 3893; x_wconf 92' lang='lat' dir='ltr'><strong>id</strong></span> <span class='ocrx_word' id='word_1_510' title='bbox 2235 3839 2342 3894; x_wconf 91' lang='lat' dir='ltr'><strong>situ</strong></span> <span class='ocrx_word' id='word_1_511' title='bbox 2386 3840 2633 3909; x_wconf 88' lang='lat' dir='ltr'><strong>corporis</strong></span> <span class='ocrx_word' id='word_1_512' title='bbox 2663 3856 2772 3895; x_wconf 91' lang='lat' dir='ltr'><strong>non</strong></span> <span class='ocrx_word' id='word_1_513' title='bbox 2803 3840 3088 3895; x_wconf 80' lang='lat' dir='ltr'><strong>videantur</strong></span> <span class='ocrx_word' id='word_1_514' title='bbox 3119 3839 3315 3891; x_wconf 81' lang='lat' dir='ltr'><strong>facere.</strong></span> 
     </span>
    </p>
   </div>
   <div class='ocr_carea' id='block_1_82' title="bbox 2498 3928 2833 3983">
    <p class='ocr_par' dir='ltr' id='par_1_82' title="bbox 2498 3928 2833 3983">
     <span class='ocr_line' id='line_1_82' title="bbox 2498 3928 2833 3983; baseline -0.006 0"><span class='ocrx_word' id='word_1_515' title='bbox 2498 3928 2743 3983; x_wconf 81' lang='lat' dir='ltr'><strong>Scholion</strong></span> <span class='ocrx_word' id='word_1_516' title='bbox 2784 3932 2833 3981; x_wconf 88' lang='lat'><strong>7.</strong></span> 
     </span>
    </p>
   </div>
   <div class='ocr_carea' id='block_1_83' title="bbox 1949 4022 3448 4091">
    <p class='ocr_par' dir='ltr' id='par_1_83' title="bbox 1949 4022 3448 4091">
     <span class='ocr_line' id='line_1_83' title="bbox 1949 4022 3448 4091; baseline -0.003 -14"><span class='ocrx_word' id='word_1_517' title='bbox 1949 4022 2090 4077; x_wconf 84' lang='lat' dir='ltr'><strong>Deus</strong></span> <span class='ocrx_word' id='word_1_518' title='bbox 2122 4036 2297 4090; x_wconf 87' lang='lat' dir='ltr'><strong>neque</strong></span> <span class='ocrx_word' id='word_1_519' title='bbox 2335 4022 2501 4076; x_wconf 87' lang='lat' dir='ltr'><strong>Deum</strong></span> <span class='ocrx_word' id='word_1_520' title='bbox 2567 4022 2729 4074; x_wconf 87' lang='lat' dir='ltr'><strong>habet</strong></span> <span class='ocrx_word' id='word_1_521' title='bbox 2779 4029 2938 4089; x_wconf 87' lang='lat' dir='ltr'><strong>quem</strong></span> <span class='ocrx_word' id='word_1_522' title='bbox 3002 4022 3211 4083; x_wconf 87' lang='lat' dir='ltr'><strong>timeat,</strong></span> <span class='ocrx_word' id='word_1_523' title='bbox 3273 4036 3448 4091; x_wconf 86' lang='lat' dir='ltr'><strong>neque</strong></span> 
     </span>
    </p>
   </div>
   <div class='ocr_carea' id='block_1_84' title="bbox 1881 4111 3449 4187">
    <p class='ocr_par' dir='ltr' id='par_1_84' title="bbox 1881 4111 3449 4187">
     <span class='ocr_line' id='line_1_84' title="bbox 1881 4111 3449 4187; baseline -0.001 -21"><span class='ocrx_word' id='word_1_524' title='bbox 1881 4114 2153 4166; x_wconf 83' lang='lat' dir='ltr'><strong>hominem</strong></span> <span class='ocrx_word' id='word_1_525' title='bbox 2181 4128 2342 4181; x_wconf 90' lang='lat' dir='ltr'><strong>quem</strong></span> <span class='ocrx_word' id='word_1_526' title='bbox 2378 4122 2722 4166; x_wconf 83' lang='lat' dir='ltr'><strong>revereatur:</strong></span> <span class='ocrx_word' id='word_1_527' title='bbox 2763 4111 2942 4165; x_wconf 89' lang='lat' dir='ltr'><strong>nullus</strong></span> <span class='ocrx_word' id='word_1_528' title='bbox 2976 4122 3057 4166; x_wconf 84' lang='lat' dir='ltr'><strong>cst</strong></span> <span class='ocrx_word' id='word_1_529' title='bbox 3094 4112 3234 4179; x_wconf 80' lang='lat' dir='ltr'><strong>apud</strong></span> <span class='ocrx_word' id='word_1_530' title='bbox 3270 4114 3449 4187; x_wconf 60' lang='lat' dir='ltr'><strong>ipsum</strong></span> 
     </span>
    </p>
   </div>
   <div class='ocr_carea' id='block_1_85' title="bbox 1880 4201 3447 4272">
    <p class='ocr_par' dir='ltr' id='par_1_85' title="bbox 1880 4201 3447 4272">
     <span class='ocr_line' id='line_1_85' title="bbox 1880 4201 3447 4272; baseline -0.001 -15"><span class='ocrx_word' id='word_1_531' title='bbox 1880 4211 2157 4272; x_wconf 87' lang='lat' dir='ltr'><strong>respectus</strong></span> <span class='ocrx_word' id='word_1_532' title='bbox 2188 4218 2538 4270; x_wconf 80' lang='lat' dir='ltr'><strong>personarum</strong></span> <span class='ocrx_word' id='word_1_533' title='bbox 2574 4201 2780 4271; x_wconf 81' lang='lat' dir='ltr'><strong>:judex</strong></span> <span class='ocrx_word' id='word_1_534' title='bbox 2811 4203 2955 4257; x_wconf 91' lang='lat' dir='ltr'><strong>cnim</strong></span> <span class='ocrx_word' id='word_1_535' title='bbox 3000 4203 3303 4271; x_wconf 86' lang='lat' dir='ltr'><strong>iniquitatis</strong></span> <span class='ocrx_word' id='word_1_536' title='bbox 3363 4213 3447 4256; x_wconf 84' lang='lat' dir='ltr'><strong>est</strong></span> 
     </span>
    </p>
   </div>
   <div class='ocr_carea' id='block_1_86' title="bbox 1878 4293 3445 4364">
    <p class='ocr_par' dir='ltr' id='par_1_86' title="bbox 1878 4293 3445 4364">
     <span class='ocr_line' id='line_1_86' title="bbox 1878 4293 3445 4364; baseline -0.003 -14"><span class='ocrx_word' id='word_1_537' title='bbox 1878 4305 1933 4350; x_wconf 91' lang='lat' dir='ltr'><strong>et</strong></span> <span class='ocrx_word' id='word_1_538' title='bbox 1978 4293 2221 4363; x_wconf 63' lang='lat' dir='ltr'><strong>justitiae,</strong></span> <span class='ocrx_word' id='word_1_539' title='bbox 2255 4294 2359 4346; x_wconf 88' lang='lat' dir='ltr'><strong>hoc</strong></span> <span class='ocrx_word' id='word_1_540' title='bbox 2400 4302 2503 4357; x_wconf 82' lang='lat' dir='ltr'><strong>est,</strong></span> <span class='ocrx_word' id='word_1_541' title='bbox 2537 4293 2888 4364; x_wconf 82' lang='lat' dir='ltr'><strong>iniquorum:</strong></span> <span class='ocrx_word' id='word_1_542' title='bbox 2945 4293 3099 4346; x_wconf 69' lang='lat' dir='ltr'><strong>mw</strong></span> <span class='ocrx_word' id='word_1_543' title='bbox 3165 4296 3299 4346; x_wconf 81' lang='lat' dir='ltr'><strong>cnim</strong></span> <span class='ocrx_word' id='word_1_544' title='bbox 3362 4295 3445 4347; x_wconf 63' lang='lat' dir='ltr'><strong>(ex</strong></span> 
     </span>
    </p>
   </div>
   <div class='ocr_carea' id='block_1_87' title="bbox 1880 4387 2396 4453">
    <p class='ocr_par' dir='ltr' id='par_1_87' title="bbox 1880 4387 2396 4453">
     <span class='ocr_line' id='line_1_87' title="bbox 1880 4387 2396 4453; baseline 0.008 -16"><span class='ocrx_word' id='word_1_545' title='bbox 1880 4403 1982 4440; x_wconf 83' lang='lat' dir='ltr'><strong>non</strong></span> <span class='ocrx_word' id='word_1_546' title='bbox 2018 4395 2094 4439; x_wconf 82' lang='lat' dir='ltr'><strong>est</strong></span> <span class='ocrx_word' id='word_1_547' title='bbox 2126 4390 2299 4453; x_wconf 73' lang='lat' dir='ltr'><strong>posita</strong></span> <span class='ocrx_word' id='word_1_548' title='bbox 2329 4387 2396 4441; x_wconf 75' lang='grc'><strong>’⁷.</strong></span> 
     </span>
    </p>
   </div>
   <div class='ocr_carea' id='block_1_88' title="bbox 2493 4475 2824 4531">
    <p class='ocr_par' dir='ltr' id='par_1_88' title="bbox 2493 4475 2824 4531">
     <span class='ocr_line' id='line_1_88' title="bbox 2493 4475 2824 4531; baseline -0.003 -1"><span class='ocrx_word' id='word_1_549' title='bbox 2493 4475 2742 4531; x_wconf 79' lang='lat' dir='ltr'><strong>Scholion</strong></span> <span class='ocrx_word' id='word_1_550' title='bbox 2772 4478 2824 4530; x_wconf 90' lang='lat'><strong>8.</strong></span> 
     </span>
    </p>
   </div>
   <div class='ocr_carea' id='block_1_89' title="bbox 299 4566 1791 4646">
    <p class='ocr_par' dir='ltr' id='par_1_89' title="bbox 299 4574 1775 4646">
     <span class='ocr_line' id='line_1_89' title="bbox 299 4574 1775 4646; baseline 0.003 -19"><span class='ocrx_word' id='word_1_551' title='bbox 299 4576 430 4627; x_wconf 79' lang='grc' dir='ltr'><strong>Κατ’</strong></span> <span class='ocrx_word' id='word_1_552' title='bbox 455 4574 763 4643; x_wconf 82' lang='grc' dir='ltr'>οἰκονομίας</span> <span class='ocrx_word' id='word_1_553' title='bbox 793 4575 959 4636; x_wconf 78' lang='grc' dir='ltr'>ἐστὶν,</span> <span class='ocrx_word' id='word_1_554' title='bbox 985 4574 1066 4626; x_wconf 83' lang='grc' dir='ltr'><strong>ὃτι</strong></span> <span class='ocrx_word' id='word_1_555' title='bbox 1107 4576 1135 4626; x_wconf 90' lang='grc' dir='ltr'>ὁ</span> <span class='ocrx_word' id='word_1_556' title='bbox 1169 4574 1298 4636; x_wconf 81' lang='grc' dir='ltr'>Θεὸς</span> <span class='ocrx_word' id='word_1_557' title='bbox 1327 4576 1384 4627; x_wconf 84' lang='grc' dir='ltr'><strong>οὑ</strong></span> <span class='ocrx_word' id='word_1_558' title='bbox 1412 4576 1636 4646; x_wconf 80' lang='grc' dir='ltr'>παρέχει</span> <span class='ocrx_word' id='word_1_559' title='bbox 1665 4583 1775 4644; x_wconf 82' lang='grc' dir='ltr'>τοῖς</span> 
     </span>
    </p>
   </div>
   <div class='ocr_carea' id='block_1_90' title="bbox 1893 4566 3438 4646">
    <p class='ocr_par' dir='ltr' id='par_1_90' title="bbox 1949 4566 3438 4637">
     <span class='ocr_line' id='line_1_90' title="bbox 1949 4566 3438 4637; baseline 0 -15"><span class='ocrx_word' id='word_1_560' title='bbox 1949 4569 2025 4622; x_wconf 76' lang='lat' dir='ltr'><strong>Ex</strong></span> <span class='ocrx_word' id='word_1_561' title='bbox 2052 4566 2234 4622; x_wconf 86' lang='lat' dir='ltr'><strong>divina</strong></span> <span class='ocrx_word' id='word_1_562' title='bbox 2258 4569 2486 4624; x_wconf 88' lang='lat' dir='ltr'><strong>subinde</strong></span> <span class='ocrx_word' id='word_1_563' title='bbox 2509 4567 2909 4637; x_wconf 80' lang='lat' dir='ltr'><strong>diSpensatioue</strong></span> <span class='ocrx_word' id='word_1_564' title='bbox 2942 4567 3021 4632; x_wconf 89' lang='lat' dir='ltr'><strong>lit,</strong></span> <span class='ocrx_word' id='word_1_565' title='bbox 3057 4569 3275 4635; x_wconf 82' lang='lat' dir='ltr'><strong>quando</strong></span> <span class='ocrx_word' id='word_1_566' title='bbox 3298 4567 3438 4623; x_wconf 88' lang='lat' dir='ltr'><strong>Deus</strong></span> 
     </span>
    </p>
   </div>
   <div class='ocr_carea' id='block_1_91' title="bbox 221 4664 1769 4743">
    <p class='ocr_par' dir='ltr' id='par_1_91' title="bbox 221 4664 1769 4743">
     <span class='ocr_line' id='line_1_91' title="bbox 221 4664 1769 4743; baseline 0.003 -25"><span class='ocrx_word' id='word_1_567' title='bbox 221 4664 434 4718; x_wconf 77' lang='grc' dir='ltr'>αἰτοῦσι</span> <span class='ocrx_word' id='word_1_568' title='bbox 461 4664 559 4725; x_wconf 83' lang='grc' dir='ltr'><strong>τὰς</strong></span> <span class='ocrx_word' id='word_1_569' title='bbox 581 4665 818 4733; x_wconf 84' lang='grc' dir='ltr'>χάριτας.</span> <span class='ocrx_word' id='word_1_570' title='bbox 849 4664 1117 4727; x_wconf 75' lang='grc' dir='ltr'>Λαϐόντες</span> <span class='ocrx_word' id='word_1_571' title='bbox 1151 4664 1258 4734; x_wconf 72' lang='grc' dir='ltr'>γὰρ</span> <span class='ocrx_word' id='word_1_572' title='bbox 1287 4664 1544 4743; x_wconf 83' lang='grc' dir='ltr'>πολλάκις</span> <span class='ocrx_word' id='word_1_573' title='bbox 1565 4667 1658 4718; x_wconf 87' lang='grc' dir='ltr'><strong>τοῦ</strong></span> <span class='ocrx_word' id='word_1_574' title='bbox 1684 4670 1769 4721; x_wconf 83' lang='grc' dir='ltr'>δε-</span> 
     </span>
    </p>
   </div>
   <div class='ocr_carea' id='block_1_92' title="bbox 217 4753 1775 4824">
    <p class='ocr_par' dir='ltr' id='par_1_92' title="bbox 217 4753 1775 4824">
     <span class='ocr_line' id='line_1_92' title="bbox 217 4753 1775 4824; baseline 0.002 -16"><span class='ocrx_word' id='word_1_575' title='bbox 217 4756 455 4816; x_wconf 74' lang='grc' dir='ltr'>δωκότος</span> <span class='ocrx_word' id='word_1_576' title='bbox 484 4753 817 4807; x_wconf 81' lang='grc' dir='ltr'>ἐπελάθοντο·</span> <span class='ocrx_word' id='word_1_577' title='bbox 848 4754 923 4817; x_wconf 85' lang='grc' dir='ltr'>ὡς</span> <span class='ocrx_word' id='word_1_578' title='bbox 947 4756 1025 4809; x_wconf 74' lang='grc' dir='ltr'><strong>τόο</strong></span> <span class='ocrx_word' id='word_1_579' title='bbox 1053 4757 1306 4824; x_wconf 63' lang='lat' dir='ltr'><strong>&quot;ligari-2r</strong></span> <span class='ocrx_word' id='word_1_580' title='bbox 1334 4755 1557 4819; x_wconf 80' lang='grc' dir='ltr'>Ἰακὼϐ,</span> <span class='ocrx_word' id='word_1_581' title='bbox 1588 4758 1678 4809; x_wconf 71' lang='grc' dir='ltr'>καὶ</span> <span class='ocrx_word' id='word_1_582' title='bbox 1707 4760 1775 4811; x_wconf 80' lang='grc' dir='ltr'>τὰ</span> 
     </span>
    </p>
   </div>
   <div class='ocr_carea' id='block_1_93' title="bbox 219 4846 1771 4918">
    <p class='ocr_par' dir='ltr' id='par_1_93' title="bbox 219 4846 1771 4918">
     <span class='ocr_line' id='line_1_93' title="bbox 219 4846 1771 4918; baseline 0 -17"><span class='ocrx_word' id='word_1_583' title='bbox 219 4849 372 4917; x_wconf 74' lang='grc' dir='ltr'><strong>ἑξῆς·</strong></span> <span class='ocrx_word' id='word_1_584' title='bbox 420 4847 542 4900; x_wconf 85' lang='grc' dir='ltr'>καί·</span> <span class='ocrx_word' id='word_1_585' title='bbox 588 4846 889 4901; x_wconf 77' lang='grc' dir='ltr'>Ἐκάθισεν</span> <span class='ocrx_word' id='word_1_586' title='bbox 929 4852 963 4901; x_wconf 89' lang='grc' dir='ltr'>ό</span> <span class='ocrx_word' id='word_1_587' title='bbox 1000 4850 1151 4915; x_wconf 77' lang='grc' dir='ltr'>λαὸς</span> <span class='ocrx_word' id='word_1_588' title='bbox 1191 4848 1417 4918; x_wconf 74' lang='grc' dir='ltr'>φαγεῖν,</span> <span class='ocrx_word' id='word_1_589' title='bbox 1456 4850 1551 4903; x_wconf 80' lang='grc' dir='ltr'>καὶ</span> <span class='ocrx_word' id='word_1_590' title='bbox 1593 4851 1771 4916; x_wconf 64' lang='grc' dir='ltr'>πιεῖν,</span> 
     </span>
    </p>
   </div>
   <div class='ocr_carea' id='block_1_94' title="bbox 221 4936 973 5007">
    <p class='ocr_par' dir='ltr' id='par_1_94' title="bbox 221 4936 973 5007">
     <span class='ocr_line' id='line_1_94' title="bbox 221 4936 973 5007; baseline 0.003 -14"><span class='ocrx_word' id='word_1_591' title='bbox 221 4941 323 4993; x_wconf 75' lang='grc' dir='ltr'><strong>καὶ</strong></span> <span class='ocrx_word' id='word_1_592' title='bbox 346 4940 569 5007; x_wconf 84' lang='grc' dir='ltr'>ἀνέστη</span> <span class='ocrx_word' id='word_1_593' title='bbox 595 4936 697 4992; x_wconf 86' lang='grc' dir='ltr'><strong>τοῦ</strong></span> <span class='ocrx_word' id='word_1_594' title='bbox 724 4939 973 5004; x_wconf 63' lang='grc' dir='ltr'>παίζεινι</span> 
     </span>
    </p>
   </div>
   <div class='ocr_carea' id='block_1_95' title="bbox 973 5027 983 5071">
    <p class='ocr_par' dir='ltr' id='par_1_95' title="bbox 973 5027 983 5071">
     <span class='ocr_line' id='line_1_95' title="bbox 973 5027 983 5071; baseline 0 0"><span class='ocrx_word' id='word_1_595' title='bbox 973 5027 983 5071; x_wconf 81' lang='lat' dir='ltr'><strong>l</strong></span> 
     </span>
    </p>
   </div>
   <div class='ocr_carea' id='block_1_96' title="bbox 712 5110 1291 5177">
    <p class='ocr_par' dir='ltr' id='par_1_96' title="bbox 712 5110 1291 5177">
     <span class='ocr_line' id='line_1_96' title="bbox 712 5110 1291 5177; baseline 0.007 -14"><span class='ocrx_word' id='word_1_596' title='bbox 712 5113 756 5163; x_wconf 85' lang='grc' dir='ltr'><strong><em>Σ</em></strong></span> <span class='ocrx_word' id='word_1_597' title='bbox 759 5110 968 5177; x_wconf 79' lang='grc' dir='ltr'><strong>χόλιον</strong></span> <span class='ocrx_word' id='word_1_598' title='bbox 1003 5111 1196 5170; x_wconf 80' lang='grc' dir='ltr'>Ἰσαὰκ</span> <span class='ocrx_word' id='word_1_599' title='bbox 1226 5114 1291 5167; x_wconf 84' lang='grc' dir='ltr'><strong>θ’.</strong></span> 
     </span>
    </p>
   </div>
   <div class='ocr_carea' id='block_1_97' title="bbox 311 5199 1777 5277">
    <p class='ocr_par' dir='ltr' id='par_1_97' title="bbox 311 5199 1777 5277">
     <span class='ocr_line' id='line_1_97' title="bbox 311 5199 1777 5277; baseline 0.006 -26"><span class='ocrx_word' id='word_1_600' title='bbox 311 5199 433 5253; x_wconf 81' lang='grc' dir='ltr'><strong>Ἐὰν</strong></span> <span class='ocrx_word' id='word_1_601' title='bbox 461 5200 655 5271; x_wconf 77' lang='grc' dir='ltr'>δεηθῇς</span> <span class='ocrx_word' id='word_1_602' title='bbox 685 5200 776 5252; x_wconf 87' lang='grc' dir='ltr'><strong>τοῦ</strong></span> <span class='ocrx_word' id='word_1_603' title='bbox 798 5200 931 5253; x_wconf 89' lang='grc' dir='ltr'>Θεοῦ</span> <span class='ocrx_word' id='word_1_604' title='bbox 959 5203 1087 5271; x_wconf 75' lang='grc' dir='ltr'>περὶ</span> <span class='ocrx_word' id='word_1_605' title='bbox 1110 5205 1432 5275; x_wconf 80' lang='grc' dir='ltr'>πράγματος</span> <span class='ocrx_word' id='word_1_606' title='bbox 1461 5206 1551 5258; x_wconf 83' lang='grc' dir='ltr'><strong>καὶ</strong></span> <span class='ocrx_word' id='word_1_607' title='bbox 1577 5224 1777 5277; x_wconf 72' lang='grc' dir='ltr'>μακροο</span> 
     </span>
    </p>
   </div>
   <div class='ocr_carea' id='block_1_98' title="bbox 218 5289 1774 5371">
    <p class='ocr_par' dir='ltr' id='par_1_98' title="bbox 218 5289 1774 5368">
     <span class='ocr_line' id='line_1_98' title="bbox 218 5289 1774 5368; baseline 0.008 -28"><span class='ocrx_word' id='word_1_608' title='bbox 218 5290 441 5359; x_wconf 75' lang='grc' dir='ltr'>Θυμήσῃ</span> <span class='ocrx_word' id='word_1_609' title='bbox 472 5289 567 5342; x_wconf 89' lang='grc' dir='ltr'>τοῦ</span> <span class='ocrx_word' id='word_1_610' title='bbox 598 5290 670 5360; x_wconf 83' lang='grc' dir='ltr'><strong>μὴ</strong></span> <span class='ocrx_word' id='word_1_611' title='bbox 701 5291 906 5368; x_wconf 63' lang='grc' dir='ltr'>ταχέως</span> <span class='ocrx_word' id='word_1_612' title='bbox 936 5292 1236 5347; x_wconf 84' lang='grc' dir='ltr'>ὑπακοῦσαί</span> <span class='ocrx_word' id='word_1_613' title='bbox 1260 5314 1374 5359; x_wconf 84' lang='grc' dir='ltr'>σου,</span> <span class='ocrx_word' id='word_1_614' title='bbox 1399 5297 1472 5367; x_wconf 77' lang='grc' dir='ltr'><strong>μὴ</strong></span> <span class='ocrx_word' id='word_1_615' title='bbox 1501 5296 1691 5351; x_wconf 85' lang='grc' dir='ltr'>λυποῦ·</span> <span class='ocrx_word' id='word_1_616' title='bbox 1712 5302 1774 5353; x_wconf 86' lang='grc' dir='ltr'><strong>οὐ</strong></span> 
     </span>
    </p>
   </div>
   <div class='ocr_carea' id='block_1_99' title="bbox 219 5377 1774 5458">
    <p class='ocr_par' dir='ltr' id='par_1_99' title="bbox 219 5377 1774 5458">
     <span class='ocr_line' id='line_1_99' title="bbox 219 5377 1774 5458; baseline 0.008 -28"><span class='ocrx_word' id='word_1_617' title='bbox 219 5381 333 5449; x_wconf 74' lang='grc' dir='ltr'>γὰρ</span> <span class='ocrx_word' id='word_1_618' title='bbox 370 5377 427 5432; x_wconf 74' lang='grc' dir='ltr'><strong>εἴ</strong></span> <span class='ocrx_word' id='word_1_619' title='bbox 464 5384 528 5433; x_wconf 85' lang='grc' dir='ltr'><strong>σὺ</strong></span> <span class='ocrx_word' id='word_1_620' title='bbox 561 5382 654 5435; x_wconf 89' lang='grc' dir='ltr'>τοῦ</span> <span class='ocrx_word' id='word_1_621' title='bbox 692 5380 824 5435; x_wconf 85' lang='grc' dir='ltr'>Θεοῦ</span> <span class='ocrx_word' id='word_1_622' title='bbox 862 5382 1187 5455; x_wconf 83' lang='grc' dir='ltr'>σοφώτερος·</span> <span class='ocrx_word' id='word_1_623' title='bbox 1218 5387 1451 5441; x_wconf 79' lang='grc' dir='ltr'>τοῦτοδὲ</span> <span class='ocrx_word' id='word_1_624' title='bbox 1490 5388 1774 5458; x_wconf 79' lang='grc' dir='ltr'>συμϐαίνει</span> 
     </span>
    </p>
   </div>
   <div class='ocr_carea' id='block_1_100' title="bbox 220 5472 1771 5553">
    <p class='ocr_par' dir='ltr' id='par_1_100' title="bbox 220 5472 1771 5553">
     <span class='ocr_line' id='line_1_100' title="bbox 220 5472 1771 5553; baseline 0.006 -28"><span class='ocrx_word' id='word_1_625' title='bbox 220 5491 328 5537; x_wconf 86' lang='grc' dir='ltr'>σοι,</span> <span class='ocrx_word' id='word_1_626' title='bbox 360 5472 392 5541; x_wconf 84' lang='grc' dir='ltr'><strong>ἦ</strong></span> <span class='ocrx_word' id='word_1_627' title='bbox 422 5472 510 5525; x_wconf 81' lang='grc' dir='ltr'>διὰ</span> <span class='ocrx_word' id='word_1_628' title='bbox 535 5474 596 5525; x_wconf 82' lang='grc' dir='ltr'>τὸ</span> <span class='ocrx_word' id='word_1_629' title='bbox 624 5474 836 5540; x_wconf 78' lang='grc' dir='ltr'>ἀνάξιον</span> <span class='ocrx_word' id='word_1_630' title='bbox 862 5491 920 5527; x_wconf 84' lang='grc' dir='ltr'><strong>σε</strong></span> <span class='ocrx_word' id='word_1_631' title='bbox 946 5475 1075 5529; x_wconf 79' lang='grc' dir='ltr'>ὄντα</span> <span class='ocrx_word' id='word_1_632' title='bbox 1096 5482 1278 5549; x_wconf 81' lang='grc' dir='ltr'>τυχεῖν</span> <span class='ocrx_word' id='word_1_633' title='bbox 1302 5480 1401 5550; x_wconf 80' lang='grc' dir='ltr'>τῆς</span> <span class='ocrx_word' id='word_1_634' title='bbox 1423 5480 1707 5550; x_wconf 80' lang='grc' dir='ltr'>αἰτήσεως·</span> <span class='ocrx_word' id='word_1_635' title='bbox 1739 5484 1771 5553; x_wconf 82' lang='grc' dir='ltr'>ἦ</span> 
     </span>
    </p>
   </div>
   <div class='ocr_carea' id='block_1_101' title="bbox 216 5558 1774 5642">
    <p class='ocr_par' dir='ltr' id='par_1_101' title="bbox 216 5558 1774 5642">
     <span class='ocr_line' id='line_1_101' title="bbox 216 5558 1774 5642; baseline 0.006 -25"><span class='ocrx_word' id='word_1_636' title='bbox 216 5564 309 5618; x_wconf 73' lang='grc' dir='ltr'>διὰ</span> <span class='ocrx_word' id='word_1_637' title='bbox 339 5565 396 5617; x_wconf 75' lang='grc' dir='ltr'><strong>τὸ</strong></span> <span class='ocrx_word' id='word_1_638' title='bbox 430 5565 505 5634; x_wconf 84' lang='grc' dir='ltr'><strong>μὴ</strong></span> <span class='ocrx_word' id='word_1_639' title='bbox 538 5558 677 5617; x_wconf 76' lang='grc' dir='ltr'>εἶναι</span> <span class='ocrx_word' id='word_1_640' title='bbox 712 5567 809 5629; x_wconf 73' lang='grc' dir='ltr'>τὰς</span> <span class='ocrx_word' id='word_1_641' title='bbox 836 5566 983 5629; x_wconf 80' lang='grc' dir='ltr'>ὁδοὺς</span> <span class='ocrx_word' id='word_1_642' title='bbox 1030 5567 1129 5634; x_wconf 85' lang='grc' dir='ltr'>τῆς</span> <span class='ocrx_word' id='word_1_643' title='bbox 1157 5571 1381 5641; x_wconf 85' lang='grc' dir='ltr'>καρδίας</span> <span class='ocrx_word' id='word_1_644' title='bbox 1413 5588 1505 5624; x_wconf 90' lang='grc' dir='ltr'><strong>σου</strong></span> <span class='ocrx_word' id='word_1_645' title='bbox 1547 5573 1774 5642; x_wconf 76' lang='grc' dir='ltr'>ἐφαμίλ-</span> 
     </span>
    </p>
   </div>
   <div class='ocr_carea' id='block_1_102' title="bbox 217 5656 1773 5735">
    <p class='ocr_par' dir='ltr' id='par_1_102' title="bbox 217 5656 1773 5735">
     <span class='ocr_line' id='line_1_102' title="bbox 217 5656 1773 5735; baseline 0.005 -26"><span class='ocrx_word' id='word_1_646' title='bbox 217 5658 343 5720; x_wconf 70' lang='grc' dir='ltr'>λους</span> <span class='ocrx_word' id='word_1_647' title='bbox 362 5659 475 5718; x_wconf 85' lang='grc' dir='ltr'>τοῖς</span> <span class='ocrx_word' id='word_1_648' title='bbox 492 5656 616 5724; x_wconf 80' lang='grc' dir='ltr'>αἰτή</span> <span class='ocrx_word' id='word_1_649' title='bbox 627 5659 757 5724; x_wconf 86' lang='grc' dir='ltr'>μασί</span> <span class='ocrx_word' id='word_1_650' title='bbox 791 5675 903 5710; x_wconf 91' lang='grc' dir='ltr'>σου·</span> <span class='ocrx_word' id='word_1_651' title='bbox 934 5657 1047 5712; x_wconf 82' lang='grc' dir='ltr'>ἀλλ’</span> <span class='ocrx_word' id='word_1_652' title='bbox 1071 5661 1329 5727; x_wconf 78' lang='grc' dir='ltr'>ἐναντίον,</span> <span class='ocrx_word' id='word_1_653' title='bbox 1349 5664 1387 5735; x_wconf 77' lang='grc' dir='ltr'><strong>ἦ</strong></span> <span class='ocrx_word' id='word_1_654' title='bbox 1404 5663 1491 5717; x_wconf 77' lang='grc' dir='ltr'>διὰ</span> <span class='ocrx_word' id='word_1_655' title='bbox 1518 5662 1577 5716; x_wconf 82' lang='grc' dir='ltr'>τὸ</span> <span class='ocrx_word' id='word_1_656' title='bbox 1608 5665 1773 5734; x_wconf 76' lang='grc' dir='ltr'>μήπω</span> 
     </span>
    </p>
   </div>
   <div class='ocr_carea' id='block_1_103' title="bbox 217 5748 1772 5822">
    <p class='ocr_par' dir='ltr' id='par_1_103' title="bbox 217 5748 1772 5822">
     <span class='ocr_line' id='line_1_103' title="bbox 217 5748 1772 5822; baseline 0.003 -20"><span class='ocrx_word' id='word_1_657' title='bbox 217 5749 512 5815; x_wconf 64' lang='grc' dir='ltr'>ἐφθακέναι</span> <span class='ocrx_word' id='word_1_658' title='bbox 550 5763 609 5797; x_wconf 84' lang='grc' dir='ltr'><strong>σε</strong></span> <span class='ocrx_word' id='word_1_659' title='bbox 664 5748 724 5799; x_wconf 76' lang='grc' dir='ltr'><strong>τὸ</strong></span> <span class='ocrx_word' id='word_1_660' title='bbox 770 5749 961 5820; x_wconf 76' lang='grc' dir='ltr'>μέτρον</span> <span class='ocrx_word' id='word_1_661' title='bbox 1007 5748 1098 5801; x_wconf 87' lang='grc' dir='ltr'>τοῦ</span> <span class='ocrx_word' id='word_1_662' title='bbox 1129 5750 1379 5817; x_wconf 79' lang='grc' dir='ltr'>δέξασθαι</span> <span class='ocrx_word' id='word_1_663' title='bbox 1427 5755 1485 5807; x_wconf 76' lang='grc' dir='ltr'>τὸ</span> <span class='ocrx_word' id='word_1_664' title='bbox 1530 5754 1772 5822; x_wconf 74' lang='grc' dir='ltr'>χάρισμα</span> 
     </span>
    </p>
   </div>
   <div class='ocr_carea' id='block_1_104' title="bbox 284 5879 1423 5956">
    <p class='ocr_par' dir='ltr' id='par_1_104' title="bbox 284 5879 1423 5956">
     <span class='ocr_line' id='line_1_104' title="bbox 284 5879 1423 5956; baseline 0.007 -20"><span class='ocrx_word' id='word_1_665' title='bbox 284 5885 328 5916; x_wconf 81' lang='grc'><strong><em>’⁷</em></strong></span> <span class='ocrx_word' id='word_1_666' title='bbox 391 5883 407 5937; x_wconf 94' lang='grc' dir='ltr'><strong>Ι</strong></span> <span class='ocrx_word' id='word_1_667' title='bbox 448 5879 595 5937; x_wconf 83' lang='lat' dir='ltr'><strong>Titii.</strong></span> <span class='ocrx_word' id='word_1_668' title='bbox 636 5897 673 5945; x_wconf 85' lang='grc' dir='ltr'><strong>ι,</strong></span> <span class='ocrx_word' id='word_1_669' title='bbox 709 5884 755 5936; x_wconf 81' lang='lat' dir='ltr'><strong>‘J.</strong></span> <span class='ocrx_word' id='word_1_670' title='bbox 840 5886 880 5917; x_wconf 61' lang='lat'><strong>&quot;7</strong></span> <span class='ocrx_word' id='word_1_671' title='bbox 906 5884 1046 5941; x_wconf 76' lang='lat' dir='ltr'><strong>Psal.</strong></span> <span class='ocrx_word' id='word_1_672' title='bbox 1087 5902 1307 5956; x_wconf 61' lang='lat' dir='ltr'><strong>Lsxvnt,</strong></span> <span class='ocrx_word' id='word_1_673' title='bbox 1376 5894 1423 5944; x_wconf 74' lang='grc'><strong>7.</strong></span> 
     </span>
    </p>
   </div>
   <div class='ocr_carea' id='block_1_105' title="bbox 1880 4658 3445 4729">
    <p class='ocr_par' dir='ltr' id='par_1_105' title="bbox 1880 4658 3445 4729">
     <span class='ocr_line' id='line_1_105' title="bbox 1880 4658 3445 4729; baseline -0.003 -12"><span class='ocrx_word' id='word_1_674' title='bbox 1880 4678 1985 4717; x_wconf 93' lang='lat' dir='ltr'><strong>non</strong></span> <span class='ocrx_word' id='word_1_675' title='bbox 2018 4660 2241 4729; x_wconf 77' lang='lat' dir='ltr'><strong>largitur</strong></span> <span class='ocrx_word' id='word_1_676' title='bbox 2272 4661 2472 4729; x_wconf 82' lang='lat' dir='ltr'><strong>gratias</strong></span> <span class='ocrx_word' id='word_1_677' title='bbox 2527 4658 2846 4725; x_wconf 88' lang='lat' dir='ltr'><strong>petentibus.</strong></span> <span class='ocrx_word' id='word_1_678' title='bbox 2886 4658 3268 4727; x_wconf 64' lang='lat' dir='ltr'><strong>Saepenumero</strong></span> <span class='ocrx_word' id='word_1_679' title='bbox 3299 4660 3445 4713; x_wconf 87' lang='lat' dir='ltr'><strong>eniut</strong></span> 
     </span>
    </p>
   </div>
   <div class='ocr_carea' id='block_1_106' title="bbox 1880 4751 3437 4823">
    <p class='ocr_par' dir='ltr' id='par_1_106' title="bbox 1880 4751 3437 4823">
     <span class='ocr_line' id='line_1_106' title="bbox 1880 4751 3437 4823; baseline -0.001 -17"><span class='ocrx_word' id='word_1_680' title='bbox 1880 4754 1972 4823; x_wconf 90' lang='lat' dir='ltr'><strong>qui</strong></span> <span class='ocrx_word' id='word_1_681' title='bbox 2018 4764 2341 4822; x_wconf 86' lang='lat' dir='ltr'><strong>acceperunt</strong></span> <span class='ocrx_word' id='word_1_682' title='bbox 2370 4754 2506 4814; x_wconf 90' lang='lat' dir='ltr'><strong>illas,</strong></span> <span class='ocrx_word' id='word_1_683' title='bbox 2539 4751 2931 4805; x_wconf 79' lang='lat' dir='ltr'><strong>obliviscuntur</strong></span> <span class='ocrx_word' id='word_1_684' title='bbox 2986 4754 3261 4822; x_wconf 87' lang='lat' dir='ltr'><strong>largitoris</strong></span> <span class='ocrx_word' id='word_1_685' title='bbox 3329 4753 3437 4805; x_wconf 87' lang='lat' dir='ltr'><strong>sui.</strong></span> 
     </span>
    </p>
   </div>
   <div class='ocr_carea' id='block_1_107' title="bbox 1880 4844 3439 4911">
    <p class='ocr_par' dir='ltr' id='par_1_107' title="bbox 1880 4844 3439 4911">
     <span class='ocr_line' id='line_1_107' title="bbox 1880 4844 3439 4911; baseline -0.001 -13"><span class='ocrx_word' id='word_1_686' title='bbox 1880 4845 2340 4911; x_wconf 78' lang='lat' dir='ltr'><strong>Quemadmodum</strong></span> <span class='ocrx_word' id='word_1_687' title='bbox 2371 4852 2599 4899; x_wconf 88' lang='lat' dir='ltr'><strong>testatur</strong></span> <span class='ocrx_word' id='word_1_688' title='bbox 2643 4844 2811 4899; x_wconf 90' lang='lat' dir='ltr'><strong>illud:</strong></span> <span class='ocrx_word' id='word_1_689' title='bbox 2869 4846 3101 4898; x_wconf 65' lang='lat' dir='ltr'><strong>Contulit</strong></span> <span class='ocrx_word' id='word_1_690' title='bbox 3153 4844 3339 4907; x_wconf 73' lang='lat' dir='ltr'><strong>Iacob,</strong></span> <span class='ocrx_word' id='word_1_691' title='bbox 3385 4855 3439 4897; x_wconf 87' lang='lat' dir='ltr'><strong>et</strong></span> 
     </span>
    </p>
   </div>
   <div class='ocr_carea' id='block_1_108' title="bbox 1879 4935 3436 5007">
    <p class='ocr_par' dir='ltr' id='par_1_108' title="bbox 1879 4935 3436 5007">
     <span class='ocr_line' id='line_1_108' title="bbox 1879 4935 3436 5007; baseline -0.001 -16"><span class='ocrx_word' id='word_1_692' title='bbox 1879 4952 2005 5005; x_wconf 63' lang='lat' dir='ltr'><strong>qua:</strong></span> <span class='ocrx_word' id='word_1_693' title='bbox 2026 4948 2325 5007; x_wconf 84' lang='lat' dir='ltr'><strong>sequuntur</strong></span> <span class='ocrx_word' id='word_1_694' title='bbox 2358 4938 2422 4991; x_wconf 76' lang='grc'><strong>’⁸.</strong></span> <span class='ocrx_word' id='word_1_695' title='bbox 2454 4935 2547 4990; x_wconf 82' lang='lat' dir='ltr'><strong>Et:</strong></span> <span class='ocrx_word' id='word_1_696' title='bbox 2584 4935 2729 4991; x_wconf 64' lang='lat' dir='ltr'><strong>Sedit</strong></span> <span class='ocrx_word' id='word_1_697' title='bbox 2764 4937 2983 5004; x_wconf 80' lang='lat' dir='ltr'><strong>populus</strong></span> <span class='ocrx_word' id='word_1_698' title='bbox 3020 4936 3336 4989; x_wconf 81' lang='lat' dir='ltr'><strong>manducare</strong></span> <span class='ocrx_word' id='word_1_699' title='bbox 3388 4947 3436 4989; x_wconf 80' lang='lat' dir='ltr'><strong>et</strong></span> 
     </span>
    </p>
   </div>
   <div class='ocr_carea' id='block_1_109' title="bbox 1885 5028 2696 5093">
    <p class='ocr_par' dir='ltr' id='par_1_109' title="bbox 1885 5028 2696 5093">
     <span class='ocr_line' id='line_1_109' title="bbox 1885 5028 2696 5093; baseline 0.001 -12"><span class='ocrx_word' id='word_1_700' title='bbox 1885 5030 2073 5093; x_wconf 82' lang='lat' dir='ltr'><strong>bibere,</strong></span> <span class='ocrx_word' id='word_1_701' title='bbox 2107 5041 2154 5083; x_wconf 85' lang='lat' dir='ltr'><strong>et</strong></span> <span class='ocrx_word' id='word_1_702' title='bbox 2183 5030 2405 5082; x_wconf 72' lang='lat' dir='ltr'><strong>surrexit</strong></span> <span class='ocrx_word' id='word_1_703' title='bbox 2428 5028 2605 5082; x_wconf 82' lang='lat' dir='ltr'><strong>ludere</strong></span> <span class='ocrx_word' id='word_1_704' title='bbox 2634 5033 2696 5082; x_wconf 72' lang='grc' dir='ltr'><strong>³ο.</strong></span> 
     </span>
    </p>
   </div>
   <div class='ocr_carea' id='block_1_110' title="bbox 2371 5119 2945 5175">
    <p class='ocr_par' dir='ltr' id='par_1_110' title="bbox 2371 5119 2945 5175">
     <span class='ocr_line' id='line_1_110' title="bbox 2371 5119 2945 5175; baseline -0.003 -1"><span class='ocrx_word' id='word_1_705' title='bbox 2371 5119 2619 5175; x_wconf 83' lang='lat' dir='ltr'><strong>Scholion</strong></span> <span class='ocrx_word' id='word_1_706' title='bbox 2676 5120 2853 5175; x_wconf 80' lang='lat' dir='ltr'><strong>lsaaci</strong></span> <span class='ocrx_word' id='word_1_707' title='bbox 2896 5120 2945 5173; x_wconf 84' lang='lat'><strong>9.</strong></span> 
     </span>
    </p>
   </div>
   <div class='ocr_carea' id='block_1_111' title="bbox 1953 5211 3435 5283">
    <p class='ocr_par' dir='ltr' id='par_1_111' title="bbox 1953 5211 3435 5283">
     <span class='ocr_line' id='line_1_111' title="bbox 1953 5211 3435 5283; baseline -0.002 -15"><span class='ocrx_word' id='word_1_708' title='bbox 1953 5213 2009 5268; x_wconf 84' lang='lat' dir='ltr'><strong>Si</strong></span> <span class='ocrx_word' id='word_1_709' title='bbox 2035 5214 2250 5282; x_wconf 83' lang='lat' dir='ltr'><strong>r&#39;ogatus</strong></span> <span class='ocrx_word' id='word_1_710' title='bbox 2292 5214 2471 5283; x_wconf 85' lang='lat' dir='ltr'><strong>abste</strong></span> <span class='ocrx_word' id='word_1_711' title='bbox 2499 5214 2639 5267; x_wconf 88' lang='lat' dir='ltr'><strong>Deus</strong></span> <span class='ocrx_word' id='word_1_712' title='bbox 2672 5217 2957 5267; x_wconf 85' lang='lat' dir='ltr'><strong>cunctatus</strong></span> <span class='ocrx_word' id='word_1_713' title='bbox 2995 5211 3156 5266; x_wconf 77' lang='lat' dir='ltr'><strong>fuerit</strong></span> <span class='ocrx_word' id='word_1_714' title='bbox 3222 5222 3273 5268; x_wconf 87' lang='lat' dir='ltr'><strong>tc</strong></span> <span class='ocrx_word' id='word_1_715' title='bbox 3327 5223 3435 5266; x_wconf 29' lang='lat' dir='ltr'><strong>sta.</strong></span> 
     </span>
    </p>
   </div>
   <div class='ocr_carea' id='block_1_112' title="bbox 1880 5304 3431 5374">
    <p class='ocr_par' dir='ltr' id='par_1_112' title="bbox 1880 5304 3431 5374">
     <span class='ocr_line' id='line_1_112' title="bbox 1880 5304 3431 5374; baseline -0.003 -16"><span class='ocrx_word' id='word_1_716' title='bbox 1880 5305 1975 5358; x_wconf 92' lang='lat' dir='ltr'><strong>tim</strong></span> <span class='ocrx_word' id='word_1_717' title='bbox 2016 5305 2289 5368; x_wconf 83' lang='lat' dir='ltr'><strong>exaudire,</strong></span> <span class='ocrx_word' id='word_1_718' title='bbox 2324 5322 2429 5359; x_wconf 86' lang='lat' dir='ltr'><strong>non</strong></span> <span class='ocrx_word' id='word_1_719' title='bbox 2458 5315 2541 5359; x_wconf 88' lang='lat' dir='ltr'><strong>est</strong></span> <span class='ocrx_word' id='word_1_720' title='bbox 2585 5304 2729 5371; x_wconf 90' lang='lat' dir='ltr'><strong>quod</strong></span> <span class='ocrx_word' id='word_1_721' title='bbox 2763 5305 3034 5371; x_wconf 83' lang='lat' dir='ltr'><strong>aﬂiigarc:</strong></span> <span class='ocrx_word' id='word_1_722' title='bbox 3072 5320 3245 5374; x_wconf 82' lang='lat' dir='ltr'><strong>neque</strong></span> <span class='ocrx_word' id='word_1_723' title='bbox 3290 5305 3431 5357; x_wconf 80' lang='lat' dir='ltr'><strong>enim</strong></span> 
     </span>
    </p>
   </div>
   <div class='ocr_carea' id='block_1_113' title="bbox 1877 5394 3427 5465">
    <p class='ocr_par' dir='ltr' id='par_1_113' title="bbox 1877 5394 3427 5465">
     <span class='ocr_line' id='line_1_113' title="bbox 1877 5394 3427 5465; baseline -0.003 -16"><span class='ocrx_word' id='word_1_724' title='bbox 1877 5408 1934 5449; x_wconf 86' lang='lat' dir='ltr'><strong>tu</strong></span> <span class='ocrx_word' id='word_1_725' title='bbox 1975 5395 2083 5450; x_wconf 87' lang='lat' dir='ltr'><strong>Deo</strong></span> <span class='ocrx_word' id='word_1_726' title='bbox 2134 5398 2427 5465; x_wconf 88' lang='lat' dir='ltr'><strong>sapientior</strong></span> <span class='ocrx_word' id='word_1_727' title='bbox 2450 5411 2529 5449; x_wconf 89' lang='lat' dir='ltr'><strong>es.</strong></span> <span class='ocrx_word' id='word_1_728' title='bbox 2580 5395 2691 5448; x_wconf 81' lang='lat' dir='ltr'><strong>Hoc</strong></span> <span class='ocrx_word' id='word_1_729' title='bbox 2739 5406 2917 5447; x_wconf 78' lang='lat' dir='ltr'><strong>autem</strong></span> <span class='ocrx_word' id='word_1_730' title='bbox 2967 5396 3061 5449; x_wconf 87' lang='lat' dir='ltr'><strong>tibi</strong></span> <span class='ocrx_word' id='word_1_731' title='bbox 3116 5413 3216 5451; x_wconf 89' lang='lat' dir='ltr'><strong>usu</strong></span> <span class='ocrx_word' id='word_1_732' title='bbox 3268 5394 3427 5452; x_wconf 72' lang='lat' dir='ltr'><strong>venit,</strong></span> 
     </span>
    </p>
   </div>
   <div class='ocr_carea' id='block_1_114' title="bbox 1875 5487 3430 5558">
    <p class='ocr_par' dir='ltr' id='par_1_114' title="bbox 1875 5487 3430 5558">
     <span class='ocr_line' id='line_1_114' title="bbox 1875 5487 3430 5558; baseline -0.002 -16"><span class='ocrx_word' id='word_1_733' title='bbox 1875 5490 2018 5557; x_wconf 87' lang='lat' dir='ltr'><strong>quod</strong></span> <span class='ocrx_word' id='word_1_734' title='bbox 2080 5502 2171 5543; x_wconf 87' lang='lat' dir='ltr'><strong>aut</strong></span> <span class='ocrx_word' id='word_1_735' title='bbox 2200 5491 2450 5558; x_wconf 76' lang='lat' dir='ltr'><strong>indignus</strong></span> <span class='ocrx_word' id='word_1_736' title='bbox 2496 5488 2571 5541; x_wconf 86' lang='lat' dir='ltr'><strong>sis</strong></span> <span class='ocrx_word' id='word_1_737' title='bbox 2603 5498 2659 5540; x_wconf 85' lang='lat' dir='ltr'><strong>ut</strong></span> <span class='ocrx_word' id='word_1_738' title='bbox 2717 5498 2841 5539; x_wconf 84' lang='lat' dir='ltr'><strong>voto</strong></span> <span class='ocrx_word' id='word_1_739' title='bbox 2890 5490 3134 5557; x_wconf 86' lang='lat' dir='ltr'><strong>potiaris,</strong></span> <span class='ocrx_word' id='word_1_740' title='bbox 3186 5496 3276 5540; x_wconf 87' lang='lat' dir='ltr'><strong>aut</strong></span> <span class='ocrx_word' id='word_1_741' title='bbox 3334 5487 3430 5539; x_wconf 76' lang='lat' dir='ltr'><strong>via:</strong></span> 
     </span>
    </p>
   </div>
   <div class='ocr_carea' id='block_1_115' title="bbox 1876 5576 3427 5647">
    <p class='ocr_par' dir='ltr' id='par_1_115' title="bbox 1876 5576 3427 5647">
     <span class='ocr_line' id='line_1_115' title="bbox 1876 5576 3427 5647; baseline -0.002 -14"><span class='ocrx_word' id='word_1_742' title='bbox 1876 5576 2054 5633; x_wconf 85' lang='lat' dir='ltr'><strong>cordis</strong></span> <span class='ocrx_word' id='word_1_743' title='bbox 2100 5580 2177 5633; x_wconf 92' lang='lat' dir='ltr'><strong>tui</strong></span> <span class='ocrx_word' id='word_1_744' title='bbox 2214 5594 2319 5635; x_wconf 92' lang='lat' dir='ltr'><strong>non</strong></span> <span class='ocrx_word' id='word_1_745' title='bbox 2356 5578 2716 5647; x_wconf 82' lang='lat' dir='ltr'><strong>respondeant</strong></span> <span class='ocrx_word' id='word_1_746' title='bbox 2748 5580 2993 5647; x_wconf 88' lang='lat' dir='ltr'><strong>petitioni</strong></span> <span class='ocrx_word' id='word_1_747' title='bbox 3026 5589 3147 5638; x_wconf 70' lang='lat' dir='ltr'><strong>tum,</strong></span> <span class='ocrx_word' id='word_1_748' title='bbox 3208 5577 3299 5630; x_wconf 86' lang='lat' dir='ltr'><strong>sed</strong></span> <span class='ocrx_word' id='word_1_749' title='bbox 3342 5591 3427 5630; x_wconf 85' lang='lat' dir='ltr'><strong>re-</strong></span> 
     </span>
    </p>
   </div>
   <div class='ocr_carea' id='block_1_116' title="bbox 1878 5667 3430 5739">
    <p class='ocr_par' dir='ltr' id='par_1_116' title="bbox 1878 5667 3430 5739">
     <span class='ocr_line' id='line_1_116' title="bbox 1878 5667 3430 5739; baseline 0 -18"><span class='ocrx_word' id='word_1_750' title='bbox 1878 5678 2135 5739; x_wconf 83' lang='lat' dir='ltr'><strong>pugnent,</strong></span> <span class='ocrx_word' id='word_1_751' title='bbox 2173 5679 2269 5725; x_wconf 85' lang='lat' dir='ltr'><strong>ant</strong></span> <span class='ocrx_word' id='word_1_752' title='bbox 2306 5672 2449 5738; x_wconf 90' lang='lat' dir='ltr'><strong>quod</strong></span> <span class='ocrx_word' id='word_1_753' title='bbox 2508 5670 2745 5723; x_wconf 85' lang='lat' dir='ltr'><strong>nondum</strong></span> <span class='ocrx_word' id='word_1_754' title='bbox 2779 5671 2844 5725; x_wconf 88' lang='lat' dir='ltr'><strong>ad</strong></span> <span class='ocrx_word' id='word_1_755' title='bbox 2908 5672 3052 5723; x_wconf 90' lang='lat' dir='ltr'><strong>illum</strong></span> <span class='ocrx_word' id='word_1_756' title='bbox 3093 5667 3317 5737; x_wconf 80' lang='lat' dir='ltr'><strong>gradum</strong></span> <span class='ocrx_word' id='word_1_757' title='bbox 3377 5677 3430 5721; x_wconf 75' lang='lat' dir='ltr'><strong>et</strong></span> 
     </span>
    </p>
   </div>
   <div class='ocr_carea' id='block_1_117' title="bbox 1879 5759 3426 5828">
    <p class='ocr_par' dir='ltr' id='par_1_117' title="bbox 1879 5759 3426 5828">
     <span class='ocr_line' id='line_1_117' title="bbox 1879 5759 3426 5828; baseline -0.001 -14"><span class='ocrx_word' id='word_1_758' title='bbox 1879 5761 2093 5815; x_wconf 86' lang='lat' dir='ltr'><strong>modum</strong></span> <span class='ocrx_word' id='word_1_759' title='bbox 2128 5761 2339 5816; x_wconf 78' lang='lat' dir='ltr'><strong>virtutis</strong></span> <span class='ocrx_word' id='word_1_760' title='bbox 2371 5762 2699 5827; x_wconf 69' lang='lat' dir='ltr'><strong>perveneris,</strong></span> <span class='ocrx_word' id='word_1_761' title='bbox 2736 5770 2791 5815; x_wconf 91' lang='lat' dir='ltr'><strong>ut</strong></span> <span class='ocrx_word' id='word_1_762' title='bbox 2818 5762 2958 5817; x_wconf 77' lang='lat' dir='ltr'><strong>illam</strong></span> <span class='ocrx_word' id='word_1_763' title='bbox 3011 5759 3237 5828; x_wconf 77' lang='lat' dir='ltr'><strong>gratiam</strong></span> <span class='ocrx_word' id='word_1_764' title='bbox 3285 5760 3426 5813; x_wconf 85' lang='lat' dir='ltr'><strong>acci-</strong></span> 
     </span>
    </p>
   </div>
   <div class='ocr_carea' id='block_1_118' title="bbox 1504 5887 2516 5960">
    <p class='ocr_par' dir='ltr' id='par_1_118' title="bbox 1504 5887 2516 5960">
     <span class='ocr_line' id='line_1_118' title="bbox 1504 5887 2516 5960; baseline 0.008 -20"><span class='ocrx_word' id='word_1_765' title='bbox 1504 5894 1544 5918; x_wconf 57' lang='grc' dir='ltr'><strong>ν’</strong></span> <span class='ocrx_word' id='word_1_766' title='bbox 1610 5887 1777 5960; x_wconf 71' lang='lat' dir='ltr'><strong>Exod.</strong></span> <span class='ocrx_word' id='word_1_767' title='bbox 1832 5907 2001 5956; x_wconf 76' lang='lat' dir='ltr'><strong>xxx”.</strong></span> <span class='ocrx_word' id='word_1_768' title='bbox 2058 5897 2088 5951; x_wconf 67' lang='lat' dir='ltr'><strong>li</strong></span> <span class='ocrx_word' id='word_1_769' title='bbox 2120 5914 2134 5960; x_wconf 83' lang='lat'><strong>;</strong></span> <span class='ocrx_word' id='word_1_770' title='bbox 2171 5895 2186 5948; x_wconf 90' lang='lat' dir='ltr'><strong>l</strong></span> <span class='ocrx_word' id='word_1_771' title='bbox 2219 5899 2339 5951; x_wconf 74' lang='lat' dir='ltr'><strong>Lor.</strong></span> <span class='ocrx_word' id='word_1_772' title='bbox 2372 5912 2424 5959; x_wconf 64' lang='grc' dir='ltr'>χ,</span> <span class='ocrx_word' id='word_1_773' title='bbox 2467 5896 2516 5949; x_wconf 83' lang='lat'><strong>7.</strong></span> 
     </span>
    </p>
   </div>
  </div>
