4032 6340
661 404 797 478 1113

651 612 861 674 tempus
901 609 1157 666 all'ectare
1181 613 1387 682 majora
1413 616 1654 672 humeris
1693 620 1830 684 suis,
1861 636 1930 675 ne
1968 621 2060 676 Dei
2106 640 2225 677 mu-

653 713 757 751 nus
815 699 888 753 ob
968 702 1298 759 celeritatem
1363 707 1763 777 impetrationis
1822 722 2223 769 contemnatur.

650 790 923 863 Quidquid
964 797 1109 851 enim
1135 797 1294 854 facile
1325 803 1646 871 acquiritur,
1713 807 1824 862 cito
1884 809 2044 877 perit.
2117 809 2224 865 lles

650 895 828 938 autem
867 903 973 941 nou
1005 890 1124 944 siue
1163 892 1333 948 animi
1376 892 1564 950 labore
1600 910 1777 966 parta,
1837 915 2028 971 magna
2094 917 2224 956 cura

651 980 955 1034 custoditur
987 996 1040 1036 et
1071 995 1342 1039 servatur.

1246 1074 1496 1131 Scholion
1523 1079 1610 1132 10.

718 1163 820 1228 Qui
853 1180 1010 1219 usum
1050 1167 1213 1221 habet
1243 1171 1576 1236 precandi...

1133 1257 1299 1330 443
1343 1260 1592 1316 Scholion
1644 1264 1664 1317 1
1683 1264 1729 1317 1.

718 1353 986 1406 Privatam
1039 1356 1364 1423 orationem)
1422 1355 1566 1424 quod
1608 1358 1888 1426 ego'mille
1938 1361 2223 1428 perturba-

651 1443 890 1499 tionibus
915 1447 1218 1517 exagitatus
1253 1451 1502 1519 cognovi.

1262 1539 1507 1595 Scholion
1557 1542 1645 1598 12.

716 1628 853 1684 lluic
901 1611 1030 1684 vero
1082 1647 1200 1700 qua:
1246 1632 1297 1684 in
1340 1633 1641 1688 multorum
1693 1644 1839 1690 cmtu
1889 1635 2002 1690 ﬁeri
2058 1638 2222 1707 solet)

648 1719 791 1786 quod
857 1734 957 1788 ego
1034 1721 1250 1788 quidem
1331 1738 1440 1777 non
1513 1737 1638 1777 sum
1730 1735 2035 1794 expertus,
2128 1728 2221 1782 sed

649 1811 830 1865 credo.

1241 1904 1488 1960 Scholion
1538 1909 1626 1963 15.

716 2000 818 2065 Qui
858 2015 925 2054 ex
956 2001 1273 2069 praescripto
1302 1999 1394 2054 Dei
1428 2001 1610 2054 vivere
1654 2001 1914 2067 decrevit,
1977 2005 2046 2060 ab
2102 2020 2224 2061 om-

647 2092 702 2146 ni
771 2092 848 2146 ira
886 2092 1141 2148 liberatus
1169 2099 1273 2148 est.
1305 2107 1407 2147 nec
1436 2093 1608 2148 ullum
1651 2095 1878 2149 omnino
1907 2096 2222 2152 mortalium

647 2185 772 2240 odio
800 2186 1164 2256 prosequitur.

1238 2275 1490 2331 Scholion
1535 2278 1619 2334 14.

714 2367 884 2432 Meus,
924 2369 1118 2437 inquit,
1150 2369 1417 2425 charitate
1477 2370 1723 2436 dilatata,
1749 2371 1816 2424 ad
1881 2387 2006 2425 eum
2058 2387 2219 2426 versa

643 2461 734 2529 qui
789 2461 880 2514 dat
907 2463 1213 2529 petentibus
1237 2477 1360 2530 quae
1393 2471 1710 2534 precantur,
1745 2473 1799 2518 et
1821 2463 1890 2517 ab
1920 2463 2013 2518 illo
2039 2463 2218 2519 amata

641 2555 709 2604 de
740 2552 920 2606 verbis
948 2567 1170 2620 precum
1221 2555 1289 2607 ab
1324 2569 1384 2608 se
1417 2555 1532 2624 ipsa
1569 2554 1905 2624 proferendis
1971 2571 2079 2611 nou
2138 2567 2222 2611 est

643 2644 896 2708 sollicita,
947 2659 1069 2713 quae
1096 2646 1187 2714 qui
1217 2646 1364 2700 facto
1425 2646 1543 2718 ipso
1597 2658 1851 2718 expertus
1888 2657 1991 2715 est,
2057 2650 2218 2704 verba

644 2737 866 2804 insuper
898 2735 1078 2799 habet,
1121 2737 1418 2793 bonitatem
1491 2740 1778 2805 orationis,
1822 2755 1929 2794 non
1973 2756 2038 2795 ex
2095 2754 2222 2810 pro-

643 2828 850 2881 lixitatc
879 2827 1192 2882 aestimabit.

1169 2959 1173 2962 η
1240 2921 1491 3003 Scholion
1516 2924 1601 2978 15.

707 3013 1033 3073 Precaturus
1085 3018 1194 3072 noli
1231 3018 1415 3072 divina
1446 3032 1571 3072 cum
1620 3017 1877 3070 humanis
1900 3025 1954 3070 et
1982 3014 2220 3072 sensibi-

641 3108 787 3162 libus
840 3125 1190 3180 comparare,
1219 3126 1284 3164 ne
1319 3125 1350 3162 a
1374 3120 1522 3165 recta
1577 3109 1838 3178 opinione
1861 3109 1938 3177 (et
1965 3107 2092 3176 ﬁde)
2121 3121 2217 3162 ex-

637 3199 809 3254 eidas.

1187 3362 1192 3368 .
1235 3290 1488 3346 Scholion
1522 3290 1612 3345 16.

705 3381 1203 3438 Clausistiviseera
1244 3391 1333 3438 tua
1389 3397 1422 3437 a
1485 3379 1898 3444 benefaciendo,
1965 3381 2214 3436 claudam

636 3485 690 3530 ct
717 3490 818 3545 ego
844 3477 998 3530 sinus
1030 3475 1377 3546 indulgentiae
1400 3491 1499 3532 seu
1519 3479 1691 3531 venia:
1713 3477 1766 3529 iu
1812 3486 2056 3546 tempore
2095 3477 2216 3532 vin-

636 3568 790 3623 diem
819 3577 874 3623 et
914 3569 1165 3639 supplicii
1195 3570 1296 3624 tui.
1695 3572 1698 3575 ’
1845 3587 1848 3590 θ

886 3663 890 3667 ’
1327 3661 1506 3715 Aliud.

705 3752 1024 3810 Benelacias
1061 3755 1174 3825 pio,
1201 3763 1257 3809 et
1287 3755 1518 3823 recipies
1545 3755 2069 3823 compensationem.

1245 3864 1248 3867 ·
1336 3848 1520 3900 Aliud.

705 3940 845 4006 Quid
884 3941 1203 4011 lacrymaris
1246 3939 1389 3995 inter
1431 3954 1641 4010 preces,
1676 3954 1800 3994 cum
1849 3940 1966 4007 ipse
2035 3940 2182 4009 laery

636 4047 756 4087 mas
805 4033 1064 4103 pauperis
1099 4033 1352 4098 intuitus,
1390 4032 1455 4087 ad
1493 4030 1920 4086 misericordiam
1951 4045 2058 4084 non
2099 4045 2216 4084 mo-

635 4125 817 4179 vearis
837 4125 861 4175 ?
1085 4151 1090 4157 -
1269 4129 1274 4142 ³

794 4229 796 4231 ’
1125 4283 1134 4288 _
1330 4216 1510 4272 Aliud.

703 4309 989 4378 Quomodo
1019 4312 1163 4364 Deus
1199 4310 1545 4365 miserebitur
1573 4307 1698 4361 tui?
1724 4305 2067 4361 Precationis
2112 4309 2214 4360 alae

635 4413 762 4459 sunt
815 4404 1198 4475 eleemosyna:
1229 4401 1276 4456 si
1325 4401 1577 4471 precibus
1623 4399 1731 4455 tuis
1778 4400 1892 4454 alas
1936 4414 2044 4454 non
2117 4398 2212 4452 ad-

633 4496 857 4562 dideris,
916 4496 1119 4551 caelum
1143 4502 1329 4564 petere
1375 4508 1482 4548 non
1514 4501 1781 4562 possunt:
1820 4492 1908 4547 ubi
1943 4505 2074 4546 vero
2096 4489 2212 4544 lue-
2245 4538 2251 4564 ί

636 4589 743 4643 rint
775 4589 950 4652 alam,
989 4591 1046 4642 in
1111 4590 1312 4643 emtum
1354 4585 1670 4640 evolabunt.
1741 4583 2209 4650 Quemadmodum

632 4683 776 4736 enim
808 4681 949 4751 ignis
998 4680 1117 4734 oleo
1147 4679 1440 4735 destitutus
1465 4677 1856 4746 exstinguitur,
1908 4679 1982 4730 ita
2014 4689 2206 4745 preces

634 4775 838 4843 absque
894 4774 1240 4840 eleemosyna
1279 4779 1639 4825 evanescunt.

1233 4861 1484 4915 Scholion
1512 4860 1601 4913 17.

703 4957 836 5024 Quae
908 4965 1231 5025 sequuntur,
1299 4963 1428 5008 sunt
1490 4950 1703 5007 fruetus
1759 4952 2090 5017 tricesimus,
2155 4958 2212 5004 et

633 5050 1024 5117 sexagesimus,
1073 5049 1165 5115 qui
1225 5047 1388 5101 etiam
1428 5045 1483 5100 in
1528 5039 1882 5100 saecularibus
1927 5042 2213 5114 reperiun-

634 5153 740 5194 tur.
797 5141 934 5193 Nam
973 5139 1284 5194 tricesimus
1332 5138 1655 5208 coniugibus
1711 5136 1806 5207 qui
1848 5142 2210 5204 temperanter

632 5234 905 5292 vixerunt.
957 5233 1245 5298 convenit;
1281 5230 1651 5299 sexagesimus
1689 5229 1757 5284 iis
1783 5229 1876 5297 qui
1907 5228 1962 5281 in
1991 5226 2208 5282 caeliba-

634 5338 690 5378 tu
726 5339 852 5378 cum
896 5325 1093 5376 virtute
1113 5323 1352 5392 degunt;
1406 5320 1761 5376 centesimum
1801 5334 1940 5378 vero,
1965 5319 2209 5376 referunt

634 5419 726 5484 qui
759 5416 932 5496 totum
966 5415 1225 5469 mundum
1256 5415 1382 5468 odio
1415 5412 1686 5483 prosecuti
1721 5411 1820 5467 soli
1857 5408 1965 5465 Deo
2028 5410 2208 5465 vivere

637 5517 966 5562 statuerunt.

1123 5597 1286 5671 ω
1319 5597 1566 5653 Scholion
1633 5595 1718 5650 18.

709 5690 886 5761 Ignem
921 5693 1009 5748 hic
1040 5691 1284 5747 divinum
1314 5690 1644 5767 desiderium
1689 5687 1940 5760 appellat,
2004 5702 2114 5760 quo
2150 5685 2204 5743 in

617 5903 620 5905 .
712 5851 786 5916 (ει)
817 5848 1074 5904 Scholion
1111 5849 1385 5904 abrasum.

1897 425 1957 485 S.
1986 422 2303 493 JOANNYS
2353 426 2656 519 CLTMACI

651 517 770 583 pias
791 531 953 586 quam
989 520 1146 587 petis.
1183 523 1652 589 Quemadmodum
1679 545 1786 584 non
1849 545 2068 602 oportet
2097 545 2218 591 ante

2331 546 2466 620 ὅπερ
2516 555 2706 617 αἰτεῖς·

3768 473 3889 526 1144

2756 557 2941 610 καθότι
2993 561 3051 612 οὐ
3087 561 3168 615 δεῖ
3205 565 3285 627 είς
3317 567 3526 634 μεγάλα
3569 569 3749 638 μέτρα
3793 575 3887 640 τιρὶ

2331 640 2521 711 καιροῦ
2547 644 2853 700 ἐπιϐάλλειν
2885 650 3096 717 ἑαυτὸν,
3132 653 3218 706 ἵνα
3247 656 3320 724 μὴ
3350 657 3632 729 αἰσχρώθῃ
3662 660 3726 711 τὸ
3750 661 3884 730 χάρι-

2329 747 2440 814 σμα
2472 733 2566 786 τοῦ
2591 735 2723 788 θεοῦ
2751 741 2816 810 τῇ
2850 740 3110 812 ταχύτητι
3139 744 3236 815 τῆς
3267 746 3532 820 ὑποδοχῆς
3562 751 3753 804 αὐτοῦ·
3789 757 3884 806 πᾶν

2327 823 2436 892 γὰρ
2490 825 2671 895 ῥᾴδιον
2719 830 3188 902 καταϐαλλόμενον
3243 838 3454 907 ταχέως
3514 841 3610 894 καὶ
3662 844 3880 896 ἀπόλλυ-

2325 932 2434 968 ται.
2506 916 2772 972 Ἕκαστον
2826 922 2883 976 δὲ
2938 927 3169 997 πρᾶγμα
3234 929 3372 997 μετὰ
3433 932 3612 1000 οιτόνου¹
3669 934 3882 1003 καρδίας

2327 1005 2732 1080 εὑρισκόμενον,
2770 1015 2910 1084 μετὰ
2930 1018 3326 1091 παραφυλακῆς
3356 1021 3446 1074 καὶ
3471 1023 3819 1092 φυλάττεται.

2929 1110 2976 1161 Σ
2977 1111 3187 1178 χόλιον
3224 1117 3273 1167 ι’.

2399 1193 2475 1260 (η)
2523 1193 2582 1246 Ὀ
2617 1194 2675 1246 ἐν
2701 1194 2958 1267 συνηθείᾳ
2985 1200 3401 1270 προσεύχεσθαι.
3427 1243 3441 1257 .
3469 1244 3482 1258 .
3509 1242 3526 1258 .
3562 1244 3576 1258 .

2913 1290 3164 1359 2'16wa
3203 1295 3290 1350 ια’.

2395 1373 2474 1443 Τῇ
2514 1376 2789 1451 ίδιαζούσῃ
2837 1380 2972 1467 ὅπερ
3005 1382 3179 1450 ἔγνων
3211 1386 3323 1454 ἐγὼ
3353 1391 3417 1444 ἐκ
3445 1392 3645 1464 πείρας
3680 1394 3881 1467 μυρίων

2325 1467 2532 1522 παθῶν.
2843 1465 2847 1512 ἕ

2902 1565 2949 1616 Σ
2952 1565 3159 1631 χόλιον
3207 1566 3295 1636 ιβ’.

2393 1649 2471 1720 Τῇ
2493 1651 2642 1721 ,μετὰ
2669 1651 2902 1723 πλήθους
2932 1671 2946 1684 ·
2974 1654 3130 1710 τοῦτο
3158 1657 3338 1725 ἀγνοῶ
3367 1659 3484 1730 μὲν,
3518 1665 3763 1718 πιστεύω
3805 1663 3876 1720 ἃ.

2904 1927 3161 1994 Σχόλιον
3193 1933 3281 1995 ιγ’.

2401 2014 2461 2068 ὐ
2484 2015 2622 2070 κατὰ
2647 2016 2777 2073 Θεὸν
2799 2017 2897 2088 ζῇν
2916 2021 3330 2091 αἱρετισάμενος
3356 2024 3535 2092 πάσης
3576 2023 3750 2094 (ργῆς
3782 2024 3879 2078 ἀπ-

2322 2105 2602 2178 ήλλακται,
2631 2111 2726 2162 καὶ
2752 2109 2861 2162 οὐδ’
2889 2109 3026 2174 ὅλως
3053 2112 3144 2164 τὸν
3177 2112 3404 2183 πλησίον
3435 2117 3604 2183 μισεῖ.

2915 2289 3169 2356 Σχόλιον
3226 2289 3306 2344 ιδ’.

2391 2373 2736 2453 Πλατυνθεὶς,
2782 2376 2936 2445 φησὶ,
2986 2377 3090 2430 ὐπὸ
3127 2379 3227 2450 τῆς
3261 2380 3502 2450 χάριτος,
3544 2381 3666 2434 τότε
3704 2383 3735 2436 ὁ
3762 2381 3875 2444 νοῦς

2320 2465 2456 2537 πρὸς
2487 2465 2579 2519 τὸν
2607 2466 2818 2520 διδόντα
2855 2470 2964 2532 τοῖς
2993 2470 3325 2540 εὐχομένοις,
3359 2472 3450 2525 καὶ
3492 2472 3550 2536 ἐξ
3577 2472 3745 2527 αὐτοῦ
3781 2473 3874 2542 ἐμ-

2320 2556 2634 2626 πνεόμενος,
2666 2557 2802 2630 πρὸς
2831 2560 2956 2623 τούς
2977 2559 3070 2628 ἀφ’
3093 2560 3285 2613 ἐαυτοῦ
3307 2562 3751 2634 προφερομένους
3775 2563 3876 2615 τῶν

2320 2646 2491 2716 εὐχῶν
2519 2647 2708 2715 λόγους
2744 2651 2844 2703 οὐκ
2878 2650 3184 2721 ἀσχολεῖται
3210 2667 3225 2684 ο
3258 2654 3386 2724 περὶ
3409 2646 3485 2706 ὧν
3512 2655 3540 2708 ό
3565 2653 3716 2725 ἔργῳ
3740 2654 3876 2707 δοκι-

2322 2738 2500 2807 μάσας
2522 2741 2648 2804 τοὺς
2674 2739 2863 2808 λόγους
2895 2742 3217 2811 παρόψεται,
3240 2745 3304 2798 ἐκ
3330 2745 3430 2814 τῆς
3456 2745 3758 2818 ποσότητος
3783 2743 3875 2816 τὴν

2320 2828 2580 2899 ποιότητα
2604 2830 3105 2901 ἐμπορευσάμενος.

2393 2951 2395 2953 ι
2909 2926 3167 2993 Σκόλιον
3208 2934 3288 2984 ιε’.

2390 3011 2846 3083 Προσευχόμενος,
2877 3014 3062 3083 φησὶν,
3092 3014 3334 3086 αἰσθητῷ
3367 3031 3474 3068 τινι
3504 3017 3796 3088 πράγματι
3820 3016 3878 3069 τὸ

2319 3098 2462 3150 θεῖον
2499 3096 2922 3170 μὴ⁸παρείκαζε,
2955 3102 3042 3154 ἵνα
3073 3102 3148 3174 μὴ
3168 3105 3264 3156 καὶ
3289 3104 3388 3175 τῆς
3412 3103 3574 3175 ὀρθῆς
3598 3107 3874 3176 ἀποπέσῃς

2242 3207 2287 3266 c
2318 3187 2495 3260 δόξης.

2902 3283 3163 3352 Σχόλιον
3195 3291 3290 3350 ις’.

2394 3373 2678 3438 Ἐκλεισάς
2707 3391 2800 3428 σου
2833 3377 2900 3428 τὰ
2935 3374 3216 3447 σπλάγχνα
3245 3377 3344 3446 τῆς
3373 3377 3643 3442 εὐποιίαςο
3685 3377 3878 3432 κλείσω

2320 3483 2420 3537 μου
2458 3465 2612 3534 κάγὼ
2648 3467 2774 3530 τοὺς
2809 3467 3040 3531 κόλπους
3079 3468 3179 3538 τῆς
3209 3469 3445 3535 ἀνέσεως
3479 3473 3539 3525 ἐν
3581 3470 3760 3543 καιρῷ
3801 3487 3872 3524 τιν

2319 3557 2530 3628 μωρίας
2568 3573 2683 3610 σου.
3011 3548 3017 3554 ’

2992 3653 3194 3707 Ἄλλο.

2387 3739 2687 3811 Εὐποίησον
2724 3741 2955 3809 εὐσεϐεῖ,
2994 3745 3089 3796 καὶ
3129 3743 3382 3816 εὑρήσεις
3405 3746 3774 3816 ἀνταπόδομα.

2997 3837 3207 3891 Ἄλλο.

2385 3925 2450 3978 Τί
2478 3924 2686 3988 κλαίεις
2729 3927 3059 3998 εὐχόμενοςς
3089 3930 3154 3983 σύ
3175 3927 3243 3982 τὰ
3273 3927 3488 4002 δάκρυα
3518 3928 3614 3982 τοῦ
3650 3929 3869 4000 πένητος

2315 4016 2529 4087 βλέπων
2556 4017 2654 4069 οὐκ
2688 4017 2875 4083 ἐλεεῖς.
2953 4056 2956 4059 -

2987 4223 3198 4277 Ἄλλο.

2834 4234 2844 4241 ·
2987 4225 3008 4242 ”
3061 4225 3198 4277 1.10.

2393 4312 2452 4366 Ὁ
2475 4311 2607 4377 Θεός
2630 4328 2690 4366 σε
2719 4311 2835 4376 πῶς
2865 4225 3103 4384 ἐλεήσὶς
3137 4313 3344 4383 Πτερόν
3375 4311 3491 4366 ἐστι
3520 4315 3619 4384 τῆς
3650 4312 3812 4383 εὐχῆς
3833 4311 3896 4381 ιγ

2312 4405 2649 4476 ἐλεημοσύνη
2678 4422 2690 4434 ·
2734 4405 2828 4458 ἐὰν
2857 4404 2934 4475 μὴ
2971 4407 3205 4477 ποιήσῃς
3244 4402 3444 4477 πτερδν
3470 4401 3545 4478 τῇ
3575 4406 3714 4476 εὐχῇ
3755 4419 3863 4470 σου,

2314 4498 2413 4552 οὐκ
2440 4496 2722 4567 ἀνέρχεται
2751 4498 2831 4560 εἰς
2864 4494 3028 4563 ὕψος·
3059 4496 3188 4549 ὅταν
3218 4494 3277 4548 δὲ
3309 4494 3680 4568 πτεροποιηθῇ
3712 4497 3746 4567 ἠ
3782 4495 3864 4548 :6-

2281 4658 2283 4661 ι
2314 4589 2382 4660 χὴ
2408 4605 2524 4649 σου,
2548 4587 2771 4642 ἴπταται
2815 4588 2894 4651 είς
2938 4587 3034 4642 τὸν
3076 4586 3324 4656 οὐρανόν.
3359 4587 3568 4658 Ὠσπερ
3614 4587 3728 4658 γὰρ
3761 4584 3864 4657 πῦρ

2316 4679 2408 4731 ἐὰν
2448 4677 2524 4748 μὴ
2558 4676 2656 4750 ἔχῃ
2681 4677 2855 4730 ἔλαιον
2889 4674 3196 4740 ἐπιστάζον,
3222 4675 3507 4730 σὸἑννυται
3527 4693 3542 4706 ·
3571 4674 3750 4742 οὕτως
3776 4676 3862 4731 καὶ

2314 4771 2349 4839 η
2378 4767 2532 4838 εὐχὴ,
2559 4768 2654 4821 ἐὰν
2677 4767 2752 4837 μὴ
2781 4767 2879 4839 ἔχῃ
2913 4766 3280 4840 ἐλεημοσύνην
3315 4766 3660 4837 ἀφανίζεται.

2910 4859 3165 4925 Σχόλιον
3204 4859 3290 4931 ις’.

2386 4952 2459 5004 Τὸ
2507 4947 2634 5020 ἑξῆς
2664 4949 2782 5003 ἐστι
2816 4940 2893 5002 τά
2919 4947 2984 5013 λ’,
3017 4951 3112 5004 καὶ⁵
3153 4950 3223 5016 ξ’,
3252 4949 3289 5003 ἃ
3317 4947 3411 5002 καὶ
3441 4948 3502 5004 ἐν
3528 4950 3644 5014 τοῖς
3677 4965 3859 5019 κοσμι-

2318 5047 2433 5107 κοῖς
2462 5044 2587 5098 εἰσι.
2614 5042 2693 5096 Τὰ
2718 5041 2817 5113 μὲν
2845 5039 2889 5094 λ’
2910 5041 2963 5094 οἱ
2985 5041 3196 5110 γυναιξὶ
3224 5038 3510 5107 συζῶντες,
3533 5041 3628 5096 καὶ
3654 5058 3855 5112 σωφρο-

2313 5137 2548 5200 νοῦντες·
2608 5135 2678 5188 τὰ
2724 5133 2782 5186 δὲ
2832 5132 2895 5198 ξ’,
2923 5133 2990 5198 {oi
3033 5133 3233 5200 ἄζυγες
3263 5171 3278 5196 ,
3321 5131 3416 5187 καὶ
3457 5131 3572 5203 βίον
3611 5130 3858 5204 ἐνάρετον

2315 5227 2699 5299 μετερχόμενοι
2719 5240 2734 5254 ο
2749 5222 2818 5277 τὰ
2835 5223 2894 5278 δὲ
2918 5230 2984 5295 ρ’,
3013 5223 3062 5277 oi
3092 5220 3295 5292 κόσμον
3313 5222 3494 5278 πάντα
3513 5222 3855 5295 μισήσαντες,

2313 5321 2407 5378 καὶ
2427 5320 2546 5390 Θεῷ
2577 5319 2677 5390 ζῇν
2710 5315 2852 5387 μόνῳ
2876 5312 3305 5386 αἱρετισάμενοι.

2760 5641 2764 5643 ς
2890 5585 2937 5637 Σ
2937 5584 3144 5651 χόλιον
3182 5588 3269 5653 ιη’.

2379 5678 2497 5752 Πῦρ
2525 5675 2733 5747 ἐνθάδε,
2761 5677 2852 5732 τὸν
2872 5673 3050 5732 θεῖκδν
3068 5675 3219 5745 λέγει
3246 5671 3428 5760 πόθον,
3447 5665 3510 5730 οὗ
3531 5669 3851 5744 ἀναληφθέν-
