4032 6340
282 422 431 481 114:)

1199 426 1425 487 SCALA
1465 426 1840 490 PARADISI.
1872 456 1940 465 —
1977 431 2278 495 GRADUS
2313 437 2581 499 XXVIII.

3343 438 3482 508 1146

270 546 374 622 τος
405 531 463 581 ἐν
494 532 559 600 τῇ
600 531 797 602 καρδίᾳ
825 534 853 584 6
895 533 1015 597 νούς
1057 536 1312 607 ἀνυψὼθη
1350 540 1428 601 εἰς
1463 541 1708 611 οὐρανὸν,
1745 543 1822 596 κατ

1940 534 2101 599 corde
2130 556 2407 616 concepto.
2443 564 2595 604 mens
2640 548 2776 603 elata
2810 550 2864 604 in
2895 549 3089 605 cadum
3122 550 3375 622 deinceps
3420 556 3476 610 in

272 617 471 673 λοιπὸν
491 623 549 673 ἐν
579 622 656 691 τῷ
685 623 907 695 τοιούτῳ
938 625 1160 697 ἀνώγεῳ
1182 628 1280 696 τῆς
1307 628 1481 700 ψυχῆς
1507 633 1673 703 ἢγουν
1697 651 1830 704 φρο-

274 713 489 782 νήματι
519 706 625 766 τῶν
650 716 851 784 γηῖνῶν
873 716 1207 789 ὑψηλοτέρῳ,
1236 722 1269 789 ἡ
1297 721 1392 774 τοῦ
1418 721 1559 776 θείου
1586 728 1830 795 πνεύμα-

272 818 377 853 τος
423 802 713 866 κατάϐασις
752 804 963 872 γέγονε,
998 806 1075 869 ὡς
1118 807 1213 861 καὶ
1244 807 1337 862 ἐπὶ
1375 809 1482 864 τῶν
1525 812 1831 867 ἀποστόλων

273 891 576 963 αἰσθητῶς.

868 988 1124 1056 Σχόλιον
1159 986 1241 1040 ιϐ’.

380 1070 672 1145 Δμφότερα
716 1075 909 1147 ἐπίσης
950 1078 1048 1145 τὴν
1093 1077 1271 1148 ψυχὴν
1316 1078 1688 1150 εὐεργετοῦσι,
1736 1079 1834 1133 καὶ

274 1159 437 1216 θείαν
460 1166 596 1237 αὐτῇ
624 1166 905 1236 ἐμποιοῦσι
929 1167 1239 1234 κατάνυξιν.

872 1260 1129 1327 Σχόλιον
1153 1266 1220 1315 κ’.

352 1346 473 1400 Τῶν
489 1348 585 1418 τῆς
610 1348 714 1418 γῆς
736 1349 1063 1417 ἀφιστῶντα.

858 1444 1115 1511 Σχόλιον
1140 1452 1248 1498 κα’.

353 1531 444 1600 Μὴ
471 1532 740 1605 ἀναχώρει
765 1534 863 1604 τῆς
899 1536 1083 1606 εὐχῆς,
1117 1537 1277 1606 μέχρι
1308 1536 1377 1589 τά
1400 1535 1683 1607 κινηθέντα
1710 1533 1833 1589 θεο-

269 1623 493 1693 ἰ’-..ἀροχα
512 1624 743 1696 δάκρυα,
774 1628 867 1679 καὶ
907 1627 1100 1698 τὸτῆς
1128 1609 1478 1695 ίιατανύξεως
1521 1626 1630 1698 πῦρ
1671 1626 1834 1679 πάλιν

272 1716 401 1767 κατ’
446 1718 750 1786 οἰκονομίαν
781 1720 878 1789 τὴν
913 1718 1209 1789 γενομένην
1255 1721 1322 1773 δι’
1360 1721 1587 1791 ἔπαρσιν
1640 1718 1834 1772 σταλῶ-

271 1808 366 1856 σιν
394 1823 409 1837 ·
440 1808 540 1872 ὅτι,
574 1810 754 1878 φησὶν,
792 1809 890 1862 οὐκ
919 1804 1065 1871 οἶδας
1104 1809 1153 1861 εἰ
1194 1808 1381 1863 ἄλλοτὲ
1416 1821 1543 1863 ποτε
1579 1808 1832 1863 τοιούτων

270 1898 534 1967 προξένου
562 1900 954 1965 παραστάσεων
979 1900 1162 1972 τύχῃς.

852 2098 1107 2165 Σχόλιον
1149 2099 1255 2168 δεῖν’.
1476 2150 1480 2153 γ

343 2179 469 2239 Οἴον
506 2187 804 2250 κατανοεῖν,
835 2187 930 2239 καὶ
966 2189 1292 2261 ἀναθεωρεῖν
1319 2192 1527 2247 ἑαυτόν.
1558 2191 1665 2244 Καὶ
1698 2189 1827 2243 ἄλλο

262 2276 335 2332 τὸ
371 2279 663 2331 ἐπίσκοπον
712 2277 981 2346 γενέσθαι,
1012 2280 1105 2334 καὶ
1136 2282 1368 2351 ἄρχοντα
1413 2284 1519 2337 τῶν
1567 2284 1772 2348 παθῶν,
1796 2281 1827 2336 ὃ

264 2370 365 2423 καὶ
390 2369 536 2440 παρά
561 2369 693 2423 πολὺ
725 2367 818 2423 τοῦ
850 2370 1114 2441 προτέρου
1142 2372 1347 2443 μεῖζον.

951 2633 1158 2692 Ἄλλο.

345 2727 560 2797 Ἀρχων
589 2733 687 2798 μέν
718 2731 863 2785 ἐστιν
903 2731 932 2784 ὁ
957 2728 1100 2792 νοῦς,
1153 2732 1281 2784 ὃταν
1328 2730 1397 2784 τὰ
1448 2731 1569 2785 καθ’
1611 2730 1823 2796 ἑαυτὸν,

264 2818 365 2872 καὶ
409 2819 475 2872 τὰ
521 2821 648 2893 περὶ
683 2822 862 2888 αὐτὸν,
888 2824 1053 2895 ἤγουν
1080 2820 1177 2885 τὰς
1204 2822 1454 2890 δυνάμεις
1503 2822 1601 2891 τῆς
1627 2820 1823 2893 ψυχῆς,

264 2910 364 2964 καὶ
381 2910 452 2963 τὰ
486 2913 578 2965 τοῦ
609 2912 856 2983 σώματος
877 2914 1200 2985 αἰσθητήρια
1233 2914 1411 2977 καλῶς
1442 2908 1695 2987 περιέπῃ,
1730 2915 1825 2969 καὶ

261 3001 596 3072 διεξέρχεται
633 3020 647 3032 '
678 3005 958 3077 ἀρχιερεὺς
987 3005 1045 3059 δὲ
1066 3045 1081 3070 ,
1114 3005 1200 3058 ὅτε
1228 3004 1295 3057 τὰ
1343 3006 1580 3075 νοήματα
1608 3006 1827 3079 καθαρά

265 3094 364 3146 καὶ
388 3094 649 3165 ἀκίϐδηλα
676 3096 757 3166 τῷ
780 3096 907 3168 θείῳ
946 3097 1313 3168 θυσιαστηρίῳ
1356 3098 1423 3150 δι’
1454 3098 1616 3167 εὐχῆς
1661 3114 1826 3168 προσ-

1932 636 2242 705 huiusmodi
2271 642 2551 696 cmnaculo
2578 642 2769 696 animae
2800 658 2892 697 seu
2925 658 3085 698 sensu
3117 645 3313 699 mentis
3371 654 3480 701 ter-

1929 728 2075 781 renis
2104 728 2311 794 altiore,
2344 731 2505 785 divini
2540 732 2767 801 Spiritus
2817 732 3145 798 descensus.
3181 749 3273 788 seu
3335 736 3479 792 scala

1930 818 2179 888 eﬂicitur,
2208 823 2385 891 qualis
2410 839 2571 893 super
2599 824 2873 893 apostolos
2939 825 3252 894 spectabilis
3314 841 3480 896 appa-

1931 911 2063 965 ruit.
2706 944 2715 947 ~
3296 938 3307 943 ·
3333 930 3340 936 ·

2516 1000 2757 1057 Scholion
2813 1004 2898 1059 19.

2000 1090 2173 1147 Ambo
2203 1093 2315 1160 pari
2356 1093 2513 1146 modo
2547 1094 2740 1148 anima:
2786 1104 3031 1164 prosunt,
3061 1102 3115 1150 et
3146 1095 3385 1150 divinam
3409 1098 3480 1152 illi

1931 1185 2393 1254 compunctionem
2425 1184 2681 1239 inferunt.

2518 1274 2763 1333 Scholion
2801 1275 2891 1329 20.

2001 1362 2217 1434 Procul)
2245 1364 2336 1434 qui
2366 1365 2553 1435 procul
2587 1381 2621 1418 a
2654 1365 2814 1419 rebus
2842 1365 3071 1421 terrenis
3100 1365 3268 1421 abest.

2530 1454 2776 1509 Schdlion
2802 1455 2892 1508 ει.

2001 1542 2118 1597 Νυη
2147 1542 2365 1598 recedas
2390 1545 2458 1598 ab
2506 1545 2772 1608 oratione,
2817 1544 2986 1597 donec
3032 1554 3213 1611 motae,
3260 1561 3290 1597 a
3348 1542 3483 1597 Deo-

1932 1651 2038 1706 qne
2076 1634 2325 1707 prolectas
2387 1635 2657 1705 lacrymae,
2700 1642 2752 1689 et
2805 1635 3231 1704 compunctionis
3269 1635 3481 1689 ﬂamma

1933 1742 2146 1781 rursum
2187 1741 2252 1781 ex
2306 1727 2484 1782 divina
2531 1729 2869 1783 ordinatione
2923 1738 3139 1798 propter
3193 1729 3480 1783 elationem

1935 1818 2098 1871 animi
2127 1819 2417 1873 sistantur:
2454 1819 2578 1889 quia
2620 1821 2817 1886 nescis,
2869 1820 3064 1889 inquit,
3115 1837 3181 1873 an
3244 1836 3479 1889 unquam

1934 1911 2066 1965 alias
2093 1911 2282 1964 talium
2307 1910 2725 1981 patrociniorum
2759 1921 3163 1979 procuratorem
3193 1911 3272 1966 sis
3316 1912 3481 1982 adep-

1930 2012 2105 2059 turus.

2082 2140 2086 2147 .
2516 2093 2763 2147 Scholion
2799 2091 2889 2148 22.

1990 2185 2317 2254 Cuiusmodi
2363 2197 2444 2239 est
2496 2200 2823 2255 cognoscere
2886 2194 2942 2240 et
3012 2182 3330 2240 descendere
3385 2200 3480 2254 per

1929 2276 2409 2333 considerationem
2438 2277 2491 2330 in
2522 2276 2782 2346 seipsum.
2814 2276 2879 2330 Et
2906 2277 3051 2331 aliud
3080 2292 3198 2332 esse
3224 2276 3354 2330 dicit
3394 2277 3479 2330 in-

1812 2389 1817 2394 ’
1929 2376 2227 2438 spectorem
2261 2382 2442 2438 agere,
2471 2360 2619 2422 aliud
2664 2368 3056 2422 dominatorem
3085 2368 3369 2422 affectuum
3425 2375 3481 2421 et

1928 2458 2416 2529 perturbationum,
2450 2460 2592 2530 quod
2630 2460 2899 2529 posterius
2930 2459 3099 2525 multo
3132 2460 3364 2515 nobilius
3401 2470 3483 2514 est

1929 2554 2133 2623 priore.

2608 2641 2788 2696 Aliud.

1999 2733 2317 2788 Dominator
2366 2733 2740 2803 seu‘princeps
2770 2742 2852 2787 est
2880 2732 3119 2799 animus,
3151 2733 3387 2825 quando.
3416 2748 3478 2787 ea

1928 2841 2048 2895 quae
2065 2825 2333 2901 adipsum
2360 2826 2695 2896 pertinentet
2721 2824 2863 2880 circa
2884 2824 3057 2894 ipsum
3089 2836 3233 2880 sunt.
3263 2823 3479 2890 liocest,

1929 2918 2212 2973 facultates
2245 2918 2438 2973 animae
2466 2926 2521 2972 et
2544 2931 2801 2971 sensuum
2831 2916 3074 2985 corporis
3126 2915 3479 2970 instrumenta

1930 3012 2030 3066 rite
2055 3022 2108 3066 et
2145 3010 2334 3065 ordine
2375 3008 2719 3064 administrat
2751 3017 2804 3062 et
2861 3006 3194 3077 exsequitur.
3235 3005 3480 3061 Pontifex

1930 3113 2112 3159 autem
2146 3110 2231 3158 est
2275 3101 2491 3172 quando
2545 3107 2777 3153 mentem
2818 3106 2872 3151 et
2923 3098 3271 3168 cogitationes
3318 3114 3483 3167 puras

264 3186 378 3254 ἀγῃ
404 3200 419 3217 ’
470 3186 564 3238 καὶ
609 3186 864 3257 ἄρχοντος
915 3187 1014 3256 μέν
1055 3188 1190 3253 ἐστι,
1247 3189 1304 3240 τὸ
1350 3188 1713 3257 ὲπισκοτιῆσαι
1758 3188 1822 3240 τὰ

1928 3204 1983 3250 et
2013 3197 2252 3250 sinceras
2284 3209 2380 3263 per
2416 3207 2605 3263 preces
2644 3191 2711 3245 ad
2741 3205 2955 3245 sacrum
2985 3189 3078 3245 Dei
3110 3190 3278 3244 altare
3313 3190 3478 3245 sistit.

263 3279 424 3341 ἐκτός
446 3294 460 3308 ’
493 3276 789 3350 ἀρχιερέως
812 3277 892 3343 δὲ,
924 3277 984 3331 τὺ
1007 3278 1246 3362 συνεχῶς.
1275 3280 1610 3345 ἐπισκοπεῖν,
1633 3279 1727 3332 καὶ
1760 3279 1822 3333 τὰ

1928 3287 2193 3357 Principis
2224 3285 2457 3341 ollicium
2487 3291 2570 3339 est
2603 3292 2826 3338 externa
2878 3280 3255 3353 administrare
3284 3299 3298 3335 :
3343 3296 3479 3351 pon-

262 3368 423 3432 ὲκτὸς
454 3370 549 3422 καὶ
580 3369 646 3422 τὰ
674 3368 843 3434 ὲντός.

849 3548 1107 3617 Σχόλιον
1130 3554 1238 3617 κγ’.

337 3641 473 3710 Περὶ
507 3640 615 3694 τῶν
643 3640 1002 3710 ἀγιασμάτων
1036 3641 1225 3710 λέγει.⁷

766 3865 770 3869 .
864 3817 1119 3886 Σχόλιον
1146 3819 1245 3873 κδ’.

333 3908 489 3963 Κύνα
518 3909 664 3977 λέγει
704 3907 794 3962 τὸν
828 3906 1195 3961 {mauulton
1230 3910 1321 3962 τὸν
1350 3908 1473 3962 νοῦν
1501 3908 1587 3962 διὰ
1613 3909 1823 3979 προφά-

264 4017 405 4063 σεως
446 4000 513 4053 ὲκ
550 4001 648 4070 τῆς
688 3997 993 4070 προσευχῆς
1021 3998 1269 4069 δαίμονα,
1313 3998 1372 4052 δν
1409 4000 1490 4052 δεῖ
1517 3998 1731 4054 διώκειν
1754 4002 1821 4072 τῇ

262 4095 387 4147 κατ’
417 4091 581 4148 αὐτοῦ
608 4091 746 4163 πρὸς
773 4091 905 4145 Θεὸν
934 4090 1194 4159 ἐντεύξει.

849 4269 1109 4340 Σχόλιον
1139 4277 1237 4329 κε’.

333 4365 665 4437 Σημείωσαι,
691 4363 772 4416 ὅτι
801 4361 903 4425 τὰς
932 4362 1162 4433 αἰσχρὰς
1204 4363 1427 4434 πράξεις
1484 4364 1545 4418 ού
1597 4364 1676 4419 δεῖ
1700 4366 1822 4421 κατ’

262 4456 413 4523 εἶδος
432 4458 574 4528 πρὸς⁴
598 4455 792 4509 λεπτὸν
814 4454 1155 4524 ἐξαγορεύειν
1191 4454 1249 4508 ὲν
1285 4458 1352 4526 τῇ
1382 4460 1677 4528 προσευχῇ.

940 4545 1135 4598 Ἄλλο.
1417 4538 1424 4547 ’

344 4640 405 4694 '0
452 4634 768 4707 γνωστικδς,
811 4634 905 4688 καὶ
954 4636 1110 4701 εἰδὼς
1165 4636 1263 4707 τὴν
1310 4637 1564 4707 ἀλήθειαν
1618 4640 1678 4694 ού
1728 4639 1815 4696 διὰ

265 4733 484 4805 μνήμης
528 4716 638 4781 τῶν
677 4728 1053 4800 πραχθέντων,
1101 4726 1235 4782 ἀλλά
1278 4728 1346 4780 δι’
1388 4729 1663 4802 ὑπομονῆς
1707 4733 1814 4786 τῶν

261 4820 642 4895 ἃπερχομένων
670 4818 1067 4890 ὲξομολογεϊται
1104 4820 1183 4892 τῷ
1223 4821 1360 4892 Θεῷ.

511 4932 513 4935 ·
843 4906 1101 4993 Σχόςιιον
1127 4920 1239 4979 κς·’.

330 5009 405 5065 Οὐ
430 5007 639 5081 χρῄζει,
672 5007 826 5078 φησι,
849 4999 1166 5069 διδασκάλου
1196 5006 1276 5067 εἰς
1294 5005 1356 5058 τὸ
1388 5006 1776 5076 προσεύχεσθαι
1795 5022 1810 5037 ·

259 5100 401 5153 ἀλλά
446 5100 542 5170 τῆς
587 5096 950 5171 ὲαυτοΰνιδίας
999 5096 1336 5167 προθυμίας,-
1373 5096 1440 5150 δι’
1480 5097 1545 5168 ἢν
1597 5098 1755 5162 αὐτὸς
1785 5101 1814 5154 6

258 5190 393 5254 Θεὸς
439 5190 630 5261 ἐκείνῳ
668 5186 979 5253 διδάσκαλος
1018 5188 1321 5258 ἐφίσταται.
1364 5189 1472 5243 Καὶ
1518 5188 1625 5261 γὰρ
1667 5191 1814 5247 ἐννό-

265 5296 405 5349 μως,
434 5282 528 5334 καὶ
565 5278 854 5352 προθύμως
878 5280 1307 5351 προσευχόμενον
1339 5283 1368 5335 6
1406 5281 1537 5343 Θεὸς
1566 5281 1653 5335 διὰ
1698 5302 1813 5353 φω-

261 5371 459 5439 τισμοῦ
504 5372 760 5437 διδάσκει,
816 5370 909 5423 καὶ
953 5372 1042 5424 τὸν
1078 5371 1200 5425 νοῦν
1232 5372 1396 5426 αὑτοῦ
1444 5372 1550 5426 ἀπὸ
1604 5375 1811 5451 πλάνης

265 5456 483 5529 βέϐαιον
518 5459 719 5531 ἵστησι,
746 5459 839 5514 καὶ
867 5459 965 5531 τῆς
986 5460 1358 5532 αἰχμαλωσίας
1389 5462 1744 5523 ἀπαλλάττει.

779 5550 964 5606 Ἀλλο
998 5552 1289 5621 Μαξίμου.
1687 5574 1694 5581 ’

344 5640 403 5693 '0
462 5639 553 5693 τὸν
607 5639 742 5695 Θεὸν
793 5643 1027 5714 γνησίως
1078 5645 1307 5711 ἀγαπῶν
1332 5686 1348 5710 ,
1394 5648 1804 5720 ἀμετεωρίστως

261 5730 616 5802 προσεύχεται
642 5747 656 5762 ο
689 5732 719 5783 6
750 5734 1159 5807 ἀμετεωρὶστως
1208 5740 1649 5810 προσευχόμενος,
1675 5759 1809 5812 γνη-

262 5821 507 5885 σίωςντδν
548 5820 678 5875 Θεὸν
720 5823 926 5896 ἀγαπᾷ.
961 5827 1072 5881 Οὐκ
1116 5826 1531 5900 ἀμετεωρίστως
1577 5833 1809 5902 προσεύ.

1928 3381 2111 3445 tilicis,
2162 3389 2420 3449 perpetuo
2472 3375 2740 3431 exteriora
2791 3372 2953 3428 simul
2990 3381 3044 3429 et
3088 3373 3341 3428 interiora
3393 3387 3479 3428 re-

1925 3482 2011 3528 cte
2038 3484 2330 3543 procurare
2362 3476 2416 3524 et
2448 3468 2767 3539 gubernare.

2519 3560 2767 3633 Scholion
2792 3559 2881 3614 ‘33.

1885 3650 1912 3683 ’κ
1995 3656 2070 3712 De
2114 3654 2312 3710 divinis
2342 3653 2611 3726 mysteriis
2671 3650 2997 3727 sacramenti
3065 3648 3323 3719 loquitur,
3382 3662 3476 3703 seu

1925 3748 1993 3803 de
2027 3745 2397 3803 sanctiﬁcatis.
2708 3745 2715 3753 ³
2998 3824 3009 3832 1

2508 3830 2753 3886 Scholion
2791 3830 2882 3884 ‘24.

1992 3930 2191 3983 Canem
2220 3934 2373 3980 vocat
2409 3924 2706 3978 daemonem
2734 3920 2827 3991 qui
2859 3934 2953 3990 per
2994 3919 3224 3989 aliquem
3253 3926 3476 3987 praetex-

1924 4028 2038 4074 tum
2125 4015 2488 4087 (necessitatis
2548 4013 2632 4067 vel
2679 4012 2900 4083 negotii)
2944 4010 3196 4067 subducit
3243 4018 3472 4063 mentem

1921 4126 1991 4166 ex
2036 4108 2367 4178 precatione,
2403 4106 2495 4177 qui
2560 4103 2964 4175 persequendus
3021 4113 3103 4157 est
3152 4100 3475 4156 recurrendo

1920 4216 2014 4275 per
2043 4199 2371 4271 colloquium
2400 4199 2660 4253 adversus
2700 4196 2850 4250 illum
2879 4195 2946 4249 ad
2974 4192 3157 4248 Deum.

2510 4287 2754 4342 Scholion
2795 4287 2885 4342 25.

1989 4380 2247 4441 Observa,
2274 4377 2419 4447 quod
2452 4378 2503 4431 in
2541 4378 2793 4447 precibus
2827 4378 2966 4432 facta
2987 4380 3160 4444 turpia
3191 4389 3296 4429 non
3326 4376 3472 4446 sigil-

1918 4471 2069 4527 latim
2099 4478 2153 4524 et
2182 4468 2454 4538 speciatim
2482 4469 2548 4523 ad
2572 4485 2802 4540 unguem
2832 4469 2938 4523 sint
2961 4466 3301 4537 proferenda.

2627 4558 2806 4611 Aliud.

1988 4649 2229 4707 Prudens
2259 4659 2312 4706 et
2343 4665 2541 4720 gnarus
2588 4650 2829 4703 veritatis
2856 4663 2965 4703 non
3029 4648 3190 4722 “5
3242 4665 3335 4719 per
3381 4664 3475 4701 eo—

1920 4758 2063 4808 rum,
2123 4758 2243 4812 quae
2278 4744 2461 4813 gessit,
2527 4740 2860 4806 memoriam,
2891 4742 2984 4795 sed
3018 4756 3111 4811 per
3141 4738 3474 4795 tolerantiam

1917 4848 2103 4889 eorum
2129 4849 2247 4903 qua:
2276 4834 2569 4892 incursant,
2608 4830 2714 4883 Deo
2744 4833 3047 4887 contitetur.

2495 4918 2745 4975 Scholion
2790 4923 2880 4977 26.

1985 5013 2111 5068 Non
2134 5011 2334 5080 indiget
2377 5009 2648 5082 (inquit)
2702 5012 2961 5082 magistro
3002 5010 3066 5064 ad
3116 5010 3468 5079 precandum,

1916 5107 2008 5163 sed
2042 5119 2137 5159 sua
2162 5112 2216 5157 ct
2244 5103 2449 5171 privata
2497 5104 2792 5169 alacritate,
2858 5113 3269 5174 propterquam
3328 5103 3469 5158 Deus

1917 5194 2032 5266 ipse
2056 5195 2129 5247 illi
2146 5194 2398 5263 magister
2420 5194 2589 5249 adest.
2602 5193 2733 5249 Nam
2760 5196 2860 5251 rite
2888 5202 2939 5248 et
2960 5205 3205 5265 prompte
3227 5207 3470 5252 orantes.

1918 5284 2060 5339 Deus
2083 5299 2176 5353 per
2229 5282 2669 5339 illuminationem
2712 5284 2884 5348 docet,
2914 5297 2967 5337 et
3020 5295 3251 5340 mentem
3301 5287 3473 5357 ipsius

1916 5377 1982 5431 ab
2007 5390 2191 5431 errore
2218 5376 2428 5432 ﬁrmam
2474 5378 2637 5445 sistit,
2684 5384 2737 5430 et
2785 5377 3089 5445 captivitate
3118 5379 3325 5433 liberat.

2080 5610 2084 5614 _
2466 5555 2628 5609 Aliud
2667 5554 2909 5612 Maximi.

1979 5650 2081 5717 Qui
2115 5650 2281 5707 Deum
2320 5644 2527 5707 sincere
2574 5650 2748 5720 diligit
2792 5654 2909 5708 sine
2936 5654 3281 5708 distractione
3336 5671 3461 5723 prc-

1912 5753 2062 5798 catur
2095 5745 2227 5814 :qni
2262 5746 2377 5801 sine
2402 5743 2750 5800 distractione
2777 5755 3043 5816 precatur,
3098 5746 3304 5801 sincere
3347 5746 3464 5804 De-

1915 5850 2007 5891 um
2034 5835 2225 5907 diligit.
2270 5836 2385 5895 Non
2446 5845 2564 5892 orat
2618 5840 2735 5895 sine
2800 5837 3147 5893 distractione
3215 5840 3461 5912 quisquis
