4032 6340
230 446 379 548 ιιιθ

1146 451 1365 510 SCALA
1421 449 1793 510 PARADISI.
1834 474 1900 485 -
1940 451 2246 511 GRADUS
2299 453 2505 511 XXIX.

3320 448 3458 513 1150

233 579 381 632 ρίαν,
407 562 507 615 ἵνα
525 560 830 631 dﬂigi-dﬁcit.
863 563 922 615 Ὀ
951 562 1005 615 δὲ
1034 562 1124 616 τοῦ
1156 563 1290 617 Θεοῦ
1317 563 1553 635 ἀθλητής
1576 581 1590 595 ⁸
1626 565 1779 626 "Ave;

1892 578 1951 618 se
1979 565 2242 629 redirent,
2275 564 2441 619 Deum
2463 566 2688 635 rogavit.
2748 564 2883 633 Quis
2920 575 3045 619 ante
3072 562 3307 621 futuram
3335 567 3453 622 cla-

230 656 305 707 τά
336 652 551 724 κύματα
576 654 672 724 τῆς
699 655 917 725 χάριτός
939 671 1051 707 σου.
1125 656 1419 710 Ἀπάθειαν
1458 655 1571 726 ἔχει
1617 655 1781 726 ψυχή,

228 745 269 813 ἠ
300 742 472 807 οὕτως
500 742 787 796 ποιωθείσα
807 745 924 806 ταῖς
948 745 1188 815 ἀρεταῖς,
1213 744 1292 808 ὡς
1312 744 1360 798 oi
1388 744 1648 816 ἐμπαθεῖς
1668 746 1787 807 ταῖς

231 836 469 905 ἡδοναῖς.
499 835 561 887 Et
590 834 746 887 τοῦτο
790 836 914 906 ὅρος
943 836 1401 907 γαστριμαργίας.
1443 836 1525 901 τδ.
1565 837 1659 890 καὶ
1711 834 1785 907 μὴ

229 926 554 998 ὀρεγόμενον
573 924 871 994 βιάζεσθαι,
886 926 1041 979 τοῦτο
1065 927 1279 989 πάντως
1304 928 1425 997 ὄρος
1446 925 1784 997 ἐγκρατείας,

228 1018 296 1069 τὸ
327 1017 421 1070 καὶ
450 1016 720 1070 πεινῶσαν
746 1019 845 1089 τήν
877 1018 1036 1086 φύσιν
1075 1016 1441 1071 ἀνυπεύθυνον
1464 1012 1627 1070 οὖσαν
1664 1018 1785 1069 ἑπι-

228 1110 476 1180 κρατεϊν.
509 1108 571 1161 Εἰ
597 1108 750 1161 τοῦτο
780 1110 905 1178 ὄρος
946 1107 1222 1175 λαγνείας,
1264 1108 1346 1171 τὸ,
1375 1107 1469 1161 καὶ
1505 1108 1601 1161 ἐπὶ
1628 1106 1785 1171 ζώοις

226 1199 335 1254 καὶ
361 1199 583 1271 ἀψύχοις
620 1200 929 1270 μαίνεσθαι“
963 1199 1121 1253 τοῦτο
1142 1201 1264 1269 ὅρος
1288 1198 1533 1266 ἀγνείας,
1562 1197 1625 1251 τὸ
1646 1238 1662 1262 ,
1694 1199 1789 1251 ἐπὶ

226 1293 401 1345 πᾶσιν
427 1294 500 1356 ὡς
541 1292 767 1363 ἀψύχοις
799 1294 863 1363 τῇ
891 1291 1139 1362 αἰσθήσει
1184 1292 1504 1347 διακεῖσθαι.
1538 1292 1600 1344 Ei
1631 1289 1787 1343 τοῦτο

230 1384 595 1456 φιλαργυρίας
620 1385 789 1455 πέρας
820 1384 918 1449 (4),
944 1383 1027 1447 τὸ,
1058 1384 1324 1454 μηδέποτε
1366 1381 1460 1436 τοῦ
1504 1382 1784 1451 συναθροί-

228 1474 352 1541 ζειν
382 1476 671 1540 παύεσθαι,
698 1477 1114 1547 ἣ’κορέννυσθαι
1136 1493 1150 1506 ·
1190 1476 1347 1528 τοῦτο
1375 1474 1780 1545 ἀκτήμοσύνης,

224 1565 319 1628 τὸ,
352 1564 483 1635 μηδὲ
508 1564 602 1618 τοῦ
632 1564 880 1636 σώματος
907 1564 1197 1633 φείσασθαι
1220 1565 1312 1617 τοῦ
1350 1564 1497 1617 ίδίον.
1534 1564 1594 1616 Εἰ
1625 1564 1783 1618 τοῦτο

225 1655 459 1727 ἀκηδίας
482 1657 673 1727 πέρας,
698 1658 785 1719 τὸ,
820 1658 878 1709 ἐν
918 1658 1064 1727 πάσῃ
1098 1656 1411 1726 ὑπάρχοντα
1438 1657 1620 1710 ἀνέσει
1651 1657 1784 1710 ὑπο-

230 1747 404 1817 μονὴν
428 1747 503 1817 μή
526 1748 819 1818 κεκτῆσθαι
842 1765 855 1779 ·
888 1746 1046 1801 τοῦτο
1080 1749 1374 1819 ὑπομονῆς,
1401 1748 1493 1813 τὸ,
1522 1750 1580 1800 ὲν
1611 1748 1786 1817 θλίψει

225 1835 381 1898 ὄντα,
408 1835 589 1890 ἄνεσιν
612 1836 754 1905 ἔχειν
791 1834 1114 1903 λογίζεσθαι.
1141 1837 1203 1889 Et
1232 1838 1389 1890 τοῦτο
1424 1836 1590 1907 ὀργῆς
1621 1838 1785 1892 πέλα-

1888 657 2125 720 ritatem,
2168 667 2225 710 ut
2277 657 2448 726 Syrus
2506 659 2615 721 ille,
2673 657 2775 711 hac
2830 656 3215 725 tranquillitate
3262 656 3457 726 dignus

1887 744 2104 802 habitus
2133 746 2433 802 cst?David
2467 747 2604 802 inter
2635 762 2820 802 sacros
2842 755 3000 813 vates
3027 748 3451 801 cantatissimns:

1890 836 2113 890 Remitte
2154 839 2304 901 mihi,
2367 838 2543 907 inquit
2559 839 2622 893 ad
2655 838 2963 900 Dominum,
2994 850 3051 890 ut
3076 838 3354 904 rcfrigerer
3384 839 3452 889 ".

1888 922 1984 978 Hic
2006 934 2185 980 autem
2235 926 2435 982 athleta
2462 927 2663 982 Christi
2700 946 2713 981 :
2745 927 2983 980 Remitte
3023 927 3220 981 ﬂuctus
3270 928 3457 994 gratia:

1885 1025 2010 1071 tuae.
2055 1015 2148 1071 illa
2201 1019 2381 1073 anima
2412 1030 2495 1073 est
2551 1020 2601 1072 in
2645 1018 2988 1088 possessione
3021 1018 3451 1087 tranquillitatis,

1888 1123 2009 1177 qua:
2048 1110 2129 1164 sic
2148 1112 2333 1164 alfccta
2354 1120 2406 1164 ct
2441 1110 2745 1164 modiﬁcata
2796 1121 2880 1163 est
2902 1111 3213 1173 virtutibus,
3254 1120 3452 1165 utsunt

1886 1201 2186 1268 perturbati
2211 1212 2265 1256 et
2291 1204 2471 1257 vitiosi
2498 1219 2623 1275 erga
2654 1204 2955 1273 voluptates
3006 1200 3062 1255 Si
3109 1203 3209 1257 iste
3262 1219 3449 1272 supre-

1890 1306 2015 1346 mus
2044 1300 2125 1346 est
2154 1294 2289 1362 gulzc
2321 1296 2538 1363 gradus,
2578 1296 2813 1365 seipsum
2856 1296 3062 1364 absque
3092 1294 3330 1363 appetitu
3359 1309 3449 1347 co-

1885 1396 2009 1448 gere
2038 1383 2104 1435 ad
2139 1385 2485 1453 epulandum,
2544 1402 2667 1439 cum
2704 1402 2807 1439 non
2832 1386 3083 1439 esurias:
3123 1385 3208 1439 hic
3263 1400 3448 1454 supre-

1888 1488 2015 1527 mus
2047 1473 2150 1528 erit
2178 1476 2562 1544 temperantiaz,
2589 1478 2749 1531 etiam
2786 1493 2911 1532 cum
2943 1478 3176 1541 esurias,
3202 1485 3449 1529 naturain

1887 1564 1999 1633 jam
2036 1565 2167 1620 nulli
2200 1566 2329 1619 vitio
2384 1567 2673 1620 obnoxiam
2726 1567 3025 1622 continere.
3086 1567 3142 1620 Si
3200 1576 3453 1620 extrema:

1891 1655 1993 1709 hoc
2031 1656 2258 1710 luxuriae
2289 1658 2502 1727 signum
2540 1668 2643 1722 est,
2683 1674 2806 1728 erga
2856 1658 3056 1713 bestias
3085 1668 3138 1710 ct
3170 1672 3256 1713 res
3283 1657 3452 1711 inani-

1885 1762 2003 1801 mas
2029 1748 2285 1815 cupidine
2311 1747 2441 1801 ferri
2470 1758 2526 1803 et
2577 1749 2851 1814 insanire;
2914 1759 3057 1802 certe
3104 1747 3247 1801 istud
3301 1763 3451 1801 sum-

1888 1854 1989 1893 ma:
2016 1840 2284 1893 castitatis
2301 1840 2423 1903 erit,
2452 1840 2674 1909 perinde
2706 1856 2831 1910 erga
2861 1855 2945 1894 res
2964 1855 3151 1893 omnes
3182 1847 3289 1891 tam
3330 1838 3447 1890 ani-

226 1940 369 1990 γος,
406 1924 468 1977 τὸ
512 1925 606 1978 καὶ
651 1925 874 1995 μηδενὸς
922 1924 1186 1995 παρόντος
1228 1925 1578 2000 θηριοῦσθαιο
1625 1928 1779 1981 τοῦτο

1888 1940 2058 1985 malas
2084 1946 2245 2000 quam
2297 1932 2567 1985 inanimas
2590 1930 2747 1986 allici.
2785 1929 2839 1984 Si
2869 1932 2970 1986 huc
2994 1931 3232 1984 avaritim
3261 1945 3449 1999 supre-

229 2015 613 2085 μακροθυμίας
668 2015 759 2069 τοῦ
809 2017 1071 2081 ἀπόντος,
1133 2017 1227 2085 τοῦ
1283 2018 1644 2090 λοιδοροῦντος
1695 2021 1788 2072 καὶ

224 2106 493 2177 παρόντος
523 2107 781 2171 ὡσαύτως
812 2109 1010 2178 γαλιᾷν
1045 2108 1376 2180 [γαληνιᾷν].
1414 2111 1476 2162 Εἰ
1510 2110 1665 2163 τοῦτο
1698 2127 1787 2162 κε-

224 2197 465 2263 νοδοξίας
487 2198 640 2269 ὕψος,
668 2200 727 2253 τὸ
751 2202 843 2253 καὶ
877 2200 1099 2272 μηδενὸς
1128 2201 1393 2271 παρόντος
1424 2200 1518 2253 τοῦ
1542 2202 1787 2254 ἐπαινεῖν

223 2290 531 2360 ὀφείλοντος
582 2291 887 2358 κενοδοξίας
937 2292 1073 2361 ἔργα
1130 2288 1581 2362 σχηματίζεσθαι,
1629 2289 1786 2343 τοῦτο

224 2383 450 2446 πάντως
480 2382 824 2447 ἀκενοδοξίας
860 2378 1021 2447 εἶδος,
1066 2382 1127 2434 τὸ
1174 2381 1439 2451 μηδέποτε
1482 2382 1540 2434 ὲν
1580 2397 1785 2449 παρου-

226 2475 378 2536 σέαις
406 2473 504 2544 τήν
527 2473 734 2527 ἔννοιαν
762 2472 1103 2527 κλέπτεσθαι.
1156 2473 1217 2524 Et
1263 2471 1421 2524 τοῦτο
1456 2465 1592 2534 εἶδος
1640 2472 1784 2523 ἀπωο

223 2562 379 2626 λείας
402 2562 499 2632 (5),
530 2562 711 2631 είγουν
737 2561 1110 2632 ὑπερηφανίας
1138 2560 1199 2614 τὸ
1229 2562 1287 2613 ὲν
1309 2560 1518 2613 εὐτελεῖ
1544 2560 1780 2630 σχήματι

222 2653 568 2723 ἰπαίρεσθαι,
591 2653 750 2707 τοῦτο
776 2652 1120 2722 σωτηριῶδες
1159 2651 1537 2715 ταπεινώσεως
1578 2650 1781 2719 τεκμή-

225 2759 367 2813 ριον,
401 2741 462 2795 τδ
490 2744 548 2797 ἐν
579 2742 802 2812 ὑψηλοῖς
843 2742 1225 2811 ἐγχειρήμασι,
1263 2740 1357 2793 καὶ
1390 2737 1773 2808 κατορθώμασι

220 2832 476 2887 ταπεινὸν
519 2832 663 2903 ἔχειν
704 2834 975 2903 φρόνημα.
1024 2833 1130 2884 Καὶ
1170 2833 1217 2884 εί
1272 2830 1429 2884 τοῦτο
1480 2828 1781 2900 ἐμπαθείας

223 2922 521 2987 παντελοῦς
575 2924 903 2993 τεκμήριον,
946 2923 1005 2974 τὸ
1052 2924 1185 2983 πᾶσι
1226 2926 1336 2987 τοῖς
1383 2923 1486 2975 ὑπὸ
1516 2921 1779 2990 δαιμόνων

212 3011 705 3084 ’ὑτωσπειρομάνοις
739 3011 922 3081 σχεδὸν
946 3010 1106 3074 ὀξέως
1142 3011 1403 3064 ὑπείκειν.
1452 3010 1592 3076 Ἐγὼ
1622 3010 1779 3063 τοῦτο

221 3103 331 3173 τῆς
349 3101 506 3171 ἀγίας
525 3102 785 3163 ἀπαθείας
808 3101 1076 3170 ὑπείληφα
1100 3099 1407 3171 γνώρισμα,
1433 3101 1500 3153 τὰ
1519 3099 1776 3154 δύνασθαι

222 3192 473 3265 ἐναργῶς
498 3194 674 3263 λέγειν
701 3207 719 3225 ’
769 3193 1184 3257 Ἐκκλίνοντος
1228 3192 1331 3245 ἀπ’
1358 3191 1503 3260 ἐμοῦ
1532 3191 1635 3245 τοῦ
1669 3206 1773 3244 πο-

1889 2038 2011 2078 mus
2043 2033 2127 2077 est
2163 2023 2452 2082 terminus,
2476 2039 2649 2092 neque
2678 2022 3062 2077 coacervandis
3112 2024 3307 2091 Opibus
3365 2024 3447 2073 nl-

1888 2114 2000 2168 lum
2032 2114 2254 2169 modum
2280 2130 2501 2184 ponere,
2555 2129 2654 2168 nec
2715 2114 2956 2182 pecuniis
3018 2114 3250 2181 expleri;
3302 2121 3448 2167 certe

1890 2214 2082 2259 contra
2115 2220 2255 2259 vera:
2282 2206 2614 2273 paupertatis
2666 2214 3044 2275 argumentum
3104 2203 3227 2267 erit,
3274 2218 3446 2271 neque

1888 2297 2105 2365 corpori
2133 2312 2373 2367 parcere.
2412 2295 2469 2351 Si
2502 2306 2757 2351 extrema:
2812 2296 3030 2350 desidiae
3083 2306 3205 2349 nota
3247 2304 3352 2358 est,
3390 2296 3442 2347 in

1885 2403 2100 2443 summo
2124 2390 2233 2443 otio
2271 2389 2636 2458 impatientem
2672 2388 2784 2443 lieri
2812 2406 2827 2454 ;
2852 2388 2979 2441 illud
3023 2384 3169 2442 certe
3218 2402 3446 2441 summae

1884 2479 2154 2549 patientia:
2188 2480 2445 2534 indicium
2473 2480 2597 2545 erit,
2628 2480 2680 2533 in
2745 2481 2859 2548 ipsa
2914 2479 3205 2533 alllictione
3255 2488 3445 2547 putare

1882 2584 1940 2623 se
1972 2569 2353 2622 relaxatiouem
2384 2570 2665 2637 reperisse.
2708 2569 2762 2623 Si
2808 2568 2893 2621 hic
2913 2578 3190 2622 extremus
3212 2570 3305 2622 ira:
3332 2569 3443 2621 vel—

1882 2667 1943 2711 ut
1994 2659 2164 2728 pelagi
2196 2659 2346 2713 furor
2382 2669 2485 2721 est,
2545 2658 2702 2712 etiam
2746 2658 2961 2711 nemine
2999 2668 3260 2726 praesente
3314 2657 3444 2711 elic-

1880 2748 1984 2799 rari
2015 2763 2027 2810 ;
2056 2760 2281 2799 summa:
2301 2746 2570 2815 aequitatis
2614 2746 2781 2799 animi
2828 2745 3039 2814 signum
3095 2746 3218 2809 crit,
3280 2743 3446 2815 m

1879 2837 2103 2907 perinde
2131 2837 2295 2890 animi
2324 2837 2670 2892 serenitatem
2710 2846 2975 2907 przesente
2999 2845 3053 2890 et
3090 2839 3313 2891 absente
3353 2852 3443 2888 ca-

1879 2926 2203 2979 lumniatore
2235 2926 2483 2979 retinere.
2519 2918 2584 2977 'Si
2618 2924 2664 2978 is
2728 2925 2793 2977 ad
2837 2924 3052 2979 culmen
3084 2939 3235 2979 vanae
3264 2924 3447 2995 gloriae

1877 3014 2139 3079 ascendit,
2183 3015 2273 3085 qui
2313 3014 2462 3069 nullo
2488 3026 2745 3082 praesente
2771 3029 2800 3067 a
2834 3029 2944 3083 quo
2995 3017 3263 3073 laudetur,
3293 3029 3447 3066 vana:

1878 3104 2266 3172 tamengloriae
2290 3091 2453 3171 opera
2495 3104 2649 3172 lingit
2715 3112 2767 3157 et
2788 3104 3027 3166 simulat,
3090 3103 3230 3156 haud
3284 3102 3447 3156 dubie

1878 3194 2091 3261 reiectae
2146 3192 2361 3261 penitus
2402 3201 2458 3246 et
2502 3192 2726 3247 devicta:
2766 3208 2919 3247 vanas
2974 3194 3155 3261 gloriae
3190 3192 3362 3247 forma
3391 3199 3447 3246 et

220 3283 417 3351 νηροῦ
440 3283 540 3355 (6),
597 3285 707 3338 οὐκ
759 3283 1111 3353 ἐγίνωσκον,
1161 3280 1282 3332 οὐδὲ
1338 3280 1453 3343 πῶς
1500 3279 1773 3347 ἐλήλυθεν,

1882 3283 2156 3352 specimen
2188 3268 2309 3345 erit,
2346 3284 2475 3336 nihil
2509 3283 2693 3337 animo
2743 3284 2795 3337 iu
2816 3284 3172 3353 conventibus
3202 3296 3446 3338 commo-

221 3374 347 3428 οὑδὲ
375 3375 517 3439 τίνος
561 3375 741 3439 ἕνεκα,
785 3375 907 3427 οὐδὲ
936 3374 1051 3438 πῶς
1092 3372 1426 3443 ἀπελήλυθεν
1449 3412 1463 3435 ,
1507 3370 1619 3424 ἀλλ’
1656 3370 1771 3432 ὅλος

219 3466 412 3521 λοιπὸν
437 3467 774 3540 ἀναισθήτως
809 3466 945 3537 πρὸς
970 3465 1037 3519 τὰ
1068 3464 1291 3541 τοιαῦτα
1325 3464 1432 3534 ἔχω
1458 3480 1471 3493 ·
1500 3462 1773 3532 ἡνωμένος

190 3618 196 3623 ,
220 3559 347 3626 ὅλος
372 3558 467 3622 ὣν,
500 3558 597 3614 καὶ
615 3558 702 3612 ἀεὶ
726 3558 976 3629 ἐσόμενος
1007 3555 1144 3628 Θεῷ.

1881 3374 2016 3435 veri,
2037 3380 2132 3426 aut
2162 3372 2262 3425 sibi
2290 3372 2398 3441 pati
2431 3374 2739 3442 subrepere.
2770 3372 2827 3428 Si
2864 3373 2977 3427 haec
3004 3374 3155 3427 exitii
3206 3374 3320 3427 sive
3350 3389 3446 3428 su-

1879 3464 2075 3533 perbize
2112 3464 2320 3533 species
2343 3474 2445 3527 est,
2483 3464 2537 3517 in
2570 3464 2659 3518 vili
2701 3464 2888 3521 habitu
2917 3466 3099 3519 extolli
3126 3484 3139 3531 ;
3174 3465 3275 3519 hoc
3302 3464 3446 3519 salu-

1885 3556 2017 3609 taris
2056 3554 2373 3609 humilitatis
2389 3557 2602 3624 signum
2666 3557 2789 3619 erit,
2818 3556 2871 3609 in
2901 3556 3085 3611 arduis
3108 3558 3361 3625 Operibus
3392 3564 3447 3609 et

220 3652 486 3711 virtutum
514 3649 703 3706 olliciis
731 3650 983 3705 humilem
1017 3651 1256 3704 animum
1289 3648 1537 3705 retinere.
1563 3644 1617 3700 Si
1652 3647 1755 3701 huc
1796 3662 2062 3716 suprema:
2095 3647 2405 3723 vitiositatis
2440 3647 2697 3703 indicium
2730 3658 2830 3713 est,
2864 3650 3116 3704 omnibus
3141 3650 3442 3703 daemonum

220 3742 662 3814 inﬂationibus
716 3744 897 3796 statim
942 3741 1152 3807 cedere,
1214 3751 1325 3796 tum
1357 3756 1457 3811 ego
1510 3740 1865 3797 certissimam
1896 3750 2096 3796 sanctae
2123 3741 2527 3808 tranquillitatis
2564 3751 2821 3797 tesseram
2848 3742 3124 3796 aﬂirmabo
3162 3741 3262 3793 hoc
3282 3756 3442 3809 posse

194 3841 413 3904 aperte
463 3831 697 3886 testari:
732 3824 1086 3897 Decliuantem
1161 3848 1191 3882 a
1225 3846 1303 3882 me
1348 3829 1636 3898 malignum
1699 3845 1802 3880 non
1835 3831 2205 3897 cognoscebam
2247 3829 2314 3891 ",
2354 3843 2529 3896 neque
2571 3824 2845 3897 quomodo
2892 3830 3199 3891 accesserit,
3268 3844 3441 3897 neque

219 3938 393 3996 quam
450 3921 522 3977 ob
554 3908 794 3985 causam,
848 3935 1018 3989 neque
1050 3918 1322 3987 quomodo
1362 3919 1661 3983 recesserit,
1719 3919 1813 3973 sed
1851 3918 1917 3972 ad
1957 3919 2091 3983 inec,
2122 3928 2177 3972 et
2208 3918 2519 3987 hujusmodi
2547 3917 2729 3997 omnia
2778 3927 3032 3985 tanquam
3072 3916 3217 3968 onmi
3276 3932 3438 3971 sensu

219 4027 490 4075 carerem,
525 4009 747 4066 aﬂ'ectus
773 4025 915 4075 sum,
947 4024 1068 4063 cum
1112 4007 1220 4063 Deo
1268 4018 1739 4077 quantusquantus
1785 4022 1905 4062 sum
1946 4004 2271 4075 coniunctus
2308 4022 2584 4076 nunquam
2615 4008 2683 4060 ab
2738 4021 2803 4059 eo
2839 4006 3221 4076 sejungendus.

305 4103 367 4158 Ὅ
386 4100 641 4173 τοιαύτης
681 4099 1060 4159 καταστάσεως
1110 4096 1426 4168 ἠξιωμένος,
1461 4096 1542 4148 ἔτι
1591 4096 1667 4149 ὢν
1714 4098 1771 4148 ἐν

221 4196 412 4268 σαρκὶ,
443 4192 603 4248 αὑτὸν
647 4189 746 4246 τὸν
786 4190 1091 4243 ἐνοικοῦντα
1130 4189 1215 4240 ἀεὶ
1257 4189 1314 4241 ὲν
1372 4190 1543 4242 ἅπασι
1572 4189 1769 4256 λόγοις,

163 4299 174 4308 ’
221 4287 324 4341 καὶ
351 4284 553 4356 ἔργοις,
576 4284 669 4338 καὶ
693 4282 1045 4353 διανοήμασιν
1078 4280 1189 4350 ἔχει
1216 4279 1578 4350 κυϐερνῶντα.
1616 4280 1775 4332 Ὅθεν

218 4382 414 4435 λοιπὸν
439 4381 538 4434 καὶ
564 4378 641 4444 ὡς
671 4379 853 4449 φωνῆς
890 4395 1050 4441 mag,
1082 4379 1177 4447 τῆς
1198 4376 1303 4441 ,τοῦ
1347 4377 1548 4445 Κυρίου
1582 4375 1775 4446 βουλή-

222 4486 368 4533 σεως
416 4467 563 4522 ἔνδον
616 4468 707 4522 διὰ
757 4468 1031 4537 φωτισμοῦ
1078 4466 1547 4537 ἀντιλαμϐάνεται,
1596 4468 1774 4537 πάσης

219 4558 571 4621 δ-ὃασκαλίας
640 4558 980 4629 ἀνθρωπίνης
1042 4559 1366 4628 ὑψηλότερος
1420 4558 1702 4627 γενόμενος
1757 4576 1769 4587 ·

221 4653 382 4709 Πότε
406 4650 549 4719 ἦξω,
567 4649 666 4704 καὶ
692 4650 1025 4719 ὀφθήσομαι
1050 4652 1129 4715 τῷ
1150 4650 1443 4717 προσώπῳ
1466 4649 1572 4703 τοῦ
1591 4650 1771 4713 Θεοῦ;

1943 4094 2045 4161 Qui
2072 4094 2161 4151 tali
2188 4105 2329 4149 statu
2345 4094 2600 4165 dignatus
2624 4106 2726 4162 est,
2750 4094 2809 4150 'is
2838 4097 2966 4151 dum
2990 4099 3168 4153 adhuc
3202 4100 3252 4151 iu
3278 4114 3442 4155 carne

1872 4183 2039 4254 degit,
2064 4182 2228 4238 Deum
2257 4184 2483 4239 habetin
2502 4201 2560 4240 se
2581 4186 2936 4251 habitantem,
2961 4188 3053 4255 qui
3073 4189 3251 4241 omnia
3271 4189 3441 4257 ipsius

1875 4275 2039 4342 dicta,
2070 4274 2229 4341 facta,
2262 4286 2313 4331 et
2338 4277 2568 4345 cogitata
2593 4276 2752 4331 etiam
2777 4278 3055 4347 gubernat.
3085 4282 3161 4330 Ac
3190 4277 3441 4349 deinceps

1879 4375 2135 4437 tanquam
2164 4382 2352 4422 vocem
2376 4368 2607 4438 alicujus
2640 4369 2785 4423 intus
2818 4367 3177 4437 accipit,.qu:e
3204 4370 3439 4428 divinant

1875 4460 1923 4513 ei
1952 4461 2281 4514 voluntatem
2303 4475 2398 4529 per
2414 4460 2861 4515 illumiuationem
2879 4460 3278 4529 interpretatur,
3298 4466 3443 4521 unde

1876 4552 2084 4606 doetior
2100 4562 2153 4605 et
2173 4553 2458 4608 sublimior
2472 4552 2620 4605 omni
2644 4551 2877 4604 humana
2900 4550 3143 4608 doctrina
3171 4555 3345 4611 factus
3362 4559 3442 4611 di—

1830 4664 1831 4667 ‘
1872 4646 1946 4701 cit
1974 4666 1987 4700 :
2021 4646 2241 4711 Quando
2263 4646 2464 4698 veniam
2488 4653 2537 4698 et
2580 4646 2837 4713 apparebo
2870 4655 2990 4700 ante
3010 4649 3197 4716 faciem
3237 4650 3333 4704 Dei
3360 4652 3442 4704 "?
3486 4692 3489 4695 μ

220 4748 290 4800 οὐ
322 4712 442 4815 γὰρ·
630 4712 811 4793 λοιπὸν
828 4712 939 4794 τοῦ.
960 4712 1124 4793 πόθου
1149 4712 1247 4809 τήν
1279 4742 1556 4810 ἐνέργειαν
1580 4757 1593 4770 ο
1636 4712 1772 4794 ἀλλά

1881 4751 1979 4792 nec
2026 4738 2169 4792 enim
2233 4734 2437 4790 diutius
2487 4734 2597 4813 vim
2652 4712 2905 4792 desiderii
2987 4712 3128 4795 ferre
3194 4756 3436 4809 possum,

224 4832 402 4905 ζητῶ,
430 4832 567 4901 ὅπερ
593 4826 855 4883 ἀθάνατον
884 4826 1071 4890 καλλος
1101 4828 1205 4897 πρὸ
1238 4830 1335 4899 τῆς
1364 4828 1535 4898 πηλοῦ
1570 4845 1658 4897 μοι
1684 4829 1768 4881 δέ-

220 4930 429 4989 mc.
454 4923 511 4977 '0
527 4919 759 4991 ἁωθὴς,
778 4918 920 4972 τίδεί
944 4918 1109 4995 πολλὰ
1124 4919 1299 4986 λέγειν
1318 4936 1333 4985 ;
1356 4918 1421 4987 ζῇ
1432 4919 1545 4988 μὲν
1558 4921 1666 4972 οὐκ
1686 4919 1771 4970 ἑτι

221 5014 521 5083 αὑτὸς-,ζῇ
549 5014 619 5069 δὲ
644 5011 715 5066 ἐν
742 5006 899 5073 αὐτῷ
917 5009 947 5062 ὁ
966 5009 1238 5075 Χριστὸς,
1258 5010 1396 5063 καθά
1424 5028 1583 5080 φησιν
1616 5013 1649 5063 ό
1676 5011 1779 5062 τὸν

223 5108 433 5178 ἀγῶνα
460 5107 567 5160 τὸν
600 5102 791 5158 καλὸν
820 5098 1279 5169 ἀγωνισάμενος,
1317 5101 1413 5152 καὶ
1441 5101 1544 5154 τὸν
1565 5101 1783 5168 δρόμον

225 5197 570 5263 τετελεκὼς,
596 5196 696 5250 καὶ
720 5194 833 5262 τὴν
856 5192 1058 5249 πίστιν
1083 5191 1408 5257 τετηρηκὼς
1442 5193 1777 5259 ὀρθόδοξον.

228 5287 311 5343 οὐ
341 5288 652 5342 συνίσταται
673 5285 904 5355 διάδημα
944 5280 1199 5351 βασιλέως
1237 5281 1295 5346 ἐξ
1327 5280 1443 5343 ἑνὸς
1489 5282 1660 5347 λίθου,
1691 5285 1781 5335 καὶ

228 5379 300 5434 οὐ
326 5375 623 5431 τελειοῦται
649 5375 906 5437 ἀπάθεια,
936 5373 1000 5427 ἂν
1034 5373 1158 5443 μιᾶς
1196 5371 1391 5439 ἀρετῆς
1424 5373 1517 5423 καὶ
1554 5372 1651 5441 τῆς
1686 5391 1780 5425 τυ-

230 5466 437 5539 κούσης
467 5468 859 5539 ἀμελήσωμεν·
906 5463 1170 5518 ἀπάθειαν
1213 5462 1310 5531 μὲν
1339 5460 1565 5529 νοήσεις,
1597 5464 1655 5515 τὸ
1687 5463 1779 5515 τοῦ

127 5554 135 5560 ’
232 5554 557 5625 ὲιωυρανίου
602 5553 862 5624 βασιλέως
892 5555 949 5607 ἐν
980 5554 1223 5624 οὐρανοῖς
1256 5548 1531 5602 παλάτιον.
1580 5551 1780 5614 Πολλὰς

228 5650 292 5704 δὲ
328 5634 498 5719 μονὰς
536 5645 634 5708 τὰς
671 5647 816 5701 ενδον
846 5649 941 5719 τῆς
974 5647 1176 5709 πόλεως
1200 5644 1394 5714 ταύτης
1427 5644 1775 5712 κατασκηνώ-

1877 4827 1966 4881 sed
2016 4822 2201 4895 quaero
2235 4826 2540 4895 immortale
2577 4829 2995 4898 pulchritudinis
3053 4834 3239 4894 decus,
3290 4835 3435 4899 quod

1880 4917 2006 4969 mihi
2074 4925 2195 4969 ante
2259 4916 2433 4971 lutum
2499 4918 2681 4974 carnis
2754 4921 2913 4990 hujus
2978 4921 3192 4975 dedisti.
3273 4919 3437 4993 449

1877 5006 1931 5059 In
1991 5005 2090 5059 ista
2176 5004 2563 5077 tranquillitate
2654 5011 2820 5067 animi
2889 5010 3213 5065 constitutus
3285 5013 3435 5081 (quid

1876 5113 2011 5165 opus
2039 5106 2123 5150 est
2160 5099 2461 5170 pluribus?)
2491 5102 2622 5157 vivit
2642 5102 2755 5173 jam
2790 5117 2892 5156 non
2922 5102 3052 5169 ipse,
3091 5101 3185 5156 sed
3222 5104 3348 5157 vivit
3378 5104 3431 5158 in

1879 5189 1972 5241 illo
2004 5186 2255 5244 Christus
2282 5191 2346 5254 ³⁵,
2398 5191 2849 5269 quemadmodum
2884 5190 3053 5256 dicit,
3106 5194 3197 5262 qui
3232 5196 3430 5248 bonum

1877 5280 2154 5331 certamen
2185 5282 2432 5346 certavit,
2458 5298 2677 5339 cursum
2706 5284 3135 5348 consummavit,
3155 5285 3310 5339 tidem
3340 5301 3429 5339 ve-

1884 5385 1999 5424 ram
2030 5380 2085 5424 et
2107 5384 2307 5428 rectam
2332 5376 2567 5432 servavit
2586 5376 2652 5433 .”.
2683 5370 2798 5426 Non
2824 5386 3038 5429 constat
3065 5390 3260 5430 corona
3286 5374 3428 5443 regis

1883 5478 1949 5515 ex
1978 5478 2087 5515 uno
2115 5465 2291 5534 lapide
2315 5467 2573 5537 pretioso,
2602 5477 2699 5521 nec
2729 5467 2895 5521 animi
2921 5454 3276 5537 tranquillitas
3301 5480 3426 5533 per-

1886 5554 2085 5617 ficitur,
2120 5557 2165 5612 si
2191 5559 2273 5613 vel
2304 5574 2431 5621 una,
2476 5556 2865 5629 qualiscunque
2898 5560 2984 5613 illa
3018 5558 3305 5624 sit,‘virtus
3330 5573 3425 5611 ne-

1881 5643 2129 5713 gligatur.
2153 5645 2256 5702 Per
2276 5646 2723 5717 tranquillitatem
2751 5650 3010 5720 intelliges
3026 5648 3167 5703 illam
3190 5647 3423 5712 ctelestis

311 5828 355 5861 ³⁸
380 5823 524 5883 Psal.
575 5839 799 5893 nm",
850 5824 930 5880 ﬂ.
1008 5825 1047 5855 ³²
1072 5822 1212 5879 Padi.
1248 5840 1293 5890 c,
1333 5825 1384 5878 4.
1488 5824 1529 5854 ⁵³
1564 5823 1779 5878 R531.“

1893 5827 1941 5879 5.
2024 5829 2064 5861 ³⁸
2118 5828 2288 5884 Galat.
2351 5841 2407 5890 tt,
2472 5826 2559 5881 ‘20.
