4032 6340
643 449 775 516 1151

1865 463 1923 521 S.
1973 463 2006 523 Ι
2011 463 2209 525 ΟΛΝΝ
2217 467 2288 526 IS
2317 467 2636 528 ;CLIMACI

3707 464 3858 531 115?.

644 571 985 638 imperatoris
1033 572 1374 643 regiam-seu
1425 574 1707 645 palatium.
1757 576 1954 632 Multas
2012 590 2190 634 autem

2306 599 2403 645 τεις
2435 584 2534 649 (8).
2577 584 2759 652 Τεῖχος
2784 582 2880 652 τὴν
2914 581 3279 651 Ἰερουσαλὴμ,
3306 583 3404 651 τὴν
3429 583 3540 635 τῶν
3570 597 3880 653 πταισμαοῐ

644 664 974 724 mansiones,
993 680 1113 733 qua:
1134 666 1271 719 intra
1293 667 1563 721 civitatem
1589 669 1726 722 hanc
1748 680 1896 731 sunt.
1920 670 2190 736 justorum

644 754 1018 810 habitationes.
1060 756 1268 810 Murum
1328 757 1656 823 Jerusalem,
1716 771 2194 831 peccatorum-re-

646 848 950 902 missiones.
987 848 1301 911 Curramus,
1366 851 1576 916 fratres,
1612 862 1671 907 ut
1721 855 1774 908 in
1821 855 2056 910 caelestis
2097 872 2194 926 pa-

649 939 758 991 latii
785 941 1080 994 thalamum
1116 952 1476 1010 penetremus.
1513 944 1664 1010 Quod
1703 946 1747 1000 si
1781 962 1846 1000 ex
1881 949 2064 1002 oneris
2093 949 2193 1001 ali-

648 1031 804 1098 cujus
833 1033 1212 1101 anticipatione
1242 1037 1311 1102 (o
1340 1036 1777 1108 calamitatem!)
1823 1048 2197 1117 aut\tempore
2242 1067 2247 1074 ι

645 1126 901 1193 occupati
931 1124 1195 1181 fuerimus
1218 1167 1235 1190 ,
1283 1128 1470 1181 saltem
1504 1129 1678 1183 locum
1722 1129 1957 1200 aliquem
1988 1132 2195 1186 circum

652 1213 828 1281 ipsum
865 1217 1157 1271 thalamum
1191 1231 1458 1286 occupare
1484 1221 1814 1275 studeamus.
1850 1223 1906 1276 Si
1940 1238 2066 1276 vero
2097 1223 2196 1277 ad-

650 1304 757 1358 huc
789 1320 1066 1362 cessamus
1096 1316 1151 1363 et
1183 1310 1395 1364 remissi
1441 1326 1663 1374 sumus,
1718 1328 1972 1366 curemus
2018 1322 2196 1366 tamen

653 1404 708 1448 ut
756 1397 945 1451 saltem
984 1399 1121 1454 intra
1156 1401 1375 1465 mmnia,
1409 1418 1627 1471 quoquo
1659 1404 1820 1456 modo
1868 1397 2157 1472 possumus
2182 1446 2196 1465 .
2231 1407 2239 1413 ’

550 1508 554 1512 λ
652 1495 1015 1555 penetremus.
1065 1490 1196 1545 Nam
1243 1494 1334 1561 qui
1371 1509 1472 1547 non
1507 1505 1631 1548 ante
1658 1497 1860 1549 exitum
1902 1497 2024 1549 vitze
2072 1497 2201 1550 illuc

656 1580 930 1648 ingressus
978 1580 1172 1646 fuerit,
1216 1585 1298 1638 vel
1349 1586 1524 1655 potius
1568 1587 1764 1641 muenia
1799 1588 2107 1642 ascenderit
2148 1595 2204 1642 et

659 1672 943 1738 soperarit,
977 1673 1029 1725 in
1057 1682 1206 1728 vasta
1239 1676 1542 1730 daemonum
1575 1678 1863 1732 solitudine
1904 1679 2200 1734 stabulabi-

656 1770 764 1815 tur.
808 1761 1088 1832 Propterea
1136 1768 1224 1821 ille
1269 1768 1534 1837 quispiam
1582 1772 1946 1839 precabatur:
1982 1770 2048 1826 In
2093 1771 2202 1826 Deo

658 1871 768 1907 meo
800 1858 1159 1926 transgredior
1200 1875 1406 1912 murum
1431 1862 1495 1913 ³⁸.
1548 1860 1614 1916 Et
1655 1863 1792 1917 alius
1837 1872 2092 1932 tanquam
2135 1879 2200 1917 ex

2291 691 2395 727 των
2433 674 2641 741 ἄφεσιν.
2702 675 3028 744 Δράμωμεν,
3067 673 3300 742 ἀδελφοὶ,
3352 675 3450 744 τῆς
3500 676 3558 728 ὲν
3594 675 3668 744 τῷ
3710 695 3860 747 νυμ-

2293 765 2430 832 φῶνι
2474 765 2566 818 τοῦ
2597 765 2849 822 παλατίου
2880 765 3079 818 εἰσόδου
3112 767 3322 834 τυχεῖν·
3361 766 3408 817 εἰ
3438 759 3500 819 δέί
3524 767 3586 818 ἐκ
3615 785 3765 830 τινος
3817 769 3855 836 ἢ

2295 856 2511 925 φορτίου
2565 854 2901 926 προλήψεως,
2953 855 2999 907 ὦ
3050 857 3148 924 τῆς
3198 857 3510 926 συμφορᾶςῑ
3564 857 3597 925 ἦ
3647 856 3858 927 χρόνου

2296 945 2835 1015 προκατελήφθημεν,
2886 946 2985 1000 κᾶν
3022 947 3187 1017 μονήν
3220 965 3339 1000 τινα
3384 947 3542 1018 πέριξ
3582 948 3670 1000 τοῦ
3708 966 3860 1017 νυμ-

2296 1037 2469 1105 φῶνος
2497 1035 2912 1107 προφθάσωμεν.
2945 1038 3006 1090 Ei
3033 1037 3090 1090 δὲ
3117 1037 3196 1089 ἔτι
3237 1036 3556 1107 όκλάζομεν,
3588 1037 3622 1108 ἢ
3650 1055 3860 1109 παρει-

2301 1125 2448 1196 μένοι
2474 1127 2829 1196 τυγχάνομεν,
2851 1125 3115 1188 κᾶνὲντδς
3137 1124 3229 1178 τοῦ
3249 1125 3458 1194 τείχους
3483 1128 3638 1179 παντὶ
3655 1126 3860 1197 τρόπῳ

2298 1215 2610 1285 γενώμεθα·
2662 1216 2692 1267 ὁ
2748 1214 2856 1284 γὰρ
2903 1214 3007 1284 πρὸ
3058 1214 3240 1276 τέλους
3292 1215 3409 1267 ἐκεῖ
3441 1214 3514 1284 μὴ
3564 1214 3858 1278 εἰσελθὼν,

2301 1303 2496 1374 μᾶλλον
2527 1304 2584 1356 δὲ
2617 1305 2689 1374 μὴ
2721 1303 3106 1375 ὑπερϐεϐηκὼς
3134 1307 3193 1358 ὲν
3222 1306 3422 1376 ἐρημίᾳ
3443 1305 3860 1375 αὐλισθήσεται.

2299 1394 2395 1446 Διὰ
2418 1393 2570 1446 τοῦτό
2594 1411 2675 1456 τις
2695 1394 2890 1464 ηὔχετο
2909 1394 3078 1462 λέγων
3096 1411 3110 1425 ⁸
3147 1395 3248 1449 Ἐν
3277 1395 3354 1460 τῷ
3376 1395 3495 1460 Θεῷ
3519 1413 3634 1463 μου
3660 1398 3864 1459 ὑπερ-

2301 1485 2552 1554 ϐήσομαι
2593 1484 2804 1552 τεῖχος.
2853 1486 2961 1557 Καὶ
3000 1487 3180 1555 ἔτερος
3215 1485 3289 1548 ὡς
3318 1488 3382 1539 ἐκ
3424 1487 3712 1557 προσώπου
3754 1484 3862 1539 τοῦ

2300 1574 2430 1626 Θεοῦ
2466 1589 2658 1644 φησιν·
2689 1577 2809 1641 Οὐχ
2846 1577 2903 1627 al
2932 1574 3203 1642 ἁμαρτίαι
3236 1574 3402 1644 ὑμῶν
3437 1579 3592 1629 εἰσιν
3617 1579 3674 1628 al
3725 1574 3868 1628 δια-

2302 1665 2645 1733 χωρίζουσαι
2682 1665 2796 1719 ἀνὰ
2829 1667 3022 1735 μέσον
3075 1665 3240 1735 ὑμῶν
3288 1668 3386 1720 καὶ
3433 1667 3609 1737 ἑμοῦ;
3657 1662 3900 1724 Διακό-⁵

2300 1761 2509 1830 ψωμεν,
2545 1754 2588 1811 ὦ
2636 1759 2798 1827 φίλοι,
2840 1760 2901 1812 τὸ
2946 1761 3251 1831 μεσότειχον
3283 1761 3377 1814 τοῦ
3417 1761 3684 1833 φραγμοῦ,
3716 1764 3870 1833 ὅπερ

2302 1851 2387 1905 διὰ
2437 1852 2716 1920 παρακοῆς
2765 1851 2946 1915 κακῶς
2974 1852 3423 1924 ᾠκοδομήσαμεν·
3470 1853 3720 1922 λάϐωμεν
3771 1856 3872 1905 ὲν-

659 1961 884 2014 persona
915 1925 1006 2002 Dei
1052 1950 1180 2004 dicit
1210 1969 1223 2005 :
1255 1951 1439 2005 Nonne
1465 1965 1676 2020 peccata
1701 1963 1874 2008 vestra
1921 1964 2044 2008 sunt
2087 1970 2204 2023 qua:

2306 1942 2490 1996 τεῦθεν
2519 1941 2668 1995 λύσιν
2699 1941 2790 1994 τοῦ
2825 1943 3033 2014 χρέους,
3069 1944 3199 1997 διότι
3225 1945 3324 1997 οὐκ
3347 1945 3493 1997 ἔστιν
3534 1947 3589 1996 ὲν
3629 1944 3709 2013 τῷ
3759 1944 3875 2015 ᾄδῃ

654 2038 895 2092 dividunt
931 2042 1067 2093 inter
1103 2058 1190 2095 vos
1239 2051 1287 2096 et
1335 2061 1412 2097 me
1435 2044 1518 2097 ’7?
1546 2045 1952 2111 Perfodiamus,
2004 2046 2198 2111 amici,

658 2129 890 2182 medium
927 2131 1068 2200 sepis
1102 2131 1391 2200 parietem,
1431 2150 1590 2202 quem
1643 2151 1735 2204 per
1782 2135 2200 2190 inobedientiam

2307 2037 2335 2088 ὁ
2377 2033 2671 2102 δυνάμενος
2722 2034 2991 2088 ἰάσασθαι.
3048 2035 3422 2106 Σχολάσωμεν.
3477 2035 3713 2104 ἀδελφοὶ,
3767 2037 3875 2088 καὶ

2309 2130 2416 2198 γὰρ
2459 2127 2744 2196 σχολασταὶ
2770 2127 3196 2196 ἀπεγράφημεν’
3227 2128 3327 2181 οὐκ
3356 2128 3471 2188 ἐστι
3497 2129 3714 2198 πτῶμα,
3761 2130 3874 2181 οὐκ

660 2221 800 2274 male
829 2220 1234 2277 aedilicavimus.
1259 2223 1601 2294 Accipiamus
1635 2227 1760 2282 hinc
1782 2227 2081 2282 debitorum
2113 2243 2204 2282 so-

2311 2219 2422 2272 ἔστι
2466 2219 2676 2289 καιρὸν,
2715 2219 2814 2270 οὐκ
2846 2217 2958 2271 ἔστι
2987 2219 3201 2288 φορτίον
3244 2219 3708 2288 προφασίσασθαι·
3745 2222 3875 2273 ὅσοι

661 2311 943 2376 lutionem,
992 2314 1119 2383 quia
1172 2331 1281 2369 non
1325 2326 1409 2371 est
1449 2319 1589 2386 apud
1626 2318 1830 2373 inferos
1867 2319 1959 2388 qui
2013 2335 2204 2374 sanare

2310 2312 2418 2383 γὰρ
2448 2311 2634 2365 ἔλαϐον
2678 2311 2770 2364 τὸν
2800 2312 3000 2382 Κύριον
3039 2311 3128 2364 διὰ
3172 2310 3392 2384 λούτρου
3424 2311 3874 2380 παλιγγενεσίας,
3969 2352 3976 2358 .

662 2404 851 2471 possit.
874 2403 1035 2475 5,50
1051 2404 1373 2463 Studeamus
1395 2424 1545 2478 ergo,
1571 2409 1784 2474 fratres,
1810 2411 2038 2465 studiosi
2062 2411 2204 2464 enim

2307 2403 2490 2457 ἔδωκε
2543 2401 2746 2469 αὐτοῖς
2796 2402 3083 2467 ἐξουσίαν
3132 2401 3314 2456 τέκνα
3369 2402 3515 2457 Θεοῦ
3556 2402 3873 2471 γενέσθαι,

660 2504 875 2550 aeterna:
906 2498 1026 2551 vita:
1075 2498 1314 2567 inscripti
1365 2515 1576 2561 sumus,
1610 2516 1708 2556 nec
1731 2511 1813 2557 est
1841 2503 1981 2571 quod
2012 2502 2094 2557 vel
2126 2502 2210 2555 la-

2308 2499 2507 2552 εἰπώνο
2560 2496 2908 2565 Σχολάσατε
2962 2495 3059 2548 καὶ
3103 2492 3318 2564 τιν-ὧτε,
3365 2495 3454 2548 ὅτι
3498 2493 3609 2564 ἐγώ
3661 2495 3789 2563 ειμι
3840 2498 3878 2549 ὁ

662 2602 820 2656 psum
877 2589 1066 2653 ullum,
1123 2591 1205 2645 vel
1262 2600 1494 2661 tempus.
1539 2595 1620 2647 vel
1671 2610 1808 2649 onus
1844 2609 2203 2650 excusemus:

2313 2591 2476 2655 Θεὸς,
2515 2588 2608 2641 καὶ
2637 2589 2670 2655 ἡ
2705 2586 2957 2640 ἀπάθεια.
2990 2584 3145 2656 Αὐτῷ
3169 2587 3203 2655 ἡ
3227 2584 3352 2650 δόξα
3393 2586 3473 2648 εἰς
3507 2582 3629 2646 τοὺς
3656 2583 3876 2648 αἰῶνας

662 2688 930 2748 quotquot
971 2683 1114 2735 enim
1151 2675 1432 2737 Dominum
1478 2701 1569 2752 per
1600 2687 2018 2754 regenerationis
2063 2686 2210 2739 lava-

2308 2682 2415 2732 τῶν
2441 2679 2668 2733 αἰώνων.
2712 2679 2898 2748 Ἀμήν.

664 2785 814 2823 crum
860 2783 1205 2840 receperunt,
1251 2775 1391 2826 dedit
1439 2777 1547 2828 illis
1598 2787 1900 2843 potestatem
1945 2778 2083 2846 ﬁlios
2143 2777 2238 2830 Dei
2294 2774 2407 2842 ﬁeri
2453 2773 2518 2838 ³⁸,
2553 2787 2676 2826 cum
2711 2772 2886 2825 dixit:
2933 2769 3122 2824 Vacate
3154 2778 3202 2822 et
3239 2767 3426 2836 videte,
3474 2779 3530 2825 et
3557 2769 3874 2840 intelligite,

673 2865 801 2931 quia
829 2881 920 2932 ego
977 2883 1092 2918 sum
1164 2866 1302 2920 Deus
1327 2869 1391 2931 ’9,
1451 2879 1505 2922 et
1538 2887 1678 2923 .\'era
1729 2871 1796 2924 ab
1856 2873 2001 2925 omni
2033 2870 2512 2941 perturbationum
2567 2866 2931 2934 vitiorumque
2978 2872 3293 2934 tempestate
3339 2863 3722 2932 tranquillitas,
3776 2863 3875 2920 cui

668 2955 835 3025 gloria
886 2955 938 3008 in
990 2962 1174 3014 omnes
1213 2958 1531 3011 swculorum
1571 2961 1913 3014 :cternitates.
1961 2961 2150 3014 Amen.

741 3045 950 3100 Excitat
975 3047 1188 3115 quidem
1232 3064 1262 3102 a
1315 3059 1455 3104 terra
1485 3052 1536 3103 in
1569 3053 1760 3106 caelum
1804 3053 2016 3122 inopem
2065 3069 2212 3106 men—

2393 3048 2607 3118 Ἀνιστᾷ
2657 3048 2753 3118 μὲν
2793 3046 2900 3100 ἀπὸ
2939 3046 3042 3116 γῆς
3071 3047 3148 3110 είς
3197 3046 3420 3120 οὐρανὸν
3461 3046 3667 3116 πένητα
3699 3036 3874 3099 νοῦν”

668 3145 774 3190 tem
805 3178 818 3198 ,
861 3145 915 3190 et
967 3139 1030 3191 de
1068 3149 1304 3194 stercore
1357 3143 1610 3196 vitiorum
1663 3146 1865 3198 excitat
1921 3161 2209 3216 pauperem

2313 3142 2405 3194 καὶ
2433 3141 2539 3194 ἀπὸ
2569 3140 2796 3209 κοπρίας
2827 3139 3014 3193 παθῶν
3059 3138 3260 3207 ἐγείρει
3290 3138 3501 3208 πτωχὸν
3531 3140 3564 3207 ἡ
3615 3137 3880 3209 μακαρία

670 3228 823 3281 heata
870 3230 1033 3284 animi
1092 3233 1450 3302 tranquillitas
1484 3252 1498 3288 :
1528 3235 1618 3289 sed
1665 3235 2038 3292 laudatissima
2087 3239 2216 3294 cha-

2311 3231 2578 3293 ἀτιάθεισιέιι
2609 3233 2644 3300 ὴ
2689 3230 2744 3283 δὲ
2791 3232 3132 3301 πανύμνητος
3170 3228 3353 3300 ἀγάπη
3403 3231 3546 3281 ποιεῖ
3574 3227 3738 3281 αὐτὸν
3772 3226 3878 3281 τοῦ

669 3319 802 3374 ritas
847 3322 1071 3375 collocat
1114 3339 1236 3378 eum
1281 3341 1400 3379 cum
1456 3329 1842 3405 principibus,5
1875 3331 2079 3399 angelis
2128 3334 2213 3387 in-

671 3427 832 3479 quam
872 3416 1091 3478 sanctis,
1123 3431 1245 3469 cum
1274 3418 1607 3486 principibus
1638 3416 1814 3488 populi
1846 3422 1928 3476 sui
1949 3422 2014 3476 ⁸ο.

969 3532 1251 3602 scaeua
1292 3549 1384 3601 Ai)
1421 3551 1705 3606 omnem
1748 3552 1935 3608 xm.

775 3657 853 3712 De
880 3659 1123 3730 religiosa
1155 3664 1319 3718 animi
1357 3667 1740 3745 tranquillitate
1773 3687 1863 3722 seu
1901 3672 2119 3725 victoria

1281 3751 1603 3802 passionum.

1275 3825 1516 3881 Scholion
1560 3829 1612 3883 1.

742 3914 916 3982 Quis?
942 3916 1172 3974 Sanctus
1201 3917 1454 3989 Ephrem.

1274 4011 1516 4068 Scholion
1553 4016 1606 4069 2.

743 4100 876 4154 Nam
916 4103 970 4155 in
1002 4101 1102 4157 bac
1139 4103 1303 4156 animi
1335 4107 1725 4175 tranquillitate
1763 4111 2061 4176 constituti,
2107 4113 2220 4169 sive

678 4195 916 4248 omnium
969 4193 1318 4264 cupiditatum
1377 4197 1606 4254 victores
1653 4202 1716 4254 ad
1772 4218 2043 4271 summum
2086 4222 2221 4275 prae-

679 4292 957 4350 ceptorum
993 4286 1295 4340 divinorum
1329 4286 1599 4359 fastigium
1632 4307 1753 4344 cum
1784 4294 2088 4364 inexplehili
2123 4297 2218 4352 de-

681 4374 879 4429 siderio
916 4379 1183 4448 progressi
1226 4380 1610 4448 perfeCIionem
1647 4381 1821 4450 ipsam
1853 4385 2116 4440 infinitam
2135 4387 2221 4441 fa-

681 4465 851 4526 ciunt,
872 4469 1014 4534 quod
1030 4471 1292 4526 bonorum
1320 4482 1644 4528 aeternorum
1668 4474 1849 4530 nullus
1870 4476 1942 4530 sit
1961 4478 2224 4535 terminus
2255 4443 2298 4497 Β

681 4573 778 4614 seu
809 4557 948 4612 finis.

731 4653 734 4656 ⁴
1360 4658 1542 4712 Aliud.

711 4790 716 4794 .
751 4741 992 4798 Perfecta
1019 4745 1257 4812 quidem,
1295 4750 1469 4816 quoad
1497 4751 1614 4819 ejus
1659 4766 1754 4820 per
1808 4740 2105 4807 humanam
2151 4752 2228 4807 fa-

682 4836 934 4890 cultatem
974 4835 1086 4889 fieri
1133 4843 1341 4903 potest;
1391 4841 1698 4910 imperfecta
1751 4855 1961 4912 autem,
2011 4855 2070 4898 ut
2110 4861 2233 4915 qua)

685 4942 895 4997 semper
944 4928 1176 4997 seipsam
1223 4942 1577 5000 supergressa
1631 4937 1786 4992 novis
1833 4938 2106 5010 sigillatim
2146 4954 2233 4995 ac-

683 5021 1021 5074 cessionibus
1060 5019 1373 5084 extollatur,
1410 5021 1539 5076 dum
1593 5039 1850 5096 perpetuo
1898 5032 1964 5085 ad
2000 5041 2226 5086 mortem

687 5109 880 5176 gradus
926 5109 1074 5166 facit.
1460 5166 1462 5168 ,
1649 5148 1659 5154 -

1293 5203 1451 5258 Aliud
1491 5203 1624 5261 Nili.

757 5286 1033 5357 Duplieem
1058 5295 1436 5360 perfectionem
1463 5297 1855 5366 intelligendam
1877 5304 2047 5359 scias:
2068 5323 2227 5361 unam

691 5515 746 5582 7,
789 5515 844 5570 8.

763 5625 840 5699 (α)
865 5626 1191 5708 “Quomodo.
1335 5634 1562 5708 Ephrem
1623 5638 1731 5708 qui,
1776 5638 1877 5693 £95
1915 5644 2069 5699 annis
2094 5647 2228 5701 vixit

694 5697 828 5778 31m
860 5697 1192 5778 gliqaeum?
1236 5699 1351 5778 Nisi
1381 5697 1656 5775 "loquatur
1703 5707 1770 5762 de
1817 5711 2026 5778 scriptis
2055 5697 2221 5770 illius.

693 5761 833 5840 Nam
865 5765 923 5840 ξος
961 5767 1196 5840 Ephrem
1235 5770 1367 5840 vixit
1411 5761 1552 5828 an'no
1601 5761 1726 5840 365,
1752 5761 1763 5762 ί
1788 5761 2222 5839 (έιξίπὼἔὰζὲὲὄζ

767 5833 840 5905 (b)
879 5833 1183 5892 Ἀτέλεστον
1245 5838 1546 5912 τελειότητα
1611 5833 1797 5903 Latine
1850 5861 1970 5903 cum

761 5441 879 5532 "ﬁll
913 5441 1053 5496 Tim.
1089 5461 1160 5507 iv,
1191 5448 1244 5503 7.
1321 5449 1532 5507 “Psal.
1570 5466 1702 5516 xvn,
1729 5453 1817 5532 ὅθ.
1890 5456 1932 5488 δ’
1960 5458 2062 5515 lsa.
2102 5476 2214 5528 ιιι,
2243 5461 2298 5517 9..

2315 3306 2536 3404 καθίσαι
2585 3322 2724 3397 μετά
2767 3322 3060 3395 ἀρχόντων,
3090 3320 3262 3404 ἁγίων
3291 3320 3555 3389 ἀγγέλων,
3592 3320 3738 3390 μετὰ
3771 3319 3880 3391 ἁρ-

2314 3416 2512 3484 χόντων
2541 3414 2670 3467 λαοῦ
2715 3415 2937 3483 Κυρίου.

2627 3531 2631 3537 “
2681 3561 2927 3614 ΣΧοΑιΑ
2955 3558 3068 3613 ἘΙΣ
3102 3559 3324 3613 ΔΟΓΟΝ
3360 3559 3484 3615 ιιθι.

2808 3705 2811 3707 ι
2855 3671 2993 3739 Περὶ
3018 3659 3324 3739 ἀπαθείας.

2917 3831 3171 3900 Σχόλιον
3193 3836 3261 3885 α’.

2321 3955 2324 3958 ~
2392 3922 2434 3974 Τ
2439 3921 2516 3984 ig:
2563 3921 2621 3974 ’0
2655 3923 2803 3990 ἅγιος
2845 3919 3080 3991 Ἑφρσῖμ
3110 3923 3206 3993 (α).

2657 4013 2659 4015 '
2915 4015 3172 4081 Σχόλιον
3212 4011 3277 4083 β’.

2346 4122 2354 4131 ·
2390 4105 2452 4155 Οἱ
2493 4103 2601 4175 γὰρ
2631 4105 2857 4168 ἀπαθεῖς
2890 4105 3022 4175 πρὸς
3054 4105 3113 4158 τὸ
3138 4105 3302 4174 ἄκρον
3333 4103 3520 4170 ἐφετὸν
3545 4102 3866 4171 ἀκορέπως

2319 4192 2818 4264 ὑπερεκτεινόμενοι
2880 4192 3162 4245 ἀτέλεστον
3221 4191 3428 4257 ποιοῦσι
3494 4191 3594 4258 τὴν
3662 4189 3876 4243 τελειό-

2319 4298 2457 4353 τητα
2508 4284 2616 4355 (11)·
2668 4283 2801 4337 διότι
2844 4283 2951 4336 τῶν
3002 4283 3230 4336 αἰωνίων
3285 4280 3504 4350 ἀγαθῶν
3559 4279 3714 4342 τέλος
3765 4281 3875 4334 οὐκ

2324 4388 2457 4426 εστι.
2634 4413 2642 4421 -
3014 4388 3018 4399 ’

3002 4672 3200 4727 Ἄλλο.

2394 4764 2583 4831 Τελεία
2615 4765 2712 4836 μὲν
2742 4765 2864 4818 ὅσον
2912 4764 3044 4831 πρὸς
3079 4763 3154 4840 τὸ,
3168 4762 3362 4835 μέτρον
3393 4735 3493 4834 τῆς
3521 4763 3882 4835 ἀνθρωπίνης

2323 4855 2598 4926 δυνάμεως
2617 4872 2631 4888 ·
2659 4855 2939 4917 ἀτέλεστος
2967 4853 3024 4906 δὲ
3057 4853 3132 4917 ὡς
3179 4853 3266 4908 ἀεὶ
3295 4852 3697 4924 ,ὑπερϐαίνουσα
3736 4855 3880 4905 ἑαυ-

2323 4947 2442 5017 τὴν,
2495 4945 2794 5010 ταῖςικατά
2841 4944 3002 5015 μέρος
3048 4943 3404 5016 προσθήκαις,
3449 4942 3540 4996 καὶ
3587 4942 3880 5013 ὑψουμένη

2324 5037 2582 5108 διηνεκῶς
2605 5026 2724 5099 ταῖς
2756 5035 2890 5107 πρὸς
2916 5035 3142 5099 θάνατον
3170 5033 3503 5088 ἀναϐάσισιε
3527 5032 3531 5034 ν

2853 5218 3036 5272 Ἀλλο
3069 5214 3305 5270 Νείλου.

2390 5307 2490 5362 Δύο
2534 5308 2874 5381 τελειότητας
2921 5308 3163 5375 νοητέονο
3201 5306 3331 5376 μίαν
3374 5303 3473 5373 μὲν
3509 5304 3882 5378 πρόσκαιρον,

2374 5463 2416 5496 ιε
2453 5464 2608 5520 Joan-
2640 5463 2786 5530 1νη,
2864 5462 3230 5525 διηρεαωυ,
3275 5460 3362 5514 ll.
3436 5460 3481 5491 “
3527 5461 3667 5549 Psal.
3734 5480 3881 5533 ειη,

2329 5648 2495 5716 gratia
2556 5645 3007 5716 annominationis
3052 5659 3159 5699 non

3293 5653 3396 5715 test
3422 5646 3669 5715 exprimi.
3721 5647 3884 5708 Finis

2329 5714 2446 5772 sine
2496 5718 2618 5780 line,
2650 5719 2800 5780 τέλος
2828 5714 3131 5781 ἀτέλεστον,

3285 5713 3554 5788 τελειότὴς
3594 5717 3884 5789 perfectio-

2289 5844 2291 5846 .
2331 5803 2466 5851 nam,
2494 5805 2599 5843 non
2624 5787 2784 5843 tinem
2818 5793 2994 5848 sonat.
