4032 6340
172 451 289 516 1153

1049 450 1061 463 ·
1098 419 1324 506 sum
1366 437 1736 501 PARADISI.
1770 462 1838 472 ——
1864 436 2169 498 GRADUS
2198 438 2378 497 xxx.

3198 432 3337 497 1154

166 568 282 636 μίαν
306 562 360 616 δὲ
391 563 636 617 αίώνιονυ
687 562 813 633 περὶ
838 557 908 633 ἧς
949 560 1144 632 γράφει
1172 559 1201 611 ὁ
1246 553 1478 615 Παῦλοςο
1510 550 1694 603 Ὅταν

1814 547 1958 616 iujus
1989 548 2270 617 praesentis
2303 546 2581 617 temporis,
2613 557 2668 601 et
2700 560 2859 600 unam
2895 544 3117 601 alterius
3157 550 3340 603 saeculi

162 657 224 709 δὲ
249 659 391 722 ἔλθῃ
419 654 487 708 τὸ
516 653 762 716 τέλειον,
791 654 921 706 τότε
952 652 1017 705 τὸ
1062 651 1131 703 ἐκ
1154 648 1372 717 μέρους
1410 657 1697 709 καταργη-

163 745 431 822 θήσεταις
462 744 523 797 τὸ
550 744 675 813 γὰρ,
703 744 848 796 ὅταν
870 742 1015 809 ἔλθῃ
1050 741 1113 793 τὸ
1140 739 1388 801 τέλειον,
1422 733 1694 805 σημαίνει,

163 837 238 890 ὅτι
262 833 489 887 ἐνταῦθα
521 834 582 887 οὐ
623 832 893 905 δυνάμεθα
916 832 1155 903 χωρῆσαι
1186 827 1283 899 τὴν
1317 826 1466 881 θείαν
1496 823 1696 911 τελειό-

164 944 309 998 τητα.

810 1101 1015 1153 Ἀλλο.

227 1195 326 1248 Δύο
372 1194 709 1263 τελειότητας
756 1189 966 1260 Παῦλος
994 1190 1022 1241 ὁ
1065 1186 1347 1249 θεσπέσιος
1392 1184 1697 1246 ἐπίσταται,

166 1286 252 1340 καὶ
276 1283 381 1339 οἶδε
410 1287 500 1338 τὸν
524 1285 683 1339 αὐτὸν
701 1283 920 1343 τέλειον,
949 1280 1041 1333 καὶ
1061 1281 1121 1333 οὐ
1149 1279 1347 1330 τέλειον
1374 1274 1658 1345 ἄνθρωπον
1680 1288 1696 1302 ·

166 1380 233 1442 ώς
277 1380 370 1448 μὲν
410 1377 544 1447 πρὸς
574 1376 665 1427 τὸν
721 1373 960 1444 παρόντα
1011 1371 1122 1440 βίον
1171 1372 1370 1423 τέλειον
1413 1367 1701 1435 λεγόμενον

167 1471 435 1540 ἄνθρωπον
456 1487 470 1500 ·
502 1468 594 1521 καὶ
621 1467 695 1530 ώς
733 1467 868 1537 πρὸς
910 1467 999 1518 τὸν
1026 1463 1237 1535 άληθῶς
1266 1461 1485 1523 τέλειον,
1515 1458 1575 1511 οὐ
1610 1459 1701 1509 τέ-

166 1561 323 1614 λειον·
353 1559 433 1611 διό
471 1575 602 1629 φησι
625 1573 639 1587 ’
682 1561 805 1626 οὐχ
838 1557 925 1610 ὅτι
953 1557 1169 1611 ἔλαϐον
1192 1554 1229 1621 ἢ
1259 1551 1373 1620 ἤδη
1404 1549 1702 1603 τετελείω-

162 1670 279 1723 μαι.
329 1652 440 1705 Καὶ
490 1652 608 1719 μετ’
652 1650 809 1719 ὀλίγα.
865 1648 1044 1717 λέγει·
1104 1647 1267 1699 Ὅσοι
1316 1639 1428 1699 οὖν
1466 1642 1699 1705 τέλειοι,

168 1744 329 1799 τοῦτο
350 1741 679 1813 φρονῶμεν.

756 1936 802 1987 Σ
805 1933 1010 2001 χόλων
1039 1936 1107 1997 γ’.

244 2029 533 2082 Ἀπάθειαν
560 2028 672 2097 ἔχει
691 2025 853 2095 ψυχὴ,
883 2024 980 2094 οὐχ
1010 2024 1043 2094 ἡ
1073 2021 1146 2093 μὴ
1174 2020 1453 2089 πάσχουσα
1481 2017 1613 2088 πρὸς
1639 2015 1705 2069 τά

170 2121 480 2192 πράγματα,
515 2117 627 2172 ἀλλ’
660 2120 698 2187 ἡ
724 2117 816 2170 καὶ
843 2116 978 2187 πρὸς
998 2114 1093 2187 τὴν
1128 2113 1345 2184 μνήμην
1370 2110 1547 2163 αὐτῶν
1578 2109 1708 2163 ἀτά-

173 2228 326 2283 ραχος
353 2211 698 2281 διαμένουσα.
1130 2246 1133 2249 -
1262 2254 1265 2255 ν

713 2299 968 2367 Σχόλιον
993 2295 1162 2349 ἄλλο.

237 2390 479 2461 Τήρησις
504 2387 730 2442 ἐντολῶν
764 2384 897 2440 Θεοῦ
930 2384 1105 2436 τίκτει
1137 2378 1439 2433 ἀπάθειαν
1476 2372 1712 2430 ἀπάθεια

170 2482 223 2535 δὲ
248 2481 424 2553 ψυχῆς
467 2480 719 2551 συντηρεῖ
742 2477 960 2547 γνῶσιν.

774 2671 1025 2738 Σχόλιον
1050 2665 1114 2719 δ’.

237 2768 310 2821 Τὸ
351 2768 451 2837 τῆς
493 2764 852 2835 φιλαργυρίας
896 2760 1066 2822 πάθος
1112 2754 1355 2809 ἐντεῦθεν
1401 2752 1712 2821 ἐλέγχεται’

174 2855 229 2908 ὲν
256 2854 333 2924 τῷ
360 2855 618 2924 χαίροντα
662 2852 971 2922 λαμϐάνειν,
1001 2848 1092 2901 καὶ
1128 2844 1460 2914 λυπούμενον
1498 2840 1715 2911 μεταδι-

175 2947 313 3001 δόναι
331 2962 346 2976 ·
376 2948 438 3001 οὐ
465 2946 687 3000 δύναται
715 2945 773 2998 δὲ
800 2946 827 2997 ὁ
850 2941 1087 3004 τοιοῦτος
1116 2936 1451 3007 οίκονομικὺς
1483 2930 1643 2987 εἶναι.

776 3094 1029 3189 Σχόλιον
1068 3124 1129 3169 ε’.

1794 648 2076 711 mternam,
2125 637 2283 708 451
2337 638 2405 693 de
2450 652 2557 706 qua
2605 638 2793 692 scribit
2836 647 3056 717 sanctus
3095 638 3339 697 Paulus:

1796 728 2020 794 Quando
2052 730 2270 799 (inquit)
2300 730 2493 783 venerit
2521 730 2656 798 quod
2675 716 2963 803 perfectum
2991 741 3088 794 est,
3120 748 3342 785 evacua-

1800 821 1941 873 bilur
1977 821 2111 891 quod
2150 836 2213 872 ea:
2249 830 2398 889 parte
2429 829 2507 875 est
2529 821 2594 873 “.
2636 818 2773 875 Illud
2802 821 2978 886 enim,
3023 823 3230 889 quando
3262 838 3345 873 ve-

1796 910 1933 961 nerit
1961 910 2096 978 quod
2120 908 2404 975 perfectum
2436 919 2534 974 est,
2584 909 2869 979 signiﬁcat,
2900 925 3001 963 nos
3037 909 3126 964 hic
3155 924 3346 977 capere

1758 1070 1763 1075 ἡ
1795 1015 1903 1055 non
1939 1015 2099 1081 posse
2127 999 2363 1093 divinam
2388 998 2800 1068 perfectionem.

2371 1137 2383 1149 .
2481 1090 2664 1145 Aliud.

1867 1182 2146 1239 Geminam
2182 1178 2566 1250 perfectionem
2610 1189 2832 1236 sanctus
2851 1179 3051 1235 Paulus
3078 1183 3342 1250 agnoscit,

1798 1273 2156 1341 eumdemque
2187 1272 2465 1327 hominem
2494 1272 2631 1326 vidit
2656 1271 2949 1342 perfectum
2973 1281 3026 1326 et
3054 1272 3337 1341 imperfec-

1800 1375 1950 1431 tum;
1998 1361 2294 1433 perfectum
2324 1361 2557 1432 quidem,
2600 1372 2861 1430 quantum
2917 1361 2984 1415 ad
3012 1369 3347 1429 .praesentem

1801 1457 1921 1511 vitae
1952 1464 2149 1510 statum
2177 1455 2436 1524 pertinet;
2472 1452 2848 1527 imperfectum
2866 1463 3064 1518 autem,
3087 1462 3347 1522 quantum

1800 1550 1867 1604 ad
1903 1563 2087 1603 veram
2118 1547 2286 1601 futuri
2315 1556 2491 1601 status
2532 1547 2914 1616 perfectionem
2950 1545 3160 1599 attinet.
3204 1544 3348 1611 Qua-

1800 1653 2016 1713 propter
2052 1642 2187 1696 dixit
2217 1661 2229 1695 :
2265 1640 2388 1695 Non
2430 1643 2567 1711 quod
2613 1643 2929 1710 acceperim,
2973 1652 3062 1692 aut
3087 1640 3204 1708 jam
3236 1655 3353 1708 per-

1762 1752 1768 1758 '
1803 1735 1965 1804 fectus
1996 1735 2093 1787 sim
2123 1735 2188 1787 “.
2246 1732 2313 1787 Et
2359 1742 2481 1801 post
2520 1748 2690 1801 pauca
2740 1733 2960 1802 subjici:
2997 1750 3010 1787 :
3049 1732 3353 1801 Quicunque

1802 1844 1922 1897 ergo
1955 1828 2169 1897 perfecti
2199 1843 2404 1890 sumus,
2438 1828 2533 1879 hoc
2562 1830 2850 1880 sentiamus
2872 1826 2940 1881 ”.

2132 1894 2143 1907 μ
2409 1914 2653 1969 Scholion
2692 1915 2743 1967 5.

1873 2005 2347 2078 Tranquillitatem
2387 2016 2595 2077 partam
2635 2004 2794 2059 habet
2823 2006 3001 2059 anima
3028 2046 3043 2070 ,
3095 2021 3202 2059 non
3237 2020 3355 2073 qua:

1807 2100 1873 2155 ad
1908 2114 1996 2155 res
2029 2102 2295 2154 humanas
2324 2084 2718 2158 non‘allicitur,
2760 2097 2850 2150 sed
2895 2112 3014 2164 quae
3063 2097 3127 2149 ad
3161 2112 3357 2149 memo-

1807 2194 1944 2247 riam
1970 2195 2137 2248 ‘etiam
2167 2208 2355 2248 earum
2391 2193 2774 2260 imperturbata
2809 2198 3007 2243 manet.

1801 2278 1811 2287 ’
2361 2283 2603 2338 Scholion
2644 2283 2811 2337 aliud.

1801 2392 1807 2402 ‘
1880 2377 2199 2433 Observatio
2227 2378 2606 2431 mandatorum
2640 2375 2729 2432 Dei
2762 2376 2901 2444 parit
2922 2374 3203 2428 victoriam
3236 2389 3355 2443 per—
3428 2386 3431 2389 '

1814 2470 2202 2532 turbationum,
2248 2468 2473 2523 victoria
2509 2478 2687 2521 autem
2720 2467 3186 2537 perturbationum
3227 2482 3360 2521 cou-

1811 2568 1988 2614 servat
2016 2559 2400 2627 cognitionem.
2462 2558 2467 2563 ”

2417 2647 2667 2703 Scholion
2703 2648 2754 2701 4.

1881 2739 2085 2794 Vitium
2120 2741 2362 2795 avaritize
2393 2741 2517 2795 inde
2550 2738 2985 2809 deprehenditur,
3021 2753 3143 2792 cum
3190 2738 3236 2793 is
3268 2740 3361 2817 qui

1815 2836 2027 2903 accipit,
2060 2835 2373 2904 accipiendo
2410 2834 2624 2904 gaudet,
2665 2842 2718 2887 et
2756 2833 3030 2901 largiendo
3073 2831 3361 2886 tristatur:

1818 2925 2125 2995 bujusmodi
2168 2926 2309 2979 enim
2361 2925 2538 2979 bonus
2579 2922 2924 2992 dispensator
2970 2938 3087 2977 esse
3129 2937 3234 2976 non
3270 2937 3365 2992 po-

1821 3026 1898 3072 tes
1906 3027 1943 3071 ι.

2425 3104 2671 3159 Scholion
2711 3106 2764 3158 5.

242 3215 576 3285 Σημείωσαι,
605 3216 691 3289 ότι
716 3210 956 3265 ἀπώλεια
982 3210 1016 3277 ἡ
1040 3205 1384 3276 ὑπερηφανία
1411 3199 1589 3263 ἰδικῶς
1609 3215 1624 3228 ⁸
1658 3198 1715 3251 τὸ

1892 3196 2129 3251 Observa
2184 3195 2488 3263 superbiam
2543 3205 2685 3247 recta
2737 3193 2953 3247 tendere
2995 3192 3059 3246 ad
3103 3194 3365 3248 exitium:

178 3305 218 3357 δ’
245 3305 479 3359 ἐναντίον
509 3302 791 3377 πρόδηλον.

766 3392 813 3443 Σ
814 3391 1019 3457 χόλιον
1058 3391 1133 3452 ς’.

244 3490 358 3559 οὐχ
396 3485 660 3555 ὑπομένει
707 3482 767 3535 τὸ
812 3482 995 3543 σκότος
1041 3480 1139 3548 τὴν
1184 3474 1273 3529 τοῦ
1317 3472 1489 3543 φωτὸς
1519 3487 1724 3542 παρου-

182 3582 327 3637 σίαν·
371 3580 434 3632 οὑ
500 3576 654 3638 νόσος
701 3572 885 3641 ὑγείας
934 3568 1290 3638 ἐπιλαϐούσης
1341 3566 1579 3618 ἵσταταιο
1626 3562 1725 3615 οὐκ

181 3674 389 3746 ἐνεργεῖ
418 3669 492 3724 τά
521 3668 668 3737 πάθη
694 3666 792 3738 τῆς
822 3661 1086 3724 ἀπαθείας
1128 3659 1426 3732 παρούσης.

777 3836 1033 3906 sxum
1071 3832 1136 3899 ς’.

248 3936 462 3999 Κάλλος
490 3933 591 4003 τὴν
619 3928 935 3993 ἀθανασίαν,
978 3925 1145 3995 πηλὸν
1185 3923 1242 3975 δὲ
1266 3922 1365 3991 τὴν
1398 3919 1571 3988 γεώδη
1595 3918 1728 3973 ταύ-

182 4046 279 4102 την
318 4028 523 4099 σάρκα,
554 4024 622 4095 ἠν
667 4021 806 4092 μετὰ
849 4020 947 4089 τὴν
978 4014 1311 4087 παρανομίαν
1356 4015 1383 4065 ὁ
1424 4011 1592 4079 Ἀδὰμ
1620 4013 1728 4080 ὴμ-

188 4124 432 4191 φιασατο,
463 4117 541 4181 ὦς
577 4130 737 4185 φησιν
764 4114 794 4166 ὁ
818 4112 915 4179 τῆς
942 4106 1213 4175 θεολογίας
1238 4105 1539 4172 ἐπώνυμος.

769 4315 815 4366 Σ
816 4312 1025 4380 χόλιον
1065 4314 1134 4377 η’.

255 4412 461 4474 Πολλὰς
513 4406 677 4477 μονὰς
707 4404 859 4458 καλεί
894 4402 962 4453 τά
1007 4400 1177 4469 μέτρα
1220 4396 1319 4466 τῆς
1357 4392 1589 4455 διανοίας
1625 4390 1734 4443 τῶν

192 4506 247 4559 ιν
275 4507 341 4575 τῇ
386 4500 547 4572 χώρᾳ
592 4498 774 4567 ἐκείνῃ
801 4490 1160 4561 αὑλιζομένων
1179 4505 1195 4518 ο
1227 4488 1369 4553 λέγω
1398 4484 1461 4555 δὴ
1495 4484 1591 4546 τὰς
1621 4483 1735 4535 δια-

191 4596 417 4663 κρίσεις,
465 4584 563 4643 καὶ
606 4584 863 4654 διαφορὰς
901 4583 957 4633 ἐν
990 4576 1074 4647 αἷς
1101 4578 1238 4631 κατὰ
1284 4578 1518 4630 διάνοιαν
1548 4576 1733 4641 ἐντρυ-

189 4684 395 4754 φῶσινο
436 4683 502 4734 οὐ
532 4680 639 4747 γὰρ
681 4674 939 4743 διαφοράς
982 4673 1195 4734 τόπων,
1240 4669 1376 4721 ἀλλὰ
1401 4666 1577 4728 τάξεις
1629 4680 1731 4732 χα-

194 4776 467 4848 ρισμάτων
502 4770 703 4831 πολλὰς
740 4767 903 4837 μονὰς
928 4765 1163 4835 εἴρηκεν.

1820 3289 2151 3345 contrarium
2183 3302 2277 3356 per
2304 3302 2362 3340 sc
2391 3286 2595 3339 clarum
2630 3294 2733 3341 est.

2429 3375 2679 3430 Scholion
2716 3375 2769 3429 6.

1892 3468 2150 3523 Tenebrae
2182 3484 2289 3522 non
2322 3466 2503 3520 ferunt
2540 3468 2879 3535 praesentiam
2908 3465 3159 3531 luminis;
3199 3482 3374 3536 neque

1823 3562 2047 3619 morbus
2070 3562 2231 3615 durat
2255 3560 2502 3613 veniente
2523 3558 2771 3622 sanitate,
2801 3573 2973 3626 neque
3001 3558 3125 3611 mali
3155 3558 3378 3614 allectus

1828 3657 1990 3710 ullam
2025 3655 2133 3708 vim
2165 3651 2400 3715 habent,
2450 3660 2710 3719 praesente
2739 3649 2973 3719 perfecta
3020 3649 3187 3703 animi
3231 3661 3378 3705 u-an-

1827 3748 2113 3818 quillitate.

2430 3831 2677 3885 Scholion
2716 3831 2767 3883 7.

1898 3929 2003 3983 Per
2022 3925 2473 3997 pulchritudinem
2495 3920 2743 3990 intelligit
2765 3920 3218 3975 immortalitatem
3243 3924 3378 3986 (Cli-

1828 4020 2062 4088 macus),
2081 4018 2251 4070 lutum
2268 4025 2446 4068 autem
2462 4027 2678 4067 carnem
2710 4012 2849 4066 hanc
2867 4020 3194 4079 terrestrem,
3215 4031 3378 4083 quam

1828 4110 1999 4164 Adam
2039 4116 2161 4176 post
2184 4102 2682 4174 praevaricationem
2720 4102 2919 4167 induit,
2954 4112 3013 4157 ut
3045 4103 3220 4173 inquit
3247 4104 3407 4160 Gre-‘

1831 4202 2016 4271 gorius
2045 4206 2401 4269 cognomento
2432 4194 2755 4263 'I‘heologus.

2447 4280 2695 4336 Scholion
2725 4280 2777 4333 8.

1902 4381 2097 4435 Multas
2123 4376 2433 4432 mansiones
2455 4382 2613 4426 vocat
2640 4372 2828 4425 modos
2855 4369 3046 4423 mentis
3074 4385 3263 4426 eorum
3289 4376 3381 4443 qui

1835 4475 1890 4528 in
1917 4474 2007 4526 illa
2032 4469 2246 4539 regione
2269 4466 2624 4533 (viventium)
2655 4462 2925 4525 habitant;
2956 4462 3269 4517 discrimina
3306 4468 3389 4518 iu-

1836 4579 2001 4635 quam
2050 4577 2143 4614 seu
2189 4558 2563 4613 distinctiones
2615 4560 2667 4606 et
2707 4550 3056 4623 diﬂ‘ercntiasr,
3100 4555 3153 4607 in
3189 4558 3387 4625 quibus

1838 4659 2019 4713 animo
2050 4669 2143 4709 seu
2189 4658 2367 4705 mente
2408 4644 2720 4701 coelestibus
2764 4643 2973 4698 deliciis
3015 4646 3383 4715 perfruuntur.
3461 4670 3465 4675 -

1838 4752 2023 4822 Neque
2059 4750 2201 4804 enim
2253 4740 2568 4798 discrimina
2620 4738 2885 4801 locorum,
2940 4742 3029 4793 sed
3080 4741 3292 4793 ordines
3334 4748 3390 4792 et

1840 4848 2033 4904 modos
2084 4842 2373 4914 gratiarum
2422 4845 2476 4890 et
2519 4834 2789 4889 donorum
2842 4834 3037 4889 multas
3080 4832 3387 4888 mansiones

1838 4938 2141 5012 appellavit.

205 5110 3379 5185 _____________\__________________——————————-—-—-————————"

803 5290 1015 5350 ΛΟΓΟΣ
1053 5290 1131 5341 A'.

194 5436 330 5507 Περὶ
374 5433 485 5488 τοί
532 5426 879 5507 συνδέσμῳ
925 5410 1360 5507 τῆςσὲναρέτου
1399 5405 1629 5474 τριάδος
1676 5404 1746 5456 ἐν

848 5494 1097 5561 ἀρεταῐς.

261 5593 401 5648 Νυνὶ
424 5591 483 5645 δὲ
508 5586 716 5653 λοιπὸν,
743 5583 880 5656 μετὰ
909 5581 1082 5633 πάντα.
1097 5573 1165 5625 τὰ
1186 5569 1565 5641 προειρημένα,
1598 5562 1748 5633 μένει

201 5684 265 5741 τὰ
286 5684 415 5754 τρία
447 5680 645 5743 ταῦτα,
679 5677 749 5731 τά
783 5675 873 5729 τὸν
904 5671 1195 5740 σύνδεσμον
1230 5662 1444 5715 πάντων
1493 5656 1748 5723 ἐπισφίγ-

2272 5259 2433 5333 [.52
2470 5250 2746 5311 smnus
2786 5246 2949 5303 xxx.

1947 5394 2022 5448 De
2052 5392 2255 5445 vinculo
2290 5390 2449 5442 trium
2478 5387 2725 5439 rirtutum
2755 5379 2913 5446 (ﬁdei
2944 5393 3142 5446 nempe,
3178 5377 3287 5443 spei

2417 5466 2467 5510 et
2498 5448 2817 5519 charitatis).

1911 5561 2040 5614 Post
2061 5554 2240 5608 omnia
2265 5565 2406 5607 nunc
2430 5546 2692 5615 explicata
2713 5549 2934 5598 manent
2956 5541 3067 5595 hrec
3092 5537 3214 5599 tria,
3234 5534 3385 5597 ﬁdes,

1855 5666 2001 5723 spes,
2036 5646 2274 5702 Charitas
2297 5642 2344 5673 “
2373 5659 2385 5694 :
2424 5638 2622 5707 quibus
2643 5635 2827 5691 omnia
2856 5630 3160 5691 arctissimo
3188 5626 3390 5683 vinculi

269 5837 521 5896 “lCor.
556 5847 675 5898 xm,
708 5829 795 5887 l0.
844 5798 915 5909 ’,ι’
969 5825 1198 5896 Philipp.
1265 5836 1343 5887 Ill,
1406 5818 1493 5871 1‘2.
1568 5813 1715 5867 l"ibi

1824 5810 1909 5865 15.
1984 5801 2076 5854 “l
2129 5803 2253 5861 Cor.
2317 5813 2437 5864 xui,
2470 5796 2558 5851 15.
