4032 6340
660 447 791 513 1151

1882 462 1939 520 S.
1989 461 2226 524 ΙΟΛΝΝ
2233 466 2304 525 IS
2334 466 2654 527 ;CLIMAC[

3725 465 3865 533 115?.

661 569 1002 636 imperatoris
1049 571 1390 640 regiam-seu
1441 572 1723 644 palatium.
1773 575 1971 631 Multas
2029 588 2207 633 autem

2319 599 2419 644 rei;
2452 583 2552 649 (8).
2594 584 2776 652 Τεῖχος
2801 582 2897 652 τὴν
2931 581 3296 652 Ἰερουσαλὴμ,
3322 584 3422 652 τὴν
3446 584 3556 636 τῶν
3587 599 3884 655 πταισμαοι

660 661 990 723 mansiones,
1010 677 1130 730 quae
1151 664 1288 716 intra
1309 664 1579 720 civitatem
1605 667 1743 721 hanc
1765 679 1912 730 sunt.
1937 669 2207 736 justorum

661 751 1034 808 habitationes.
1076 754 1284 808 Murum
1344 755 1673 822 Jerusalem,
1731 770 2210 829 peccatorum-re-

663 845 966 900 missiones.
1003 846 1318 909 Curramus,
1383 849 1592 915 fratres,
1628 861 1687 905 ut
1737 853 1790 907 in
1837 853 2072 909 caelestis
2113 871 2209 926 pa-

665 936 775 988 latii
802 937 1095 991 thalamum
1131 950 1492 1007 penetremus.
1529 942 1680 1008 Quod
1719 945 1763 998 si
1797 961 1863 999 ex
1898 947 2080 1001 oneris
2109 948 2209 1001 ali-

664 1028 820 1096 cujus
850 1030 1227 1099 anticipatione
1259 1034 1327 1100 (ο
1356 1033 1793 1106 calamitatem!)
1839 1047 2213 1117 aut\tempore
2258 1067 2263 1073 -

661 1123 917 1190 occupati
946 1122 1211 1179 fuerimus
1234 1163 1250 1189 ,
1300 1126 1486 1179 saltem
1520 1127 1694 1182 locum
1738 1127 1974 1199 aliquem
2004 1131 2211 1186 circum

669 1210 844 1278 ipsum
880 1214 1173 1269 thalamum
1206 1229 1473 1285 occupare
1500 1220 1829 1274 Studeamus.
1865 1221 1922 1274 Si
1955 1237 2082 1275 vero
2113 1223 2212 1276 ad-

667 1301 773 1355 huc
805 1317 1082 1360 cessamus
1112 1314 1166 1360 et
1198 1308 1410 1362 remissi
1456 1324 1678 1372 sumus,
1733 1327 1987 1365 curemus
2033 1322 2213 1366 tamen

669 1401 724 1446 ut
772 1394 961 1448 saltem
999 1396 1136 1450 intra
1172 1399 1390 1462 momia,
1425 1415 1642 1469 quoquo
1675 1403 1836 1455 modo
1883 1389 2172 1471 possumus
2197 1445 2212 1464 .
2245 1407 2254 1413 '

564 1505 568 1508 ·
668 1493 1030 1552 penetremus.
1080 1488 1211 1542 Nam
1259 1492 1348 1558 qui
1385 1506 1488 1545 non
1522 1503 1646 1546 ante
1673 1495 1874 1547 exitum
1917 1495 2039 1548 vita:
2087 1495 2216 1550 illuc

671 1577 946 1644 ingressus
993 1577 1186 1643 fuerit,
1231 1583 1312 1636 vel
1365 1585 1539 1652 potius
1583 1586 1778 1640 moenia
1814 1587 2122 1641 ascenderit
2163 1595 2220 1642 ei.

674 1669 958 1734 superarit,
993 1671 1044 1722 in
1071 1679 1222 1726 vasta
1253 1673 1557 1728 daemonum
1590 1676 1878 1730 solitudine
1918 1677 2216 1733 stabulabi-

670 1766 778 1812 tur.
823 1759 1102 1829 Propterea
1151 1765 1238 1818 ille
1284 1767 1549 1835 quispiam
1597 1770 1961 1837 precabatur:
1997 1769 2063 1825 In
2107 1770 2217 1825 Deo

672 1867 782 1904 meo
815 1855 1173 1923 transgredior
1214 1873 1421 1909 murum
1446 1861 1510 1912 ³⁸.
1563 1858 1628 1914 Et
1670 1861 1808 1915 alius
1851 1871 2107 1932 tanquam
2151 1879 2214 1916 ex

2308 691 2412 726 των
2450 674 2658 741 ἄφεσιν.
2719 675 3044 744 Δράμωμεν,
3084 674 3316 743 ἀδελφοὶ,
3369 675 3466 745 τῆς
3517 677 3575 729 ὲν
3609 677 3686 746 τῷ
3728 697 3866 748 νυμ-

2309 764 2447 832 φῶνι
2491 765 2582 818 τοῦ
2613 765 2866 820 παλατίου
2897 766 3096 818 εἰσόδου
3129 769 3338 835 τυχεῖν·
3377 767 3424 818 εί
3455 759 3516 820 δὲ
3540 769 3602 820 ἐκ
3631 786 3783 833 τινος
3830 773 3864 838 ἢ

2311 855 2528 924 φορτίου
2581 854 2918 926 προλήψεως,
2971 856 3016 908 ὦ
3067 857 3164 925 τῆς
3215 858 3526 926 συμφορᾶςί
3581 858 3614 926 ἢ
3664 857 3866 927 χρόνου

2312 945 2851 1016 προκατελήφθημεν,
2902 947 3002 1001 κάν
3038 949 3203 1017 μονήν
3237 965 3355 1000 τινα
3400 949 3558 1018 πέριξ
3599 950 3687 1002 τοῦ
3726 967 3869 1019 νυμ-

2313 1036 2485 1105 φῶνος
2513 1036 2928 1107 προφθάσωμεν.
2962 1039 3022 1090 Εἰ
3049 1037 3105 1090 δὲ
3133 1037 3213 1090 ἔτι
3253 1037 3572 1108 όκλάζομεν,
3667 1057 3870 1110 παρει-

2317 1125 2463 1196 μένοι
2490 1127 2845 1196 τυγχάνομεν,
2866 1126 3132 1190 κᾶνὲντὸς
3152 1125 3245 1179 τοῦ
3264 1126 3474 1196 τείχους
3499 1128 3655 1180 παντὶ
3670 1128 3869 1199 τρόπῳ

2313 1215 2625 1285 γενώμεθα·
2678 1216 2708 1267 ὁ
2765 1214 2872 1284 γάρ
2919 1215 3024 1285 πρὸ
3073 1214 3256 1278 τέλους
3308 1216 3425 1268 ἐκεῖ
3457 1215 3530 1285 μὴ
3581 1215 3868 1281 εἰσελθὼν,

2318 1303 2512 1374 μᾶλλον
2543 1303 2599 1356 δὲ
2632 1305 2705 1374 μὴ
2737 1304 3122 1375 ὑπερδεδηκὼς
3150 1307 3209 1359 ὲν
3237 1307 3438 1377 ἐρημίᾳ
3459 1306 3870 1377 αὑλισθήσεται.

2315 1393 2411 1446 Διά
2434 1393 2585 1446 τοῦτό
2609 1411 2690 1456 τις
2711 1394 2905 1464 ηὔχετο
2924 1394 3093 1462 λέγων
3112 1413 3126 1426 ·
3163 1395 3264 1450 Ἐν
3292 1395 3369 1461 τῷ
3392 1396 3510 1462 Θεῷ
3535 1415 3650 1464 μου
3677 1399 3872 1461 ὑπερ.

2317 1484 2568 1554 ϐήσομαι
2608 1485 2820 1552 τεῖχος.
2870 1487 2977 1558 Καὶ
3017 1487 3195 1556 ἕτερος
3231 1486 3305 1550 ὡς
3333 1489 3398 1540 ἐκ
3439 1488 3728 1558 προσώπου
3772 1487 3871 1540 τοῦ

2315 1573 2446 1626 Θεοῦ
2481 1590 2674 1643 φησιν*
2704 1577 2825 1642 Οὐχ
2861 1577 2918 1627 al
2948 1575 3218 1643 ἁμαρτίαι
3251 1575 3417 1645 ὑμῶν
3453 1581 3608 1630 εἰσιν
3633 1579 3691 1630 al
3743 1576 3876 1630 δια-

2317 1664 2660 1732 χωρίζουσαι
2697 1666 2812 1720 ἀνὰ
2845 1668 3038 1735 μέσον
3091 1666 3254 1736 ὑμῶν
3303 1669 3401 1721 καί
3448 1668 3626 1738 ἐμοῦ;
3674 1669 3876 1725 Διακό-

2316 1760 2524 1829 ψωμεν,
2559 1754 2604 1811 ὧ
2651 1759 2813 1827 φίλοι,
2856 1760 2916 1812 τὸ
2961 1761 3266 1832 μεσότειχον
3297 1762 3392 1815 τοῦ
3432 1763 3701 1833 φραγμοῦ,
3733 1765 3878 1835 ὅπερ

2317 1851 2402 1904 διὰ
2452 1852 2732 1920 παρακοῆς
2780 1852 2961 1916 κακῶς
2990 1853 3438 1925 ᾠκοδομήσαμεν·
3485 1854 3738 1924 λάϐωμεν
3788 1857 3878 1907 ὲν-

673 1958 899 2012 persona
929 1944 1020 1999 Dei
1066 1947 1195 2001 dicit
1225 1967 1238 2003 :
1271 1949 1453 2004 Nonne
1479 1963 1691 2017 peccata
1716 1962 1888 2006 vestra
1936 1963 2060 2008 sunt
2102 1949 2218 2022 qua:

2319 1942 2505 1995 τεῦθεν
2534 1941 2682 1995 λύσιν
2714 1941 2806 1994 τοῦ
2839 1944 3048 2013 χρέους,
3084 1945 3213 1998 διότι
3239 1945 3338 1998 οὐκ
3362 1946 3508 1998 ἔστιν
3549 1948 3605 1998 ὲν
3646 1945 3726 2015 τῷ
3777 1946 3882 2017 ᾄδῃ

669 2035 910 2089 dividunt
946 2038 1082 2090 inter
1117 2056 1204 2092 vos
1253 2049 1302 2094 et
1350 2059 1427 2094 me
1450 2042 1531 2095 '7?
1561 2042 1966 2110 Perfodiamus,
2018 2045 2213 2110 amici,

673 2126 904 2179 medimn
941 2128 1082 2197 sepis
1116 2129 1368 2198 parietem
1391 2170 1405 2194 ,
1445 2148 1604 2201 quem
1656 2150 1749 2202 per
1797 2134 2215 2189 inobedientiam

2321 2036 2350 2087 ὁ
2393 2033 2686 2102 δυνάμενος
2737 2034 3006 2089 ἰάσασθαι.
3062 2035 3437 2106 Σχολάσωμεν,
3491 2037 3732 2105 ἀδελφοὶ,
3784 2040 3882 2090 καὶ

2323 2129 2431 2198 γὰρ
2474 2126 2758 2197 σχολασταὶ
2785 2127 3210 2198 ἀπεγράφημεν·
3241 2129 3341 2182 οὐκ
3370 2129 3486 2189 ἐστι
3511 2130 3732 2199 πτῶμα,
3777 2131 3882 2183 οὐκ

673 2217 813 2270 male
842 2217 1247 2275 eedilicavimus.
1273 2221 1615 2292 Aecipiamus
1649 2225 1774 2280 hinc
1797 2226 2096 2280 debitorum
2127 2242 2218 2281 so-

2325 2219 2437 2272 ἒστι
2481 2219 2690 2289 καιρὸν,
2730 2219 2828 2271 οὐκ
2860 2218 2973 2272 ἔστι
3001 2220 3215 2289 φορτίον
3257 2221 3726 2290 προφασίσασθαιο
3763 2223 3882 2275 ὅσοι

675 2307 956 2373 lutionem,
1007 2311 1133 2381 quia
1186 2328 1294 2366 non
1339 2323 1423 2369 est
1463 2311 1603 2384 apud
1640 2316 1844 2372 inferos
1881 2318 1972 2387 qui
2027 2333 2219 2373 sanare

2325 2312 2433 2383 γὰρ
2461 2311 2649 2366 ἔλαϐον
2693 2311 2784 2364 τὸν
2815 2312 3014 2383 Κύριον
3053 2311 3142 2365 διὰ
3186 2311 3407 2384 λούτρου
3438 2313 3882 2381 παλιγγενεσίας,
3967 2354 3972 2359 ,

675 2400 865 2468 possit.
887 2399 1050 2472 450
1066 2402 1387 2460 Studeamus
1409 2422 1558 2476 ergo,
1585 2407 1798 2472 fratres,
1825 2410 2052 2464 studiosi
2076 2410 2219 2464 enim

2321 2403 2504 2456 ἔδωκε
2557 2402 2760 2469 αὐτοῖς
2810 2403 3097 2467 ἐξουσίαν
3147 2401 3329 2457 τέκνα
3383 2403 3529 2457 Θεοῦ
3571 2403 3880 2472 γενέσθαι,

673 2501 889 2546 αξιοι-ηαξ
920 2495 1040 2548 vitae
1088 2496 1327 2565 inscripti
1379 2512 1590 2560 sumus,
1625 2516 1721 2555 nec
1745 2509 1827 2555 est
1855 2501 1994 2570 quod
2026 2501 2109 2556 vel
2140 2501 2225 2555 la-

2321 2499 2521 2552 εἰπών’
2575 2495 2922 2564 Σχολάσατε
2976 2496 3072 2549 καί
3117 2493 3332 2564 γνῶτε,
3378 2495 3467 2549 ὅτι
3513 2493 3624 2565 ἐγώ
3677 2496 3805 2564 ειμι
3851 2499 3884 2550 ὁ

675 2599 833 2654 psum
890 2586 1080 2650 ullum,
1137 2589 1218 2642 vel
1275 2598 1507 2658 tempus.
1553 2593 1635 2646 vel
1685 2610 1822 2648 onus
1859 2607 2216 2648 excusemus:

2326 2590 2490 2654 Θεὸς,
2529 2589 2623 2641 καὶ
2652 2589 2684 2655 ἡ
2719 2586 2970 2640 ἀπάθεια.
3003 2584 3159 2656 Αὐτῷ
3183 2587 3216 2656 ἡ
3241 2584 3366 2651 δόξα
3406 2587 3487 2648 είς
3521 2583 3645 2648 τοὺς
3672 2584 3884 2649 αἰῶνας

675 2685 943 2745 quotquot
985 2680 1126 2732 enim
1165 2672 1446 2734 Dominum
1491 2699 1582 2752 per
1614 2685 2032 2752 regenerationis
2077 2685 2224 2738 lava-

2322 2681 2429 2732 τῶν
2455 2679 2681 2733 αἰώνων.
2726 2679 2912 2748 Ἀμήν.

677 2781 827 2820 crum
873 2780 1218 2837 receperunt,
1264 2773 1405 2824 dedit
1451 2775 1560 2826 illis
1612 2786 1915 2842 potestatem
1959 2777 2096 2844 ﬁlios
2156 2776 2251 2829 Dei
2307 2774 2421 2842 ﬁeri
2466 2772 2532 2838 ³⁸,
2567 2787 2689 2826 cum
2725 2772 2900 2826 dixit:
2947 2769 3136 2824 Vacate
3167 2779 3215 2823 et
3252 2768 3438 2837 videte,
3487 2780 3542 2826 et
3571 2770 3882 2842 intelligite,

687 2862 814 2929 quia
843 2878 933 2929 ego
990 2881 1106 2915 sum
1175 2863 1404 2929 Deus”,
1465 2877 1518 2920 ct
1551 2884 1690 2922 xera
1742 2870 1810 2923 ab
1869 2871 2014 2924 omni
2047 2869 2525 2941 perturbationum
2581 2866 2945 2935 vitiorumque
2991 2873 3306 2934 tempestate
3351 2864 3739 2933 tranquillitas,
3791 2864 3884 2922 cui

681 2953 849 3021 gloria
899 2953 952 3006 in
1004 2960 1187 3013 omnes
1226 2957 1544 3009 swculorum
1585 2959 1926 3013 :eternitales.
1975 2960 2164 3014 Amen.

753 3042 963 3097 Excitat
989 3045 1200 3112 quidem
1245 3062 1275 3100 a
1327 3057 1468 3101 terra
1499 3051 1549 3102 in
1582 3052 1773 3105 omium
1817 3052 2029 3121 inopem
2077 3068 2225 3106 men-

2407 3047 2620 3117 Ἀνιστᾷ
2670 3048 2766 3118 μὲν
2806 3045 2913 3100 ἀπὸ
2952 3046 3055 3116 γῆς
3083 3047 3161 3110 εἰς
3210 3047 3432 3120 οὐρανὸν
3475 3047 3682 3116 πένητα
3714 3045 3882 3100 νοῦν·

681 3141 787 3187 tem
817 3175 830 3194 ,
873 3143 928 3188 et
979 3136 1044 3189 de
1081 3147 1317 3191 stercore
1370 3141 1622 3194 vitiorum
1676 3144 1877 3196 excitat
1934 3160 2223 3215 pauperem

2327 3141 2418 3194 καὶ
2446 3141 2552 3194 ἀπὸ
2581 3140 2809 3209 κοπρίας
2840 3140 3027 3193 παθῶν
3071 3138 3272 3208 ἐγείρει
3302 3139 3513 3208 πτωχὸν
3545 3141 3578 3208 ἡ
3629 3138 3888 3238 μακαρία

682 3225 836 3279 heata
883 3227 1045 3280 animi
1105 3230 1463 3299 tranquillitas
1497 3251 1510 3286 :
1540 3234 1631 3288 sed
1678 3234 2051 3291 laudatissima
2099 3239 2229 3294 cha-

2324 3231 2591 3293 ἁπάθειαν⁴
2623 3233 2655 3300 ἡ
2701 3231 2756 3282 δὲ
2803 3232 3146 3301 πανὺμνητος
3182 3229 3366 3302 ἀγάπη
3415 3233 3559 3282 ποιεῖ
3587 3229 3753 3282 αὑτὸν
3787 3227 3886 3282 τοῦ

681 3316 814 3372 ritas
859 3319 1084 3372 collocat
1127 3336 1249 3375 eum
1293 3339 1413 3377 cum
1469 3327 1855 3404 principibus,“
1887 3331 2092 3398 angelis
2141 3333 2226 3386 in-

2328 3316 2548 3403 καθίσαι
2598 3320 2737 3397 μετά
2778 3322 3072 3396 ἀρχόντων,
3102 3321 3273 3406 ἁγίων
3303 3320 3567 3390 ἀγγέλων,
3605 3321 3752 3391 μετὰ
3784 3321 3889 3392 ἀρ-

683 3423 844 3475 quam
884 3413 1104 3476 sanctis,
1136 3428 1258 3466 cum
1285 3416 1619 3484 principibus
1651 3415 1827 3487 populi
1859 3422 1940 3474 sui
1962 3422 2025 3475 ιθ.

981 3543 1263 3598 SCHOLIA
1305 3547 1396 3598 Al)
1434 3548 1718 3603 GRADUM
1760 3551 1947 3606 XXIX.

787 3654 865 3709 De
893 3656 1135 3728 religiosa
1168 3662 1331 3716 animi
1369 3665 1753 3743 tranquillitate
1786 3685 1874 3721 seu
1913 3671 2132 3723 victoria

1293 3749 1614 3799 passionum.

1287 3823 1528 3879 Scholion
1573 3827 1624 3881 l.

753 3911 928 3979 Quis?
954 3914 1184 3971 Sanctus
1212 3915 1466 3986 Ephrem.

1285 4008 1529 4066 Scholion
1565 4013 1618 4067 2.
2174 4059 2176 4061 ›

754 4097 887 4152 Nam
928 4100 981 4153 in
1014 4099 1114 4154 hac
1150 4100 1313 4154 animi
1347 4105 1736 4173 tranquillitate
1775 4109 2072 4174 constituti,
2118 4112 2231 4167 sive

689 4192 927 4245 omnium
980 4191 1330 4261 cupiditatum
1389 4195 1618 4252 victores
1665 4200 1728 4252 ad
1783 4216 2054 4269 summum
2097 4220 2232 4273 prae-

690 4289 967 4347 ceptorum
1004 4283 1307 4338 divinorum
1340 4283 1610 4357 fastigium
1643 4305 1764 4343 cum
1794 4293 2099 4361 inexplebili
2134 4295 2229 4350 de-

692 4371 889 4426 siderio
927 4377 1194 4445 progressi
1236 4377 1621 4446 perfemionem
1657 4379 1831 4448 ipsam
1863 4383 2233 4440 infinitam-fa-

691 4462 861 4523 ciunt,
882 4467 1024 4532 quod
1042 4468 1302 4524 bonorum
1331 4480 1654 4526 aeternorum
1679 4473 1860 4528 nullus
1881 4474 1952 4528 sit
1970 4477 2235 4534 terminus

691 4570 788 4610 seu
821 4555 958 4610 linis.

1369 4656 1552 4710 Aliud.
1798 4693 1800 4697 -
2146 4697 2147 4702 η

720 4786 726 4790 .
763 4739 1003 4795 Perfecta
1029 4742 1268 4810 quidem,
1305 4748 1478 4815 quoad
1507 4748 1625 4817 eius
1670 4763 1764 4818 per
1818 4737 2115 4805 humanam
2160 4750 2239 4805 fa-

692 4833 943 4886 cultatem
985 4833 1096 4886 ﬁeri
1144 4841 1352 4901 potest;
1401 4839 1708 4908 imperfecta
1760 4853 1970 4909 autem,
2021 4852 2080 4897 ut
2120 4859 2241 4914 quae

694 4939 904 4994 semper
954 4926 1186 4994 seipsam
1234 4940 1586 4998 supergressa
1642 4935 1796 4989 novis
1843 4936 2116 5008 sigillatim
2155 4952 2242 4993 ac-

693 5017 1030 5071 oessionibus
1069 5016 1382 5082 extollatur,
1420 5019 1548 5075 dum
1603 5036 1860 5094 perpetuo
1908 5029 1974 5083 ad
2009 5038 2236 5085 mortem

696 5106 889 5173 gradus
935 5106 1082 5164 facit.
1659 5146 1668 5151 -
2275 5104 2279 5107 i

914 5214 922 5222 '
1301 5201 1460 5256 Aliud
1501 5201 1633 5258 Nili.

767 5283 1041 5354 Duplicem
1067 5292 1445 5358 perfectionem
1471 5289 1864 5364 intelligendam
1886 5302 2056 5358 scias:
2077 5321 2236 5360 unam

699 5512 755 5578 7,
797 5512 853 5567 8.

773 5623 1200 5725 εῗ)ρι(ἒ.¹3.ἳ¹292⁴ζ
1236 5630 2236 5725 §.-.-.Elz':tse.ﬂ"i.Attamen!"

703 5693 838 5775 apte
869 5693 1200 5775 gim‘aeum?
1244 5697 1359 5775 Nisi
1388 5693 1665 5773 'loquatut:
1711 5706 1779 5760 de
1826 5693 2229 5775 scriptis—illitis:

702 5758 842 5838 Nam
874 5762 931 5838 ξ,
970 5763 1204 5838 Ephrem
1243 5768 1376 5838 visit
1419 5758 1773 5838 an'no’VStiz‘i,"
1797 5758 2231 5838 (iniuaédsmséél

775 5829 849 5902 (ὁ)
888 5829 1192 5890 ’Δτὲλεστον
1253 5837 1554 5911 τελειότητα
1619 5829 1806 5901 Latine
1858 5829 2229 5908 cumq-cadem

770 5438 889 5530 '1"
922 5439 1062 5494 Tim.
1098 5459 1169 5505 tv,
1199 5447 1253 5501 7.
1330 5449 1374 5482 ³⁸
1396 5448 1541 5505 Psal.
1580 5464 1712 5514 xvu,
1737 5450 1825 5530 ὅθ.
1899 5454 1941 5486 ³⁷
1969 5456 2071 5512 lsa.
2111 5475 2223 5526 th,
2251 5459 2306 5515 2.

2326 3400 2525 3484 χόντων
2554 3413 2682 3467 λαοῦ
2726 3414 2949 3483 Κυρίου.

2639 3531 2645 3536 ’
2693 3560 2940 3614 ΣΧΟΛΙΑ
2966 3558 3080 3613 ΕΙΣ
3115 3560 3336 3613 ΛΟΓΟΝ
3373 3560 3497 3616 ne.

2867 3671 3005 3740 Περὶ
3029 3659 3336 3740 ἀπαθείας.

2928 3831 3182 3900 Σχόλιον
3204 3836 3272 3885 α’.

2331 3952 2337 3957 ~
2403 3921 2445 3972 Τ
2451 3921 2528 3983 ίς;
2576 3920 2632 3973 '0
2667 3923 2815 3990 ἅγιος
2856 3918 3092 3991 Ἑφρσῗμ
3121 3923 3218 3993 (ο).

2927 4015 3182 4081 Σχόλιον
3223 4013 3288 4083 β’.

2357 4121 2365 4130 υ
2401 4104 2463 4154 Οἱ
2504 4102 2612 4174 γάρ
2642 4104 2868 4167 ἀπαθεῖς
2901 4105 3033 4174 πρὸς
3065 4105 3124 4158 τὸ
3150 4105 3313 4175 ἄκρον
3345 4104 3531 4171 ἐφετὸν
3558 4103 3876 4172 ἀκορέστως

2331 4187 2830 4262 ὑπερεκτεινόμενοι
2891 4192 3172 4245 ἀτέλεστον
3232 4191 3440 4257 ποιοῦσι
3505 4191 3604 4259 τὴν
3673 4190 3885 4244 τελειό-

2314 4297 2468 4352 τητα
2519 4283 2628 4354 (b)°
2679 4282 2813 4337 διότι
2855 4283 2962 4336 τῶν
3013 4283 3242 4336 αἰωνίων
3297 4281 3516 4351 ἀγαθῶν
3571 4279 3730 4344 τέλος
3779 4283 3884 4335 οὐκ

2335 4373 2468 4425 ἐστι.

3013 4672 3210 4728 Ἄλλο.

2404 4763 2593 4831 Τελελία
2626 4763 2722 4834 μὲν
2753 4764 2875 4817 ὅσον
2923 4764 3055 4831 πρὸς
3090 4764 3164 4840 τὸ,
3178 4762 3372 4836 μέτρον
3403 4764 3503 4834 τῆς
3533 4763 3888 4837 ἀνθρωπίνης

2332 4854 2609 4925 δυνάμεως
2627 4871 2642 4888 ο
2671 4854 2950 4916 ἀτέλεστος
2978 4853 3035 4906 δὲ
3067 4853 3142 4917 ὼς
3189 4853 3276 4907 ἀεὶ
3305 4852 3719 4924 ,ὑπερϐαίνουσα
3754 4857 3886 4907 ἑαυ-

2333 4945 2452 5015 τὴν,
2505 4944 2804 5009 ταῖς-κατά
2852 4943 3012 5015 μέρος
3059 4944 3415 5016 προσθήκαις,
3460 4943 3552 4996 καὶ
3599 4943 3886 5014 secuth

2334 5037 2592 5107 διηνεκῶς
2616 5031 2734 5099 ταῖς
2766 5035 2900 5107 πρὸς
2927 5035 3152 5099 θάνατον
3180 5033 3514 5088 ἀναδάσεσι.·

2863 5217 3047 5272 Ἀλλο
3080 5214 3314 5270 Νείλου.

2400 5306 2500 5360 Δύο
2544 5308 2880 5379 τελειότητας
2931 5308 3174 5375 νοητέονο
3212 5306 3341 5376 μίαν
3383 5303 3484 5374 μὲν
3520 5305 3886 5381 πρόσκαιρον,

2383 5461 2426 5495 ιο
2462 5461 2796 5530 303mb”,
2873 5461 3239 5524 ",Psalau,
3285 5460 3372 5516 il.
3445 5453 3685 5520 “A’Psal.
3750 5482 3884 5534 cm,

2338 5647 2504 5715 gratia
2565 5645 3016 5715 annominationis
3061 5659 3170 5699 non

2337 5713 2455 5771 sine
2505 5717 2627 5779 line,
2659 5717 2810 5779 τέλος
2837 5713 3140 5780 ἀτέλεστον,

2340 5802 2475 5851 nem,
2502 5804 2608 5843 non
2633 5787 2793 5842 linem
2827 5793 3003 5846 sonat.

3294 5653 3410 5769 iiii
3431 5647 3890 5790 ῗεξίπὲῖεᾟ

3417 5732 3434 5769 ι
3516 5753 3529 5788 t

3418 5753 3529 5788 ην,
