4032 6340
216 450 360 516 1153

1126 451 1137 463 ·
1174 421 1399 508 SCA'LA
1442 439 1812 503 PARADISI.
1846 463 1914 473 -
1940 438 2246 499 GRADUS
2275 440 2456 499 xxx.

3274 435 3415 499 1154

210 567 354 635 μίαν
380 563 436 616 δὲ
467 564 713 617 αἰώνιονθ
764 563 890 634 περὶ
915 558 984 634 ἧς
1025 560 1220 633 γράφει
1248 560 1277 612 6
1322 554 1554 616 Παῦλοςο
1586 552 1770 604 Ὀτιιν

1888 549 2034 617 ιυῙιιε
2064 550 2347 619 praesentis
2380 548 2658 618 temporis,
2690 559 2745 603 et
2777 563 2936 602 unam
2972 548 3194 604 alterius
3234 552 3417 605 saeculi

204 656 287 710 δὲ
317 660 467 723 ἕλθῃ
495 654 563 709 τὸ
593 653 838 717 τέλειον,
868 655 997 707 τότε
1028 652 1093 705 τὸ
1138 652 1207 704 ἐκ
1230 648 1448 718 μέρους
1486 658 1772 711 καταργη-

209 744 507 822 θήσεται-ο
539 745 599 797 τὸ
627 745 752 814 γὰρ,
780 745 924 797 ὅταν
946 743 1091 809 ἔλθῃ
1126 742 1189 793 τὸ
1216 740 1464 803 τέλειον,
1498 734 1769 806 σημαίνει,

210 836 307 890 ὃτι
334 834 565 888 ἐνταῦθα
598 835 659 887 οὐ
699 833 968 905 δυνάμεθα
992 832 1231 904 χωρῆσαι
1262 828 1360 901 τὴν
1394 827 1542 881 θείαν
1572 824 1771 911 τελειό-

213 945 385 998 τητα.

886 1102 1091 1154 Ἀλλο.

295 1195 403 1249 Δύο
449 1194 785 1263 τελειότητας
832 1190 1041 1261 Παῦλος
1069 1191 1097 1241 6
1141 1187 1422 1250 θεσπέσιος
1467 1185 1773 1247 ἐπίσταται,

219 1286 326 1341 καὶ
352 1283 458 1339 οἶδε
486 1288 576 1338 τὸν
600 1285 758 1339 αὐτὸν
776 1283 995 1343 τέλειον,
1025 1282 1116 1333 καὶ
1136 1282 1196 1333 οὐ
1225 1276 1423 1331 τέλειον
1450 1275 1734 1345 ἄνθρωπον
1755 1290 1771 1303 ⁸

220 1381 303 1443 ὡς
354 1380 447 1449 μὲν
487 1377 619 1447 πρὸς
650 1376 740 1428 τὸν
797 1373 1035 1445 παρόντα
1086 1371 1197 1441 βίον
1246 1372 1446 1423 τέλειον
1488 1367 1777 1436 λεγόμενον

222 1471 511 1540 ἄνθρωπον
531 1487 545 1500 ·
576 1469 669 1522 καὶ
696 1467 771 1530 ὡς
809 1467 943 1537 πρὸς
986 1467 1075 1519 τὸν
1102 1464 1312 1535 ἀληθῶς
1341 1462 1559 1524 τέλειον,
1591 1459 1650 1511 οὑ
1686 1459 1776 1511 τέ-

221 1562 399 1615 λειον·
431 1560 508 1612 διό
546 1576 677 1628 φησι
701 1573 714 1587 ⁸
757 1562 882 1627 Οὐχ
913 1557 1000 1610 ὅτι
1029 1557 1245 1611 ἔλαϐον
1267 1555 1304 1622 ἢ
1334 1553 1448 1621 ἤδη
1479 1549 1777 1604 τετελείω-

216 1669 354 1723 μαι.
406 1652 515 1705 Καὶ
565 1652 683 1719 μετ’
728 1650 883 1719 ὀλίγα
940 1648 1119 1717 λέγει·
1180 1648 1342 1699 Ὅσοι
1391 1639 1503 1699 οὖν
1541 1643 1775 1718 τέλειοι,

224 1744 405 1799 τοῦτο
427 1741 754 1812 φρονῶμεν.

830 1934 1085 1986 Σγόλιυν
1114 1936 1182 1986 γ’.

830 1948 876 1986 Δ·
918 1948 1085 1986 ολιον
1135 1948 1182 1983 ν.

315 2029 607 2082 ’Δπάθειαν
635 2028 747 2097 ἔχει
765 1952 928 2096 ψυχῇ,
958 2026 1055 2095 οὐχ
1084 1948 1221 2094 ἡῒμὴ
1249 2021 1528 2090 πάσχουσα
1556 2018 1688 2090 πρὸς
1714 2017 1781 2070 τὰ

225 2120 555 2192 πράγματα,
590 2118 702 2172 ἀλλ’
734 2120 772 2188 ή
798 2118 891 2170 καὶ
918 2116 1053 2188 πρὸς
1073 2116 1169 2187 τὴν
1203 2115 1420 2185 μνήμην
1446 2112 1621 2165 αὐτῶν
1653 2111 1783 2164 ἀτά-

227 2228 403 2283 ραχος
432 2211 772 2281 διαμένουσα.
1206 2246 1211 2251 .

788 2300 1043 2367 Σχόλιον
1068 2296 1237 2351 ἄλλο.
1348 2303 1352 2306 ’

307 2391 554 2462 Τήρησις
579 2388 805 2443 ἐντολῶν
838 2386 971 2441 Θεοῦ
1006 2385 1180 2438 τίκτει
1212 2379 1514 2435 ἀπάθειαν
1550 2374 1787 2431 ἀπάθεια

226 2483 291 2536 δὲ
322 2482 500 2553 ψυχῆς
542 2482 794 2552 συντηρεί
816 2478 1035 2547 γνῶσιν.

849 2675 894 2727 Σ
896 2672 1100 2739 χόλιον
1125 2666 1189 2721 δ’.

310 2769 388 2822 Τὸ
430 2769 526 2838 τῆς
568 2765 927 2836 φιλαργυρίας
972 2761 1140 2823 πάθος
1187 2756 1430 2811 ἐντεῦθεν
1475 2754 1786 2823 ἐλέγχεται⁹

233 2859 300 2911 ὲν
334 2855 411 2925 τῷ
439 2856 693 2925 χαίροντα
737 2853 1046 2924 λαμϐάνειν,
1076 2849 1166 2903 καὶ
1202 2846 1535 2915 λυπούμενον
1573 2842 1789 2913 μεταδι-

234 2949 391 3003 δόναι
410 2963 425 2977 ⁸
455 2948 514 3002 οὐ
540 2948 761 3001 δύναται
789 2946 847 2999 δὲ
874 2948 901 2998 6
925 2942 1161 3005 τοιοῦτος
1190 2938 1525 3009 οίκονομικὸς
1557 2932 1717 2989 εἶναι.

851 3096 1103 3189 Σχόλιον
1143 3125 1204 3170 ε’.

1869 649 2152 709 aaternam,
2202 638 2360 710 451
2414 640 2481 694 de
2527 654 2633 708 qua
2682 639 2870 694 scribit
2913 650 3133 696 sanctus
3173 640 3415 699 Paulus:

1872 729 2096 796 Quando
2128 732 2347 801 (inquit)
2376 732 2569 785 venerit
2598 732 2733 800 quod
2751 712 3040 803 perfectum
3068 744 3165 797 est,
3198 750 3419 787 evacua-

1875 822 2031 875 bitur»
2053 822 2187 892 quod
2226 838 2289 874 ea:
2325 832 2475 890 parte
2506 831 2583 876 est
2606 823 2671 875 δι.
2713 819 2850 877 Illud
2879 823 3055 888 enim,
3100 825 3307 891 quando
3339 840 3421 875 vc-

1872 911 2009 963 nerit
2037 912 2172 980 quod
2195 910 2481 977 perfectum
2512 921 2611 975 est,
2660 910 2945 981 signiﬁcat,
2976 927 3078 966 nos
3113 911 3203 967 hic
3232 926 3423 979 capere

1834 1072 1838 1076 ν
1871 1017 1978 1056 non
2016 1016 2179 1083 posse
2203 1000 2439 1095 divinam
2465 1000 2876 1070 perfectionem.

2448 1140 2459 1149 .
2558 1092 2741 1147 Aliud.

1942 1183 2223 1239 Geminam
2258 1180 2642 1252 perleetionem
2686 1191 2908 1238 sanctus
2928 1181 3127 1237 Paulus
3156 1185 3419 1253 agnoscit,

1874 1275 2232 1342 eumdemque
2264 1274 2541 1328 hominem
2571 1274 2707 1329 vidit
2732 1274 3025 1344 perlectum
3048 1283 3103 1328 et
3130 1275 3414 1343 imperfec-

1876 1376 2026 1432 tum;
2073 1363 2370 1435 perfectum
2400 1363 2633 1434 quidem,
2676 1374 2937 1432 quantum
2993 1364 3060 1418 ad
3088 1371 3423 1431 .praasentem

1877 1458 1997 1512 vitae
2028 1466 2226 1512 statum
2253 1457 2512 1525 pertinet;
2549 1455 2924 1529 imperfectum
2942 1466 3141 1520 autem,
3163 1464 3422 1524 quantum

1876 1551 1943 1605 ad
1979 1564 2163 1604 veram
2194 1549 2363 1603 futuri
2391 1558 2567 1603 status
2609 1548 2990 1618 perfectionem
3027 1547 3237 1602 attinet.
3280 1547 3425 1613 Qua-

1876 1654 2092 1715 propter
2128 1644 2263 1698 dixit
2294 1662 2305 1697 :
2341 1642 2465 1696 Non
2506 1645 2643 1713 quod
2690 1646 3006 1713 acceperim,
3050 1654 3138 1694 aut
3162 1643 3281 1710 jam
3312 1658 3430 1711 pcr-

1837 1753 1843 1760 ·
1878 1736 2041 1805 fectus
2071 1737 2169 1789 sim
2198 1737 2264 1789 δ’.
2321 1734 2389 1789 Ει
2435 1744 2557 1803 post
2597 1750 2766 1803 pauca
2817 1735 3036 1804 subjici:
3073 1753 3086 1789 :
3125 1734 3430 1803 Quicunque

1878 1846 1998 1899 ergo
2030 1829 2245 1909 perfecti
2275 1845 2480 1893 sumus,
2514 1829 2609 1881 hoc
2638 1832 2926 1882 sentiamus
2948 1828 3015 1883 ”.

2485 1916 2730 1971 Scholion
2768 1917 2819 1969 5.

1949 2007 2423 2080 Tranquillitatem
2463 2018 2671 2078 partam
2711 2006 2869 2061 habet
2898 2008 3077 2061 anima
3104 2049 3119 2072 ,
3171 2023 3277 2061 non
3313 2022 3432 2075 qua:

1883 2101 1948 2156 ad
1984 2116 2071 2157 res
2105 2104 2370 2156 humanas
2400 2116 2505 2155 non
2528 2086 2795 2160 afﬁcitur,
2835 2099 2926 2152 sed
2970 2114 3089 2167 quae
3139 2100 3204 2151 ad
3237 2114 3434 2152 memo-

1882 2195 2019 2249 riam
2046 2196 2212 2250 etiam
2242 2210 2430 2250 earum
2464 2195 2849 2262 imperturbata
2884 2199 3083 2246 manet.

1876 2280 1885 2289 '
2437 2285 2680 2340 Scholion
2720 2285 2886 2339 aliud.

1876 2390 1881 2403 ‘
1955 2379 2274 2435 Observatio
2303 2379 2682 2433 mandatorum
2717 2378 2805 2433 Dei
2837 2378 2977 2446 parit
2998 2376 3278 2430 victoriam
3312 2391 3431 2445 per-
3504 2389 3508 2392 ‘

1888 2472 2277 2534 turbationum,
2323 2471 2549 2525 victoria
2584 2480 2763 2524 autem
2797 2469 3262 2539 perturbationum
3304 2485 3437 2524 con-

1885 2570 2063 2616 servat
2090 2561 2475 2630 cognitionem.
2538 2560 2543 2565 ’

2492 2649 2742 2705 Scholion
2778 2650 2830 2703 4.

1956 2741 2160 2797 Vitium
2194 2744 2437 2797 avaritia:
2468 2743 2591 2797 inde
2626 2740 3061 2811 deprehenditur,
3098 2756 3219 2795 cum
3266 2741 3311 2796 is
3345 2742 3437 2819 qui

1890 2838 2101 2905 accipit,
2134 2837 2448 2906 accipiendo
2485 2836 2699 2905 gaudet,
2740 2844 2794 2889 et
2832 2835 3106 2903 largiendo
3149 2834 3437 2889 tristatur:

1892 2927 2200 2997 huiusmodi
2242 2928 2383 2981 enim
2436 2927 2612 2981 bonus
2654 2924 2999 2995 dispensatOr
3046 2940 3163 2979 esse
3205 2940 3310 2979 non
3346 2940 3441 2995 po-

1895 3028 1972 3074 tes
1980 3029 2018 3074 ι.

2500 3107 2747 3162 Scholion
2785 3108 2839 3161 5.

317 3216 650 3285 Σημείωσαι,
680 3216 766 3288 ότι.
790 3211 1029 3266 ἀπώλεια
1056 3211 1090 3278 ἡ
1114 3206 1458 3277 ὑπερηφανία
1485 3201 1665 3264 ἱδικῶς
1684 3217 1699 3231 °
1732 3200 1789 3253 τὸ

1966 3198 2203 3253 Observa
2258 3198 2563 3265 superbiam
2618 3208 2761 3250 recta
2813 3195 3028 3250 tendere
3071 3195 3135 3249 ad
3178 3196 3440 3251 exitium:

240 3307 290 3359 δ’
323 3305 553 3359 ἐναντίον
583 3303 865 3377 πρόδηλον.

841 3393 887 3443 Σ
887 3391 1093 3457 χόλιον
1132 3392 1207 3453 ς’.

323 3490 436 3560 Οὐχ
473 3485 733 3555 ὑπομένει
780 3482 841 3535 τὸ
886 3482 1070 3543 σκότος
1116 3480 1214 3549 τὴν
1258 3475 1347 3530 τοῦ
1392 3474 1563 3544 φωτὸς
1593 3489 1797 3544 παρου-

247 3583 406 3638 σίαν
448 3580 509 3632 οὐ
574 3577 727 3638 νόσος
775 3572 959 3642 ὑγείας
1008 3569 1364 3639 ἐπιλαϐούσης
1415 3567 1653 3619 ἵσταταιο
1700 3564 1799 3616 οὐκ

246 3675 466 3745 bene?
495 3668 566 3724 τὰ
595 3668 742 3737 πάθη
768 3666 866 3738 τῆς
896 3661 1161 3726 ἀπαθείας
1202 3660 1500 3733 παρούσης.

850 3841 899 3893 Σ
898 3836 1108 3906 χόλιονί
1146 3834 1211 3900 ζ’.

328 3936 537 3999 Κάλλος
565 3933 664 4004 τὴν
693 3928 1010 3993 ἀθανασίαν,
1053 3926 1219 3996 πηλὸν
1259 3924 1316 3976 δὲ
1341 3924 1440 3992 τὴν
1472 3921 1645 3990 γεώδη
1669 3919 1801 3975 ταύ-

249 4048 358 4101 την
398 4028 596 4098 σάρκα,
627 4025 696 4095 ἦν
741 4022 881 4092 μετὰ
923 4020 1021 4089 τὴν
1052 4015 1386 4087 παρανομίαν
1430 4016 1457 4066 6
1499 4013 1666 4081 Ἀδὰμ
1694 4015 1801 4081 ὴμ-

255 4123 509 4193 φιάσατο,
538 4117 614 4181 ὥς
650 4130 810 4185 φησιν
838 4115 868 4166 6
892 4112 989 4180 τῆς
1017 4107 1287 4176 θεολογίας
1312 4105 1613 4172 ἐπώνυμος.

843 4312 1099 4380 Σχόλιον
1140 4314 1208 4378 η’.

337 4411 539 4473 Πολλὰς
587 4407 751 4477 μονὰς
780 4404 933 4459 καλεῖ
968 4402 1036 4453 τὰ
1081 4400 1251 4470 μέτρα
1294 4396 1392 4467 τῆς
1432 4393 1663 4457 διανοίας
1700 4391 1809 4445 τῶν

262 4507 329 4560 ἐν
356 4507 424 4575 τῇ
468 4500 621 4571 χώρει⁸
666 4498 848 4568 ἐκείνῃ
876 4490 1234 4561 αὐλιζομένων
1253 4506 1267 4519 -
1301 4488 1443 4554 λέγω
1472 4485 1535 4555 δὴ
1569 4485 1665 4547 τὰς
1695 4484 1809 4537 δια-

260 4596 497 4663 κρίσεις,
542 4584 637 4643 ααὶ
679 4584 936 4654 διαφορὰς
974 4584 1031 4633 ὲν
1064 4576 1148 4647 αἷς
1175 4579 1313 4631 κατὰ
1357 4578 1592 4631 διάνοιαν
1622 4578 1807 4643 ἐντρυ-

259 4684 477 4756 φῶσιψ
516 4682 577 4733 οὺ
605 4680 713 4748 γὰρ
755 4674 1012 4744 διαφορὰς
1056 4674 1268 4735 τόπων,
1315 4669 1450 4722 ἀλλὰ
1475 4668 1652 4730 τάξεις
1703 4682 1805 4734 χα-

265 4776 546 4850 ρισμάτων
578 4770 777 4832 πολλὰς
814 4766 976 4837 μονὰς
1002 4766 1237 4835 εἴρηκεν.

1894 3290 2225 3347 contrarium
2258 3304 2352 3358 per
2378 3304 2436 3342 se
2466 3289 2671 3341 clarum
2705 3297 2807 3343 est.

2504 3377 2754 3433 Scholion
2791 3378 2844 3431 6.

1966 3470 2224 3526 Tenebrae
2257 3486 2363 3524 non
2397 3468 2579 3523 lerunt
2615 3470 2954 3538 praesentiam
2983 3467 3233 3535 luminis;
3273 3485 3449 3539 neque

1897 3564 2122 3621 morbus
2144 3564 2306 3617 durat
2329 3562 2577 3617 veniente
2598 3560 2847 3625 sanitate,
2876 3576 3047 3629 neque
3075 3562 3201 3614 mali
3230 3561 3453 3617 allectus

1902 3658 2064 3712 ullam
2099 3657 2207 3710 vim
2239 3653 2474 3719 habent,
2524 3662 2785 3723 praesente
2813 3652 3047 3722 perfecta
3095 3653 3262 3706 animi
3306 3664 3453 3708 tran-

1901 3750 2187 3819 quillitate.

2504 3834 2752 3887 Scholion
2791 3834 2842 3886 7.

1971 3931 2076 3985 Per
2095 3927 2548 3999 pulchritudinem
2570 3923 2817 3992 intelligit
2840 3923 3292 3978 immortalitatem
3318 3927 3452 3989 (Cli-

1901 4022 2135 4090 maeus),
2155 4021 2326 4073 lutum
2343 4027 2521 4071 autem
2536 4030 2753 4070 carnem
2785 4015 2924 4069 hanc
2942 4024 3269 4081 terrestrem,
3290 4034 3453 4087 quam

1901 4112 2073 4166 Adam
2112 4118 2235 4179 post
2258 4104 2757 4177 praevaricationem
2794 4105 2993 4169 induit,
3028 4115 3088 4159 ut
3120 4106 3294 4176 inquit
3321 4107 3483 4163 εὖτε-⁷

1905 4205 2090 4273 gorius
2118 4208 2476 4272 cognomento
2506 4196 2830 4267 Theologus.

2521 4282 2769 4339 Scholion
2799 4284 2851 4335 8.

1976 4383 2170 4437 Multas
2196 4380 2508 4435 mansiones
2529 4384 2687 4429 vocat
2713 4375 2903 4428 modos
2929 4371 3121 4426 mentis
3148 4388 3337 4429 eorum
3363 4380 3455 4446 qui

1909 4477 1964 4530 in
1991 4476 2081 4528 illa
2105 4472 2321 4541 regione
2343 4469 2698 4536 (viventium)
2728 4465 2999 4529 habitant;
3031 4465 3343 4521 discrimina
3381 4471 3463 4522 in-

1910 4581 2075 4637 quam
2123 4580 2217 4617 seu
2264 4560 2637 4616 distinctiones
2688 4563 2741 4609 et
2780 4554 3130 4627 dill'erentias,
3175 4558 3227 4610 in
3263 4561 3461 4629 quibus

1912 4661 2093 4715 animo
2124 4672 2217 4711 seu
2263 4662 2441 4707 mente
2482 4646 2794 4703 caelestibus
2838 4646 3046 4701 deliciis
3090 4649 3458 4718 perfruuntur.
3535 4674 3539 4679 -

1913 4754 2097 4824 Neque
2133 4752 2275 4807 enim
2328 4743 2641 4801 discrimina
2693 4741 2959 4804 locorum,
3014 4745 3103 4796 sed
3154 4744 3366 4797 ordines
3408 4752 3465 4796 et

1914 4851 2106 4906 modos
2157 4844 2448 4916 gratiarum
2496 4848 2549 4892 et
2592 4837 2863 4892 donorum
2915 4838 3110 4892 multas
3153 4836 3461 4892 mansiones

1913 4939 2215 5013 appellavit.

280 5075 3452 5184 _______x____________.______.___———————-

876 5292 1089 5351 ΛΟΓΟΣ
1127 5292 1205 5343 A'.

263 5434 414 5507 Πφὶ
458 5433 561 5488 toi
607 5428 953 5507 συγδέσμοτζ
997 5419 1123 5507 τῆς.
1156 5412 1434 5481 ἐναρέτου
1474 5406 1705 5476 τριάδος
1750 5406 1819 5457 ἐν

921 5495 1171 5563 ἀρεταῖς.

341 5593 481 5648 Νυνὶ
504 5591 559 5644 δὲ
583 5588 788 5654 λοιπὸν,
817 5585 953 5658 μετὰ
982 5583 1155 5634 πάντα
1171 5574 1238 5627 τὰ
1260 5571 1639 5642 προειρημένα,
1672 5564 1821 5634 μένει

270 5686 343 5743 τὰ
364 5683 495 5754 τρία
524 5681 719 5744 ταῦτα,
752 5679 823 5732 τὰ
856 5677 946 5731 τδν
978 5673 1269 5743 σύνδεσμον
1304 5664 1518 5717 πάντων
1566 5658 1821 5725 ἐπισφίγ-

344 5830 868 5900 “lCor.m|,lO.
916 5798 989 5908 ’,ιι
1042 5828 1272 5898 Philipp.
1338 5838 1416 5888 ιιι,
1480 5820 1566 5873 12.
1641 5815 1842 5869 “ibid.

2346 5261 2507 5335 452
2544 5254 2820 5313 anous
2860 5250 3023 5306 xxx.

2019 5396 2095 5450 De
2126 5394 2329 5447 vinculo
2364 5393 2523 5444 trium
2552 5390 2800 5442 rirtutum
2830 5384 2848 5450 (
2866 5382 2987 5449 ﬁdei
3017 5397 3215 5450 nempe,
3252 5381 3361 5447 spei

2491 5469 2541 5512 et
2572 5454 2891 5523 charitatis).

1985 5563 2114 5616 Post
2134 5557 2313 5610 omnia
2338 5568 2480 5609 nunc
2504 5549 2767 5618 explicata
2787 5552 3007 5601 manent
3030 5544 3140 5597 haec
3165 5540 3286 5602 tria,
3308 5538 3459 5602 ﬁdes,

1929 5669 2075 5726 spes,
2109 5649 2348 5704 cbaritas
2371 5646 2418 5676 “
2446 5663 2458 5697 :
2497 5642 2696 5711 quibus
2718 5638 2901 5695 omnia
2928 5633 3233 5693 arctissimo
3261 5630 3462 5687 vinculi

1897 5812 1982 5867 15.
2057 5803 2149 5856 ⁸⁵1
2203 5806 2326 5863 Cor.
2390 5817 2511 5867 xm,
2545 5800 2632 5854 l5.
