4032 6340
587 431 720 493 1155

1821 431 1879 485 5.
1917 427 2234 488 JOANNIS
2261 430 2563 491 CLINIACI

3673 434 3817 502 1156

589 539 732 604 nodo
759 543 1206 611 constringuntur
1247 551 1300 598 et
1342 543 1710 596 continentur.
1752 541 1926 611 Major
1971 556 2130 597 autem

2247 565 2409 613 γοντα
2461 551 2552 601 καὶ
2600 547 2921 618 κρατοῦντα,
2980 549 3176 612 πίστις.
3228 551 3403 616 ἐλπὶς,
3449 551 3640 623 ἀγάπη
3688 557 3811 625 (1)·

580 635 1021 686 horumomnium
1071 645 1148 687 est
1197 635 1432 688 charitos
1455 637 1537 702 ης
1579 637 1781 706 quippe
1827 653 1952 707 quae
2000 638 2141 694 Deus

576 725 904 779 nominatur.
958 715 1250 780 Enimvero
1287 741 1386 794 ego
1416 725 1648 796 primam
1681 728 1874 782 harum
1906 736 1964 782 ut
2003 730 2139 784 solis

576 815 806 879 radium,
864 816 1090 870 alteram
1121 825 1179 870 ut
1207 817 1413 882 lumen,
1468 818 1683 872 tertiam
1714 828 1774 872 ut
1802 819 2018 886 plenum
2053 835 2142 875 or-

577 906 817 968 bemseu
849 907 1113 963 circulum
1158 909 1517 978 contemplor.
1558 908 1636 963 Ex
1663 910 1865 980 quibus
1891 911 2144 984 omnibus

577 1014 721 1053 unus
773 998 1030 1068 splendor
1077 1009 1130 1052 ct
1179 1000 1400 1055 claritas
1447 999 1698 1071 refulget.
1746 1001 1963 1057 Etenim
2010 1003 2144 1059 ﬁdes

575 1091 758 1146 omnia
799 1091 980 1146 facere
1021 1100 1076 1146 et
1117 1092 1296 1146 moliri
1339 1101 1549 1162 potest;
1595 1107 1746 1163 spem
1783 1092 1879 1149 Dei
1926 1095 2142 1150 miseri-

575 1182 762 1236 cordia
798 1184 960 1237 vallat
1023 1194 1077 1238 et
1133 1185 1335 1247 munit,
1390 1199 1493 1240 nec
1538 1183 1798 1240 confundi
1852 1187 2140 1258 permittit.

574 1274 825 1330 Charitas
856 1290 986 1330 vero
1020 1291 1196 1346 neque
1224 1277 1390 1342 cadit,
1423 1291 1600 1348 neque
1625 1279 1878 1335 consistit
1900 1293 2142 1350 unquam

574 1381 605 1419 a
635 1381 820 1431 cursu,
855 1382 1030 1438 neque
1056 1369 1326 1424 charitate
1340 1369 1683 1426 vulneratum
1701 1387 1734 1428 a
1755 1373 1913 1429 beata
1929 1373 2145 1445 insania

521 1453 528 1461 ’
574 1458 819 1527 unquam
845 1460 1127 1529 quiescere
1163 1461 1316 1517 sinit.
1352 1453 1457 1527 Qui
1496 1463 1564 1518 de
1585 1462 1853 1520 charitate
1874 1463 1972 1520 Dei
1994 1465 2144 1536 loqui

576 1551 830 1617 instituit,
878 1552 943 1606 de
991 1553 1112 1622 ipso
1144 1551 1256 1608 Deo
1304 1569 1466 1632 agere
1495 1556 1825 1627 aggreditur.
1873 1556 2142 1613 Caeterum

575 1645 643 1697 de
677 1642 784 1697 Deo
813 1658 1124 1699 sermonem
1165 1644 1452 1701 instituere
1501 1654 1556 1701 et
1595 1646 1898 1717 disputare,
1942 1664 2144 1720 anceps

573 1749 628 1789 et
655 1735 958 1803 periculosa
985 1751 1074 1792 res
1097 1745 1182 1792 est
1212 1736 1280 1792 iis
1305 1736 1399 1807 qui
1427 1752 1536 1793 non
1561 1741 1852 1796 attendunt
1877 1752 2141 1811 quantum

575 1826 712 1896 opus
753 1828 1071 1882 moliantur.
1120 1827 1312 1882 Sermo
1355 1829 1423 1885 de
1467 1831 1736 1888 charitate
1780 1834 1987 1904 angelis
2017 1849 2142 1904 per-

2243 639 2464 699 Μείζων
2493 639 2560 692 δὲ
2592 639 2830 692 πάντων
2861 641 2898 707 ή
2938 641 3134 709 ἀγάπη
3158 658 3171 670 ο
3205 643 3336 707 Θεὸς
3379 644 3487 714 γάρ
3536 645 3807 715 ὀνομάζε-

2243 749 2351 784 ται.
2400 732 2545 800 Πλὴν
2572 732 2744 798 ἔγωγε
2776 731 2874 802 τὴν
2922 728 3021 800 μὲν
3059 734 3248 785 ἀκτῖνα
3280 734 3410 804 ὁρῶ,
3441 735 3537 805 τὴν
3563 735 3623 788 δὲ
3662 737 3809 806 φῶς,

2241 821 2348 892 τὴν·
2380 821 2436 874 δὲ
2483 821 2680 874 κύκλον
2701 838 2715 854 ο
2748 823 2925 877 πάντα
2973 823 3031 876 δὲ
3080 823 3137 875 ἓν
3163 824 3504 896 ἀπαύγασμα
3533 826 3631 879 καὶ
3672 826 3813 898 μίαν

2244 912 2620 983 λαμπρότητα.
2664 913 2726 965 Ἡ
2758 913 2857 982 μὲν
2884 913 2992 984 γὰρ
3033 913 3210 966 πάντα
3240 911 3456 967 δύνάται
3485 915 3578 968 καὶ
3607 917 3812 978 ποιεῖν,

2243 1006 2338 1057 καὶ
2365 1005 2744 1075 δημιουργεῖν·
2776 1004 2874 1074 τὴν
2902 1004 2959 1058 δὲ
2987 1005 3133 1068 ἔλεος
3171 1005 3306 1059 Θεοῦ
3339 1007 3676 1078 περικυχλοῖ,
3711 1007 3815 1060 καὶ

2243 1098 2667 1166 ἀκαταίσχυντον
2696 1100 2870 1150 ποιεῖ’
2901 1099 2936 1168 ἠ
2979 1097 3037 1151 δὲ
3083 1097 3201 1151 οὐδὲ
3231 1098 3416 1151 πίπτει
3441 1101 3550 1152 οὐδ’
3579 1101 3816 1170 ἑστήκει

2241 1188 2337 1242 τοῦ
2370 1188 2545 1243 θέεινο
2595 1188 2714 1242 οὐδὲ
2759 1188 2849 1242 τὸν
2893 1190 3168 1260 τρωθέντα
3214 1190 3440 1260 ἠρεμεῖν
3481 1190 3666 1244 λοιπὸν
3703 1190 3816 1260 τῆς

2246 1267 2520 1352 μακαρίας
2568 1281 2762 1353 μανίας
2802 1282 2885 1351 ἑᾷ.
2940 1284 2999 1335 Ὀ
3031 1283 3160 1352 περὶ⁵
3187 1283 3403 1352 ἀγάπης
3446 1281 3580 1335 Θεοῦ
3619 1283 3815 1351 λέγειν

2245 1369 2585 1446 βουλόμενος,
2619 1375 2747 1445 περὶ
2774 1374 2910 1427 Θεοῦ
2936 1371 3115 1444 Εγειν
3143 1377 3481 1449 ἐπεχείρησε.
3511 1376 3644 1448 Περὶ
3659 1375 3812 1429 Θεοῦ

2241 1467 2299 1522 δὲ
2351 1466 2504 1535 λόγος
2547 1467 2814 1538 διεξιέναι,
2861 1468 3122 1538 σφαλερὸν
3173 1469 3264 1521 καὶ
3309 1469 3640 1522 ἐπικίνδυνον
3677 1473 3813 1531 τοῖς

2249 1559 2326 1630 μὴ
2388 1559 2764 1629 προσέχουσιν.
2814 1561 2871 1612 Ὀ
2900 1559 3026 1630 περὶ
3067 1543 3287 1630 ἀγάπης
3325 1560 3497 1628 λόγος,
3545 1559 3814 1633 ἀγγέλοις

2244 1649 2555 1722 γνώριμος’
2607 1651 2880 1714 κάκείνοις
2931 1652 3070 1705 κατὰ
3122 1651 3219 1723 τὴν
3265 1651 3543 1723 ἐνέργειαν
3572 1653 3670 1723 τῆς
3707 1651 3812 1705 ἑλ-

2244 1740 2502 1812 λάμψεως
2523 1757 2537 1771 ⁸
2581 1741 2640 1794 Ἀ
2651 1741 2804 1810 prim;
2850 1745 2883 1795 ὀ
2930 1743 3072 1807 Θεός
3101 1741 3292 1808 ἐστιν,
3321 1743 3350 1795 ὀ
3376 1724 3500 1812 ὅρον
3525 1742 3582 1794 δὲ
3605 1743 3811 1795 τούτου

2243 1833 2417 1902 λέγειν
2451 1831 2790 1903 βουλόμενος,
2824 1834 2879 1885 ὲν
2909 1833 3126 1904 άὸύσσῳ
3169 1832 3489 1904 τυφλὼττων
3515 1832 3604 1887 τὸν
3649 1833 3814 1902 ψάμ-

575 1929 736 1976 notus
765 1931 870 1984 cst,
895 1929 950 1974 et
975 1919 1085 1975 illis
1111 1919 1244 1989 ipsis
1273 1935 1375 1988 pro
1407 1923 1619 1978 ratione
1647 1934 1702 1978 et
1732 1923 1989 1979 facultate
2017 1925 2142 1978 illu-
2176 1912 2215 1966 Β
2245 1941 2342 1994 μον
2378 1925 2581 1994 μετρεῖ.

573 2013 852 2071 strationis
884 2013 1268 2069 divina:.‘Deus
1295 2026 1372 2068 eu
1400 2015 1636 2069 churitas
1683 2018 1753 2081 ⁸⁸,
1779 2017 1941 2086 cujus
1991 2020 2361 2073 definitionem
2395 2018 2489 2087 qui
2548 2015 2722 2071 verbis
2772 2016 3044 2085 explicare
3101 2024 3352 2077 conatur,
3393 2029 3567 2070 aecus
3597 2015 3648 2069 in
3680 2010 3810 2071 alto

525 2114 527 2116 ’
572 2109 762 2178 pelago
791 2122 1012 2163 arenam
1051 2108 1356 2162 dimetitur.

643 2199 896 2255 Charitas
923 2215 990 2254 ex
1031 2209 1226 2253 natura
1270 2199 1554 2272 qualitatis
1583 2216 1695 2254 suae
1716 2209 1800 2256 est
1839 2202 2139 2257 similitudo

471 2280 486 2305 ⁷
575 2293 687 2356 Dei,
728 2301 992 2363 quantum
1050 2292 1310 2348 mortales
1364 2292 1871 2362 assequiipossunt.
1929 2295 2137 2349 Secun-

570 2385 702 2439 dum
747 2381 1043 2438 efficaciam
1100 2370 1280 2437 autem
1337 2391 1422 2438 est
1460 2384 1710 2454 quaedam
1745 2384 1980 2440 ebrietas
2022 2387 2140 2440 ani-

574 2492 695 2542 mae,
755 2476 1054 2531 secundum
1108 2477 1497 2545 proprietatem
1555 2476 1792 2547 denique
1878 2486 1962 2533 est
2015 2477 2138 2533 fons

573 2569 721 2633 tidei,
773 2565 934 2640 5,53
971 2567 1111 2636 aequi
1168 2577 1221 2622 et
1280 2567 1536 2637 patientis
1581 2569 1752 2623 animi
1782 2568 2134 2640 profundum,

571 2663 791 2731 pelagus
863 2660 1198 2715 humilitatis.
1261 2661 1511 2717 Charitas
1581 2662 1798 2732 proprie
1866 2674 1948 2718 est
1988 2663 2139 2718 abdi-

570 2756 714 2817 catio
762 2753 953 2810 omnis
981 2753 1274 2830 tonitrariae
1309 2753 1693 2825 cogitationis;
1729 2755 1933 2810 malum
1991 2745 2136 2811 enim

571 2864 679 2905 non
737 2848 941 2917 cegitat
995 2848 1255 2901 Charitas.
1331 2843 1584 2901 Charitas
1643 2855 1697 2899 et
1746 2848 1912 2900 animi
1989 2859 2136 2902 tran-

570 2941 833 3010 quillitas,
865 2950 917 2994 ct
947 2938 1167 3008 adoptio
1200 2939 1433 2992 tiliorum
1473 2937 1567 2994 Dei
1615 2939 1928 2994 nominibus
1959 2940 2137 3012 iisque

568 3031 702 3086 solis
734 3031 873 3085 inter
909 3047 969 3085 se
995 3030 1305 3100 discrepant
1345 3049 1358 3084 :
1403 3047 1513 3085 non
1545 3047 1704 3088 secus
1747 3049 1812 3089 ac
1856 3034 2039 3093 lumen
2080 3045 2135 3091 et

568 3124 707 3192 Ignis
737 3133 791 3176 et
823 3123 1073 3186 ﬂamma,
1131 3123 1184 3176 in
1225 3137 1388 3176 unam
1437 3137 1776 3179 concurrunt
1828 3135 2130 3192 naturam,

565 3215 858 3281 actionem,
883 3214 1156 3278 eliectum,
1193 3214 1264 3268 ita
1311 3215 1379 3270 de
1426 3215 1510 3271 his
1537 3218 1735 3288 cogita.
1785 3216 1892 3272 Pro
1927 3219 2134 3273 ratione

565 3302 811 3356 defectus
842 3303 982 3356 inest
1001 3306 1164 3356 etiam
1190 3304 1389 3359 anima:
1416 3306 1603 3360 timor.
1623 3307 1724 3373 Qui
1745 3320 1894 3364 caret
1917 3310 2128 3377 timore,

475 3443 482 3448 .
567 3402 662 3447 aut
706 3393 894 3461 plenus
944 3399 1028 3444 est
1075 3392 1362 3456 charilate,
1397 3405 1491 3446 aut
1529 3396 1709 3447 anima
1750 3406 1996 3451 mortuus
2025 3403 2128 3452 est:

2323 2191 2531 2272 Ἀγάπη
2609 2202 2749 2254 κατά
2816 2200 2915 2271 μὲν
2987 2200 3244 2270 ποιότητα
3312 2202 3565 2270 ὁμοίωσις
3632 2201 3859 2262 Θεοῦ.·

2240 2295 2360 2348 καθ’
2421 2296 2545 2366 ᾆσον
2599 2293 2808 2364 βροτοῖς
2879 2293 3112 2360 ἐφικτόν.
3187 2292 3341 2346 Κατά
3393 2294 3450 2347 δὲ
3515 2295 3808 2365 ἐνέργειαν

2241 2383 2378 2452 μέθη
2411 2383 2586 2453 ψυχῆς
2608 2399 2620 2411 -
2654 2382 2792 2434 κατὰ
2819 2381 2876 2434 δὲ
2924 2381 3021 2450 τὴν
3087 2380 3322 2450 ἰδιότητα
3354 2383 3506 2452 πηγὴ
3534 2384 3804 2448 πίστεως.

2237 2475 2471 2539 ἄϐυσσος
2497 2475 2897 2546 μακροθυμίας,
2916 2474 3155 2528 θάλασσα
3171 2474 3546 2538 ταπεινώσεως
3565 2493 3579 2506 ·
3600 2478 3805 2548 ἀγάπη

2237 2571 2355 2622 ἐστὶ
2395 2571 2599 2641 κυρίως
2635 2570 2893 2633 ἀπόθεσις
2929 2568 3187 2631 παντοίας
3232 2567 3492 2636 ξεναντίας
3547 2570 3762 2632 ἐννοίας
3789 2587 3806 2602 ·

2238 2662 2393 2730 εῐπερ
2420 2661 2452 2731 ή
2486 2662 2674 2729 ἀγάπη
2703 2661 2763 2712 οὐ
2798 2659 3068 2726 λογίζεται
3100 2658 3161 2710 τὺ
3191 2657 3380 2712 κακόν.
3423 2656 3658 2726 Ἀγάπη,
3696 2662 3808 2712 καὶ

2237 2752 2494 2815 ἀπάθεια,
2521 2754 2614 2804 καὶ
2642 2751 2901 2813 υἱοθεσία,
2929 2752 3041 2812 τοῖς
3069 2749 3312 2820 ὀνόμασι,
3345 2751 3436 2802 καὶ
3467 2747 3647 2818 μόνοις
3675 2749 3808 2804 δια-

2237 2845 2505 2916 κέκριται.
2545 2844 2632 2906 Ὧς
2686 2841 2820 2912 φῶς,
2849 2842 2941 2894 καὶ
2971 2839 3104 2910 πῦρ.
3130 2840 3223 2893 καὶ
3249 2840 3378 2909 φλὸξ
3399 2842 3479 2904 εἰς
3510 2840 3636 2911 μίαν
3662 2857 3808 2894 συν-

2233 2938 2516 3008 τρέχουσιν
2542 2935 2820 3004 ἐνέργειαν
2847 2933 2946 3004 (2),
2971 2932 3111 2985 οὕτω
3147 2932 3238 2984 καὶ
3267 2933 3394 3000 περὶ
3422 2931 3623 2984 τούτων
3653 2931 3802 2984 νόει.

2234 3029 2390 3082 Κατά
2418 3027 2478 3080 τὸ
2507 3027 2704 3096 μέτρον
2743 3025 2841 3094 τῆς
2883 3024 3168 3094 ἐλλείψεως
3197 3024 3493 3092 ἐνυπάρχει
3533 3023 3732 3092 φόϐοςο
3771 3026 3808 3076 ὀ

2202 3182 2209 3190 η
2233 3117 2342 3186 γὰρ
2365 3115 2528 3184 φόϐου
2571 3114 2737 3185 χωρὶς
2764 3113 2984 3182 ἀγάπης
3020 3113 3394 3182 πεπλήρωται,
3424 3112 3457 3181 ἢ
3495 3111 3589 3181 τὴν
3611 3111 3807 3182 ψυχὴν

2232 3208 2560 3277 νενέκρωται
2579 3222 2592 3235 ·
2625 3205 2777 3258 οὐδὲν
2798 3205 2859 3258 τὸ
2887 3204 3144 3274 δυσχερὲς
3174 3203 3280 3256 ἀπὺ
3302 3202 3409 3255 τῶν
3436 3201 3806 3272 ἀνθρωπίνων

2232 3302 2328 3357 καὶ
2354 3303 2542 3365 πόθου.
2577 3303 2673 3356 καὶ
2701 3301 2891 3370 φόϐου,
2928 3302 3022 3354 καὶ
3055 3299 3310 3369 σπουδῆς,
3351 3299 3446 3352 καὶ
3474 3299 3658 3370 ζήλου,
3690 3300 3805 3351 καὶ

2230 3394 2498 3458 δουλείας,
2533 3395 2629 3448 καὶ
2657 3393 2857 3464 ἔρωτος
2887 3392 3024 3444 Θεοῦ
3055 3392 3377 3462 παραθεῖναι
3403 3392 3635 3454 εἰκόνας.
3662 3391 3801 3444 Μα-

563 3482 708 3539 Nihil
739 3483 836 3538 abs
869 3499 924 3537 re
959 3483 1137 3538 fecero
1167 3483 1212 3537 si
1239 3484 1473 3548 timoris,
1509 3485 1789 3552 desiderii,
1817 3487 2126 3558 diligentiae,

2231 3483 2421 3552 κάριος
2451 3486 2596 3547 ὅστις
2635 3482 2876 3536 τοιοῦτον
2923 3481 3059 3551 πρὸς
3105 3481 3236 3534 Θεὸν
3268 3482 3536 3552 ἐκτήσατο
3581 3482 3798 3552 ἔρωτα,

564 3577 947 3639 aemulationis,
991 3576 1269 3629 servitutis
1302 3586 1356 3630 et
1395 3578 1598 3633 amoris
1642 3578 1735 3633 Dei
1780 3580 2028 3650 exempla
2076 3591 2130 3635 et

567 3667 832 3735 imagines
891 3666 960 3718 ab
1014 3665 1270 3718 humanis
1336 3668 1645 3722 actionibus
1713 3683 2125 3740 repratseutaro.

564 3758 762 3813 Beatus
811 3759 898 3812 ille
939 3759 1033 3826 qui
1077 3758 1168 3811 tali
1212 3757 1383 3812 fertur
1425 3774 1610 3815 amore
1648 3761 1702 3815 in
1739 3761 1933 3830 Deum,
1981 3767 2128 3835 quali

562 3867 798 3906 vesanus
834 3867 1032 3920 procus
1059 3850 1251 3918 ﬂagrat
1276 3867 1402 3923 erga
1434 3868 1587 3906 suam
1617 3855 1902 3908 amasiam.
1933 3855 2127 3912 Beatus

563 3944 659 4014 qui
690 3958 797 3997 non
833 3943 1009 3997 minus
1044 3944 1196 3998 timet
1235 3942 1401 3998 Deum
1424 3985 1439 4009 ,
1485 3960 1650 4014 quam
1682 3947 1759 4002 rei
1781 3947 2020 4015 judicem
2059 3949 2126 4002 ti—

563 4052 710 4091 mere
735 4035 929 4090 solent.
954 4033 1153 4090 Beatus
1178 4037 1270 4104 qui
1297 4051 1402 4090 non
1432 4037 1713 4092 remissior
1741 4048 1826 4094 est
1855 4040 1912 4093 in
1941 4055 2125 4094 rerum

560 4129 864 4212 divinarum
898 4129 1098 4194 studio,
1125 4143 1289 4198 quant
1321 4127 1476 4198 probi
1519 4131 1666 4184 servi
1711 4131 1764 4184 in
1812 4147 1868 4187 re
1917 4133 2125 4188 domini

559 4222 665 4275 sui.
698 4221 894 4274 Beatus
921 4221 1014 4290 qui
1041 4229 1188 4276 tanto
1217 4221 1334 4276 zelo
1381 4221 1599 4276 virtutis
1632 4231 1867 4288 tenetur,
1919 4235 2125 4294 quanto

560 4315 741 4368 mariti
774 4314 1000 4384 zelotypi
1039 4327 1166 4381 erga
1207 4328 1337 4368 suas
1383 4329 1602 4370 uxores.
1653 4313 1853 4370 Beatus
1905 4318 1998 4386 qui
2047 4318 2123 4372 ita

559 4407 766 4462 assistit
806 4405 914 4460 Deo
970 4406 1026 4460 in
1063 4405 1351 4476 precibus,
1409 4417 1468 4460 ut
1518 4405 1708 4460 famuli
1777 4423 1878 4462 suo
1942 4418 2123 4464 astant

557 4500 690 4570 regi.
741 4498 936 4553 Beatus
982 4500 1076 4568 qui
1113 4500 1186 4554 ita
1233 4498 1516 4553 Dominum
1570 4502 1717 4553 cultu
1759 4502 1862 4555 sibi
1905 4501 2122 4569 placare

556 4592 777 4648 assiduo
810 4590 1110 4650 contendit,
1139 4591 1596 4660 quemadmodum
1625 4592 1713 4644 alii
1745 4592 1848 4644 sibi
1873 4593 2120 4650 homines

547 4682 825 4738 devincire
843 4679 1080 4736 student.
1096 4675 1212 4731 Non
1232 4679 1312 4732 sic
1329 4686 1498 4732 mater
1515 4678 1729 4733 lactenti
1750 4678 1964 4743 infanti,
1980 4682 2120 4736 sicut

2228 3569 2340 3627 οἷον
2383 3573 2608 3644 μανικὸς
2663 3572 2900 3642 ἐραστὴς
2941 3572 3076 3641 πρὸς
3119 3573 3218 3640 τὴν
3273 3571 3465 3625 ἑαυτοῦ
3503 3572 3801 3642 ἐρωμένην

2228 3662 2489 3733 κέκτηται
2515 3661 2614 3732 (3).
2659 3661 2941 3732 Μακάριος
2970 3660 2998 3712 ὁ
3027 3658 3200 3722 οὕτως
3249 3658 3506 3728 φοϐηθεὶς
3539 3660 3631 3712 τὸν
3666 3661 3800 3714 Κύ..

2231 3771 2367 3826 ριον,
2400 3755 2477 3817 ὠς
2507 3753 2765 3822 δικαστὴν
2795 3751 3075 3805 κατάδικοι
3117 3750 3417 3804 δεδοίκασιο
3456 3754 3730 3821 μακάριος
3763 3755 3802 3805 ὀ

2227 3847 2400 3910 οῦτως
2430 3846 2716 3908 σπουδαῖος
2743 3845 3033 3914 γενόμενος
3067 3845 3124 3897 ἐν
3149 3845 3216 3914 τῇ
3257 3843 3426 3907 ὅντως
3458 3843 3680 3913 σπουδῇ,
3707 3843 3800 3906 ὡς

2229 3935 2568 4006 εὐγνώμονες
2590 3935 2766 3988 δοῦλοι
2803 3935 2939 4004 πρὸς
2972 3936 3061 3988 τὸν
3091 3937 3290 4004 οἰκεῖον
3342 3936 3550 4007 κύριον.
3591 3934 3798 3989 Μακά-

2230 4044 2344 4098 ριος
2380 4028 2440 4090 ὅς
2479 4026 2652 4090 οὕτως
2702 4016 2948 4097 ζηλώτὴς
2979 4028 3037 4080 ὲν
3082 4027 3304 4096 ἀρεταῖς
3331 4027 3569 4095 γέγονεν,
3616 4024 3693 4087 ὡς
3735 4028 3795 4079 οἱ

2227 4122 2356 4193 περὶ
2383 4121 2483 4184 τὰς
2513 4119 2722 4174 ἑαυτῶν
2743 4119 3046 4205 όμρζύγους
3069 4120 3135 4170 ὲκ
3161 4117 3322 4188 ζήλου
3350 4121 3630 4190 νήφοντες.
3659 4118 3797 4172 Μα-

2225 4215 2415 4286 κάριος
2443 4215 2472 4266 ὁ
2510 4213 2682 4274 οὕτως
2718 4207 2906 4281 Κυρίῳ
2953 4211 3010 4263 ἐν
3047 4212 3319 4282 προσευχῇ
3356 4212 3793 4283 παριστάμενος,

2221 4306 2298 4370 ὡς
2343 4304 2612 4376 ὑπηρέται
2647 4302 2856 4374 βασιλεῖ
2885 4303 3264 4374 παρεστήκασι
3298 4302 3396 4374 (ι).
3432 4301 3717 4376 Μακάριος
3755 4305 3796 4358 ὸ

2223 4396 2456 4467 Κύριον,
2515 4394 2592 4458 ὼς
2643 4393 2963 4467 ἀνθρώπους
3001 4394 3432 4467 ἀποθεραπεύειν
3479 4392 3795 4460 rivalitati);

2221 4487 2622 4558 ἀγωνιζόμενος
2643 4502 2658 4518 ⁶
2695 4490 2793 4558 οὐχ
2815 4486 2988 4551 οὕτως
3013 4487 3196 4558 μήτηρ
3225 4484 3513 4557 ὑπομαζίῳ
3541 4486 3616 4548 ὡς
3640 4489 3793 4555 ἀγά.

2221 4597 2333 4651 πης
2366 4579 2481 4643 υίὸς
2501 4577 2581 4650 τῷ
2608 4577 2797 4649 Κυρίῳ
2827 4576 3259 4648 προσκολλᾶσθαι
3286 4580 3494 4646 πέφυκε
3522 4577 3786 4635 πάντοτε.

2231 4673 2293 4726 '0
2319 4671 2490 4735 ὅντως
2521 4671 2665 4743 ἐρῶν
2686 4669 2763 4740 (5)
2797 4669 2884 4724 ἀεὶ
2915 4670 2976 4724 τδ
3007 4671 3098 4724 τοῦ
3134 4669 3452 4740 φιλουμένου
3485 4672 3789 4740 πρόσωπον

554 4775 696 4828 tilius
713 4770 990 4825 charitatis
1011 4768 1122 4823 Deo
1140 4782 1351 4836 semper
1380 4769 1652 4824 adhaerere
1689 4779 1853 4823 amat.
1872 4768 1974 4835 Qui
1993 4785 2116 4827 vere

2231 4765 2573 4836 ραντάςεται,
2600 4765 2696 4818 καὶ
2723 4763 2879 4817 τοῦτο
2900 4762 3046 4817 ἔνδον
3065 4762 3326 4832 ἑνηδόνως
3348 4763 3786 4837 περιπτύσσεται

551 4873 715 4926 amat,
735 4877 944 4932 semper
958 4861 1102 4914 illius
1116 4875 1274 4928 quem
1296 4869 1444 4913 amat
1457 4871 1770 4927 prazsentem
1786 4859 1887 4916 sibi
1905 4861 2014 4915 vult
2025 4877 2114 4915 um

553 4956 899 5024 imaginatur,
931 4951 1190 5018 illumque
1221 4950 1367 5004 intus
1411 4949 1465 5002 in
1490 4949 1673 5003 animo
1694 4967 1814 5004 cum
1842 4951 2117 5022 voluptate

553 5046 952 5114 complectitur,
985 5040 1119 5094 adeo
1137 5029 1204 5094 'ut
1237 5055 1335 5093 nec
1368 5041 1420 5093 in
1452 5054 1646 5094 somno
1663 5037 1828 5112 454
1855 5043 1922 5096 ab
1945 5042 2117 5111 ipsius

552 5138 823 5193 desiderio
867 5136 1037 5205 possit
1073 5133 1434 5202 requiescere,
1476 5134 1571 5188 sed
1625 5144 1678 5188 et
1736 5134 1788 5186 in
1845 5135 1936 5189 illo
1984 5149 2113 5205 erga

551 5231 914 5286 desideratum
960 5241 1146 5282 amore
1193 5225 1414 5279 feratur.
1460 5224 1931 5291 Quemadmodum
1982 5241 2112 5296 ergo

551 5339 653 5377 usu
696 5319 878 5374 venire
917 5319 1054 5373 solet
1093 5319 1146 5371 in
1191 5317 1352 5371 rebus
1392 5318 1690 5385 corporeis,
1737 5317 1810 5371 ita
1845 5319 2008 5373 etiam
2043 5317 2099 5371 in

552 5418 714 5470 rebus
742 5411 1117 5481 spiritualihus
1153 5411 1265 5466 tieri
1301 5412 1602 5465 consuevit.
1636 5408 1749 5465 Hoc
1783 5406 1986 5467 amoris
2006 5410 2114 5466 telo

547 5507 764 5576 quidam
802 5504 1023 5558 saucius
1049 5505 1116 5556 de
1147 5505 1349 5574 seipso,
1385 5503 1530 5572 quod
1562 5503 1814 5572 equidem
1847 5505 2110 5566 admiror,

546 5599 718 5653 dixit:
751 5596 864 5669 Ego
925 5604 1142 5667 pr0pter
1202 5608 1413 5652 natura:
1449 5595 1825 5651 necessitatem
1863 5595 2104 5658 dormio;

545 5689 634 5744 sed
700 5705 789 5741 ror
829 5704 999 5742 meum
1055 5699 1274 5757 propter
1318 5687 1524 5743 amoris
1573 5685 1786 5756 copiam
1826 5686 2009 5756 vigilat
2029 5685 2097 5740 δ’.

611 5876 653 5908 ⁸³
689 5873 914 5942 Philipp.
950 5889 1029 5930 tu.
1061 5870 1147 5926 1‘3.
1204 5868 1268 5953 β’
1300 5864 1493 5922 “uati.
1526 5882 1598 5936 tv,
1628 5865 1711 5922 16.
1783 5863 1831 5899 δ’
1871 5866 2029 5924 Cant.
2063 5883 2114 5936 ι’,
2142 5866 2196 5921 2.

2216 4860 2246 4912 ὁ
2274 4858 2536 4920 τοιοῦτος.
2569 4857 2682 4909 Οὐκ
2716 4855 2796 4908 ἔτι
2827 4856 2948 4910 οὐδὲ
2995 4853 3116 4908 καθ’
3154 4846 3366 4920 ’ὕπνους
3411 4857 3636 4925 ἠρεμεῖν
3675 4853 3786 4909 τοῦ

2217 4947 2384 5002 πόθου
2427 4949 2682 5002 δύναται’
2730 4935 2867 5001 ἀλλά
2904 4947 3127 5000 κάκεῖσε
3163 4945 3302 5018 πρὸς
3341 4945 3406 5000 τὸ
3438 4945 3786 5015 ποθούμενον

2215 5041 2374 5094 ἀδολε
2386 5042 2522 5111 σχεῖ.
2550 5038 2736 5103 Οὕτως
2764 5042 2858 5093 ἐπὶ
2889 5037 3177 5108 σωμάτων,
3218 5038 3391 5102 οὕτως
3423 5041 3514 5092 επὶ
3543 5039 3784 5107 ἀσωμά-

2215 5150 2325 5186 των
2354 5133 2568 5202 πέφυκε
2591 5134 2857 5202 γίνεσθαι.
2894 5131 3134 5202 Τρωθείς
3159 5149 3243 5195 τις
3274 5133 3401 5204 περὶ
3427 5128 3619 5183 ἑαυτοῦ
3652 5131 3784 5193 ἑλε-

2214 5242 2333 5292 γεν.
2388 5224 2524 5295 ὅπερ
2572 5221 2871 5294 θαυμάζω,
2917 5223 2994 5287 ὠς
3044 5223 3192 5293 ἐγὼ
3244 5220 3509 5278 καθεύδω
3542 5220 3630 5274 διὰ
3669 5223 3784 5295 τὴν

2210 5319 2396 5387 χρείαν
2427 5318 2526 5387 τῆς
2551 5319 2786 5388 φύσεως,
2816 5317 2856 5384 ἡ
2883 5314 2952 5370 δὲ
2978 5315 3191 5385 καρδία
3216 5333 3338 5385 μου
3364 5313 3661 5384 ἀγρυπνεῖ
3676 5315 3784 5370 διὰ

2208 5411 2270 5463 τὸ
2298 5409 2502 5479 πλῆθος
2532 5409 2628 5463 τοῦ
2661 5404 2883 5482 ἔρωτος.
2933 5409 3273 5481 Σημειωτέον
3321 5422 3426 5468 σοι,
3471 5400 3517 5460 ὦ
3546 5408 3779 5476 πισυνδ,

2208 5501 2290 5554 ὅτι
2318 5518 2423 5572 περ
2445 5501 2586 5571 μετὰ
2607 5499 2810 5554 τούτων
2839 5502 3044 5572 θηρίων
3070 5499 3220 5571 παρά
3241 5501 3342 5569 τῆς
3362 5498 3558 5570 ἐλάφου
3584 5500 3782 5570 ψυχῆς

2207 5593 2426 5667 ὄλεθρον
2451 5595 2550 5666 (6),
2573 5592 2694 5646 τότε
2723 5592 2977 5648 ἐπιποθεῖ
3003 5594 3098 5649 καὶ
3130 5590 3374 5646 ικλείπει
3399 5591 3534 5663 πρὸς
3558 5589 3775 5662 Κύριον

2207 5689 2340 5759 πυρὶ
2371 5687 2470 5757 τῆς
2496 5685 2736 5757 ἀγάπης,
2758 5687 2834 5750 ὡς
2863 5687 2967 5742 ὑπὸ
2987 5686 3066 5741 toﬁ
3101 5683 3422 5757 βαλλομένη.
3454 5685 3520 5740 Ἡ
3541 5683 3642 5754 μὲν
3662 5683 3777 5756 τῆς
