4032 6340
652 411 791 478 1159
1264 421 1270 426 ⁷
1884 419 1944 479 8.
1972 419 2210 479 JOANN

2326 421 2629 483 CLIMACI
2689 442 2698 450 ·
3719 413 3824 475 116ι

649 532 744 601 qui
773 527 1006 583 somniat
1044 542 1102 584 se
1130 543 1368 613 currere.
1400 528 1496 584 Vis
1522 530 1701 586 omnis
1722 532 2002 590 charitatis
2036 535 2089 588 in
2117 551 2211 604 spe

2316 537 2484 591 όντων
2514 537 2676 594 εἰκών
2695 555 2710 569 ο
2742 525 2953 601 ἐλπίδος
3000 536 3251 606 ἔλλειψις,
3287 535 3509 607 ἀγάπης
3535 535 3834 604 ἀφανισμδς,

607 663 611 668 .
648 622 752 676 sita
775 630 876 684 est,
894 635 986 689 per
1014 635 1177 690 quam
1205 621 1482 689 prannium
1513 622 1792 677 charitatis
1811 635 2209 693 exspectamus.

2316 625 2486 697 ταύτῃ
2507 626 2743 680 δέδενται
2775 628 2944 690 πόνοι.
2970 629 3141 698 ταύτῃ
3171 629 3472 698 κρέμανται
3506 625 3691 678 κόποι·
3721 623 3835 675 ταύ-

649 710 787 781 Spes
825 721 907 768 est
932 727 1038 766 non
1069 713 1439 782 apparentium
1469 713 1774 768 divitiarum
1805 715 2024 782 divitiae,
2052 718 2208 771 indu-

2316 730 2409 783 την
2457 715 2647 768 κυκλοῖ
2696 715 2860 780 ἔλεος.
2899 715 3131 780 Εὕελπις
3167 714 3418 786 μοναχδς,
3451 713 3677 782 ἁκηδίας
3717 713 3834 780 σφά-

650 801 851 856 hitatus
881 801 1170 856 thesaurus
1199 811 1321 856 ante
1368 811 1674 872 perceptum
1715 804 2052 860 thesaurum.
2088 805 2211 862 Haec

2316 821 2462 876 κτης,
2519 808 2576 860 ὲν
2639 808 2879 878 μαχαίρᾳ
2936 807 3162 877 ταύτης,
3215 807 3431 876 ἐκείνην
3470 801 3833 875 τροπούμενος.

648 899 732 944 est
754 889 1000 963 laborum
1033 892 1268 959 requies,
1290 890 1455 960 jantta
1496 891 1794 957 cltaritatis,
1824 895 2211 964 desperationis

2321 894 2540 950 Ἐλπίδα
2561 896 2732 951 τίκτει
2757 899 2942 969 δώρων
2969 897 3173 970 Κυρίου
3210 900 3377 968 πεῖρα
3397 912 3412 927 ·
3447 899 3476 950 6
3499 895 3606 966 γὰρ
3637 896 3835 963 ἄπειρος

648 981 960 1046 exstinctio,
989 981 1292 1035 absentium
1327 984 1586 1035 bonorum
1624 982 1796 1053 imago
1825 994 1877 1036 et
1905 999 2205 1054 repraesen-

2316 987 2409 1041 ούκ
2429 989 2744 1053 άδίστακτος
2778 991 2947 1061 μένει.
2967 990 3183 1044 Ἐλπίδα
3214 988 3413 1063 [ἐλπίς]
3444 988 3562 1041 λύει
3590 985 3746 1056 θυμός
3764 1003 3776 1015 ·
3805 985 3832 1052 ἡ

653 1071 806 1124 latio.
840 1069 939 1124 Ubi
971 1086 1094 1140 spes
1121 1072 1424 1153 decollavit,
1468 1073 1702 1127 charitas
1749 1074 1937 1141 periit;
1973 1077 2074 1129 hac
2126 1076 2206 1129 la-

2316 1076 2410 1146 μὲν
2437 1077 2546 1148 γὰρ
2584 1079 2643 1132 ού
2681 1080 3058 1150 καταισχύνει⁶
3088 1080 3226 1152 ἀνὴρ
3248 1080 3306 1133 δὲ
3333 1078 3586 1148 θυμώδης
3623 1078 3715 1128 οὐκ
3752 1073 3835 1126 εὖ·

652 1163 811 1216 bores
840 1162 1009 1216 nostri
1053 1162 1453 1234 devinciuntur.
1488 1162 1566 1216 Ab
1598 1163 1696 1216 hac
1736 1175 1916 1218 nostra
1947 1166 2206 1218 sudorum
2312 1169 2555 1238 σχήμων.

651 1253 825 1307 studia
860 1254 1207 1323 dependent;
1275 1253 1414 1307 hanc
1469 1247 1839 1308 misericordia
1896 1254 2077 1308 divina
2138 1260 2530 1314 circumvallat.
2565 1259 2870 1332 Religiosus
2919 1263 3032 1332 spei
3078 1263 3267 1333 plenus
3324 1263 3588 1320 desidiam
3625 1261 3831 1331 jugulat,

650 1343 906 1413 illamque
953 1359 1045 1412 per
1104 1341 1266 1410 hujus
1314 1343 1548 1413 gladium
1611 1343 1903 1411 triumphat
1947 1342 2027 1415 [in
2059 1342 2240 1414 fugam
2269 1337 2426 1402 vertit
2479 1365 2569 1403 seu
2595 1351 2786 1425 fugat].
2819 1352 2979 1423 Spem
3026 1353 3292 1408 donorum
3333 1355 3632 1408 caelestium
3667 1363 3836 1422 gustus

649 1435 815 1505 parit,
848 1449 970 1504 quae
998 1433 1092 1503 qui
1131 1447 1236 1486 non
1272 1437 1506 1503 gustavit
1560 1442 1653 1487 aut
1709 1444 1959 1503 expertus
2012 1445 2113 1500 est,
2149 1438 2214 1492 de
2266 1443 2570 1525 coaptantia
2623 1445 2975 1514 periclitatur.
3014 1445 3174 1515 Spem
3220 1447 3301 1501 ira
3343 1446 3545 1502 occidit
3579 1447 3672 1514 (a).
3723 1461 3834 1514 spes

651 1529 794 1583 enim
840 1545 946 1582 non
979 1527 1262 1581 confundit
1305 1545 1318 1580 :
1363 1528 1653 1581 iracundus
1690 1543 1815 1581 vero
1847 1529 2231 1584 confunditur.
2957 1555 2961 1560 ·

721 1620 969 1674 Charitas
991 1620 1100 1674 dux
1135 1630 1219 1674 est
1246 1619 1562 1689 prophetiae,
1596 1620 1979 1679 miraculorum
2025 1625 2211 1678 conci-

2389 1630 2608 1701 Ἀγάπη
2664 1634 2998 1704 προφητείας
3053 1635 3284 1704 χορηγός
3312 1651 3328 1666 ·
3381 1635 3571 1704 ἀγάπη
3620 1636 3836 1704 τεράτων

653 1713 832 1767 liatrix
867 1731 880 1765 :
917 1712 1154 1767 Charitas
1207 1713 1402 1766 divinae
1448 1711 1822 1767 illustrationis
1853 1714 2209 1770 inexhaustus

2316 1723 2643 1791 παρεκτική’
2696 1725 2881 1793 ἀγάπη
2946 1723 3263 1791 ὲλλάμψεως
3317 1722 3571 1786 ἄϐυσσος.
3643 1725 3833 1795 Ἀγάπη

653 1805 825 1860 fons:
861 1806 1095 1860 Charitas
1143 1814 1226 1859 est
1285 1805 1554 1873 scaturigo
1613 1804 1753 1875 ignis
1805 1807 2059 1870 caelestis,
2118 1807 2210 1875 qui

2316 1813 2462 1882 πηγὴ
2502 1813 2700 1882 πυρός’
2733 1815 2855 1867 ὅσον
2886 1814 3191 1877 ἀναϐλύσει,
3216 1814 3466 1866 τοσοῦτον
3500 1816 3589 1867 τὸν
3624 1815 3836 1882 διψῶντα

653 1909 858 1966 quanto
900 1897 1072 1965 magis
1104 1895 1390 1957 redundat,
1435 1903 1587 1948 tanto
1628 1896 1796 1964 magis
1819 1897 2089 1950 sitientem
2119 1897 2211 1949 adr-

2316 1903 2668 1969 καταφλέξειο
2703 1907 2892 1976 ἀγάπη
2936 1906 3176 1974 ἀγγέλων
3221 1905 3436 1968 στάσιςο
3487 1907 3669 1975 ἀγάπη
3714 1924 3835 1976 προ-

653 1988 763 2041 urit
789 1996 842 2040 et
862 1986 1118 2039 absumit.
1150 1984 1398 2039 Charitas
1423 1995 1506 2040 est
1531 1993 1703 2040 status
1731 1987 2003 2055 angelicus
2037 2006 2049 2040 :
2079 1989 2208 2041 cha-

2316 1996 2454 2064 κοπὴ
2509 1997 2615 2048 τῶν
2666 1999 2894 2052 αἰώνων.
2943 1999 3295 2066 Ἀπὰγγειλον
3333 1999 3491 2067 ἡμῖν,
3534 1993 3578 2050 ὦ
3616 1998 3743 2067 καλὴ
3785 2001 3836 2050 ἐν

655 2078 786 2132 ritas
833 2079 1040 2146 prolicit
1086 2078 1146 2130 ad
1182 2085 1398 2130 aeterna.
1454 2076 1726 2128 Anuuntia
1762 2077 1938 2138 nobis,
1987 2092 2020 2131 0
2075 2094 2205 2146 prte-

2316 2089 2556 2157 ἀρεταῖς,
2592 2089 2691 2141 πού
2725 2092 3029 2160 ποιμαίνεις
3047 2091 3116 2143 τὰ
3139 2090 3384 2160 προϐατά
3409 2108 3526 2155 σου,
3562 2091 3659 2144 πού
3689 2109 3838 2144 κατα-

655 2169 823 2231 clara,
861 2175 916 2220 et
969 2169 1226 2220 virtutum
1287 2167 1646 2232 pulcherrima
1688 2184 1700 2219 :
1753 2167 1839 2218 ubi
1883 2184 2067 2235 pascas
2100 2185 2210 2222 ores

2316 2181 2530 2246 σκηνοῖς
2585 2181 2642 2231 ὲν
2701 2180 3055 2251 μεσημϐρίας
3121 2183 3354 2250 φώτισον
3397 2184 3582 2252 ἡμᾶς,
3641 2183 3838 2235 πότισον

656 2260 812 2311 tuas?
841 2258 928 2308 ubi
951 2256 1100 2310 cubes
1145 2257 1198 2310 in
1243 2257 1456 2309 meridie
1490 2256 1574 2308 5'?
1608 2255 1850 2309 lllumina
1883 2274 2004 2319 nus,
2051 2259 2210 2328 irt'iga

2316 2272 2478 2339 ἡμᾶς,
2506 2271 2766 2340 ὁδήγησον
2801 2273 2968 2341 ἡμᾶς,
3004 2272 3420 2343 χειραγώτησον
3466 2275 3630 2344 ἡμᾶς,
3669 2274 3837 2341 ἐπειδὴ

655 2364 775 2411 nos,
801 2349 905 2402 duc
932 2357 988 2401 et
1021 2346 1194 2402 deduc
1227 2363 1346 2411 nos,
1379 2348 1816 2416 quandoquidem
1846 2351 1911 2402 ad
1942 2357 1994 2403 te
2021 2364 2211 2403 ascen-

2316 2361 2496 2414 λοιπὸν
2528 2361 2834 2414 ἀναϐαίνειν
2879 2364 3016 2433 πρὸς
3062 2363 3121 2416 σὲ
3171 2361 3494 2435 βουλόμεθα.
3522 2367 3593 2417 Σὺ
3635 2366 3735 2432 γὰρ
3761 2365 3837 2416 δε-

655 2440 781 2493 dere
811 2440 1077 2508 cupimus.
1104 2437 1265 2509 457
1311 2438 1391 2492 Tu
1434 2440 1578 2492 enim
1632 2439 1884 2492 omnibus
1940 2439 2209 2507 imperas;

2316 2453 2534 2516 σπόζεις
2567 2454 2802 2505 πάντων.
2823 2453 2934 2505 Νῦν
2957 2453 3012 2505 δέ
3046 2470 3145 2524 μου
3169 2452 3346 2525 ψυχὴν
3364 2456 3730 2525 κεκαρδίωκας
3752 2453 3837 2522 (9L

657 2547 800 2585 nunc
821 2531 1107 2584 vulnerasti
1138 2546 1229 2583 cor
1253 2546 1447 2591 meum,
1481 2539 1534 2582 et
1556 2544 1662 2583 non
1687 2545 1907 2599 possum
1939 2532 2211 2587 continere

2316 2547 2408 2596 καὶ
2438 2546 2498 2597 ού
2531 2545 2762 2616 δύναμαι
2795 2548 3042 2615 κατέχειν
3072 2563 3162 2600 σου
3195 2549 3294 2616 τὴν
3322 2548 3517 2615 φλόγα,
3544 2549 3660 2600 ὅθεν
3687 2548 3840 2616 ὑμνή-

657 2617 925 2674 ilammam
949 2632 1117 2683 tuam,
1141 2617 1282 2670 unde
1299 2627 1349 2671 te
1367 2617 1620 2671 laudandi
1639 2617 1958 2687 principium
1979 2633 2211 2683 sumam,

656 2721 803 2765 totus
826 2713 1063 2779 ignesco.
1097 2709 1198 2762 Sed
1231 2719 1285 2761 tu
1309 2710 1600 2761 dominaris
1621 2711 1865 2777 potestati
1892 2711 2074 2772 maris,
2101 2727 2215 2762 mo-

665 2810 773 2852 tum
799 2807 972 2851 autem
1004 2799 1259 2866 ﬂuctuum
1291 2797 1403 2865 ejus
1457 2808 1512 2849 tu
1544 2799 1754 2866 mitigas
1803 2809 1856 2850 ct
1901 2800 2211 2852 exanimas.

660 2889 1008 2944 Tuhumilias
1039 2890 1174 2941 sicut
1225 2887 1552 2940 uulneratum
1588 2887 1862 2953 superbum
1899 2888 2210 2956 cogitatum.

664 2981 726 3035 In
755 2981 967 3034 brachio
1007 2981 1213 3033 virtutis
1249 2989 1352 3032 tua:
1382 2979 1672 3047 dispersisti
1721 2979 1957 3030 inimicos
1992 2989 2107 3029 tuos
2145 2977 2211 3042 ⁵³,

2316 2996 2396 3061 τῷ
2441 2997 2723 3068 βραχίονι
2763 2971 2877 3068 τῆς
2923 2971 3237 3070 sampsa;
3283 3018 3398 3056 σου
3439 2971 3841 3070 διεσκορπισας

664 3074 848 3142 tuique
903 3077 1172 3125 amatores
1224 3070 1664 3140 inexpugnabiles
1707 3069 1906 3123 reddis.
1936 3067 2211 3134 Quomodo

2316 3088 2456 3154 τοὺς
2484 3067 2734 3157 ἐχθρούς
2781 3107 2935 3154 σου,
2992 3067 3086 3145 καῖ
3133 3094 3509 3164 ἁπολεμήτους
3555 3067 3675 3158 τούς
3728 3093 3838 3155 σοὺς

660 3176 838 3220 autem
876 3174 926 3220 te
953 3161 1117 3218 Jacob
1147 3163 1306 3218 scala:
1336 3163 1571 3215 innixam
1603 3161 1814 3220 viderit,
1841 3163 2095 3229 percupio
2126 3176 2211 3214 co-

2316 3180 2550 3249 ἐραστὰς
2579 3181 2887 3252 ἀπεργάζῃ.
2923 3183 3046 3245 Πῶς
3085 3184 3141 3236 δὲ
3193 3185 3220 3236 ὁ
3257 3161 3451 3238 Ἰάδι-ὼό
3485 3186 3577 3238 ἐπὶ
3618 3187 3709 3255 τὴν
3739 3183 3840 3236 κλί-

659 3273 944 3327 guoscere.
987 3255 1119 3322 Quze
1155 3257 1329 3310 forma
1374 3253 1535 3323 liujtts
1571 3267 1831 3309 ascensus
1869 3251 2031 3308 fuerit
2066 3252 2211 3309 avide

2318 3273 2464 3343 μακά
2499 3290 2556 3326 σε
2581 3251 2991 3344 ἐστηριγμένην
3029 3274 3278 3328 τεθέαται
3318 3275 3510 3344 μαθεῖν
3550 3251 3837 3343 instrepat.

659 3351 921 3418 quaerenti
949 3363 1176 3416 expone.
1213 3347 1346 3412 Quis
1376 3347 1588 3409 modus,
1615 3349 1754 3414 quod
1787 3344 1979 3414 pignus
2002 3354 2056 3399 et
2081 3361 2211 3414 prae-I

2317 3364 2380 3418 Τί
2415 3365 2472 3416 δὲ
2521 3364 2626 3434 ἄρα
2666 3365 2726 3416 τὸ
2783 3363 2918 3426 εἶδος
2945 3366 3039 3434 τῆς
3087 3365 3339 3435 τοιαύτης
3376 3366 3563 3418 ἀνόδου
3605 3365 3841 3434 ἐρωμένῳ

660 3440 832 3492 mium
863 3439 1022 3492 scala:
1051 3439 1195 3491 illius
1218 3453 1284 3490 ex
1324 3437 1579 3505 gradibus
1617 3437 1931 3503 compositae
1965 3450 2056 3503 per
2081 3450 2211 3503 quos

2319 3457 2527 3525 φράσον
2550 3473 2563 3486 ·
2598 3456 2679 3517 τίς
2712 3456 2769 3507 δὲ
2798 3459 2826 3508 6
2857 3455 3056 3524 τρόπος
3083 3456 3176 3507 καὶ
3204 3456 3233 3506 ὁ
3276 3455 3465 3524 ἔρανος
3488 3473 3582 3507 σου
3621 3457 3710 3523 τῆς
3745 3453 3840 3505 τῶν

663 3529 988 3580 ascensiones
1012 3529 1068 3578 in
1094 3529 1248 3579 corde
1292 3543 1384 3579 suo
1431 3535 1555 3579 tuus
1593 3538 1803 3578 amator
1850 3525 2108 3591 disposuit
2148 3525 2211 3576 “.

2320 3545 2540 3614 βαθμῶν
2571 3546 2784 3613 ἐκείνης
2833 3544 3132 3608 συνθέσεως
3165 3542 3302 3613 (10),
3341 3543 3413 3608 ἂς
3447 3545 3758 3606 ἀναϐάσεις
3781 3543 3841 3594 ἐν

663 3620 900 3672 Avehaut
957 3626 1214 3686 praeterea
1268 3616 1408 3670 scire
1458 3616 1647 3691 harum
1696 3615 2073 3668 ascensionum
2115 3630 2211 3667 nu-

2319 3633 2391 3702 τῇ
2431 3632 2639 3699 καρδίᾳ
2671 3631 2855 3686 αὐτοῦ
2892 3632 3114 3685 διέθετο
3139 3634 3168 3685 6
3202 3632 3292 3696 σὸς
3326 3633 3557 3702 ἐραστής
3578 3649 3594 3664 ο
3624 3633 3700 3694 τίς
3734 3631 3786 3684 δὲ
3816 3630 3841 3681 6

665 3723 892 3773 uterum,
917 3717 1227 3776 quantoque
1251 3715 1489 3775 tempore
1508 3719 1701 3760 cursus
1734 3704 1823 3758 ille
1844 3717 1938 3756 seu
1961 3712 2211 3758 asCeusus

2319 3726 2547 3796 ἀριθμὸς
2598 3725 2799 3777 τούτων
2842 3712 3035 3793 ἐδίψων
3081 3722 3316 3792 γνῶναι·
3347 3725 3471 3786 ὅσος
3522 3723 3580 3776 δὲ
3627 3723 3724 3790 ἄρα
3761 3722 3840 3774 τοῦ

665 3801 1015 3870 transigatur.
1065 3797 1322 3851 Ductores
1368 3797 1511 3849 enim
1577 3797 1667 3855 ille
1717 3795 2072 3890 denuntiavit,
2128 3796 2211 3864 qui

2318 3795 2517 3888 δρόμου
2549 3817 2755 3887 χρόνος.
2778 3817 2915 3879 Τοὺς
2944 3817 3050 3889 γὰρ
3079 3817 3446 3890 χειραγωγούς
3483 3817 3795 3887 ἀπήγγειλεν
3817 3816 3842 3868 6

664 3903 812 3948 tuam
843 3865 973 3945 cum
1007 3889 1196 3957 angelo
1229 3889 1428 3943 lttctam
1458 3899 1512 3942 et
1537 3865 2054 3957 visionemhidi‘citzl
2085 3887 2211 3941 nihil

2325 3865 2513 3888 'r‘r"'
2550 3865 2755 3887 ΛΓ“”“³’
2789 3865 2912 3879 ’⁷⁷⁷
2955 3865 3045 3889 0'1'
3079 3865 3443 3890 5"t'"t"o"'
3486 3865 3787 3887 '—"'lll"""
3823 3865 3836 3868 '

2324 3908 2508 3978 μαθὼν
2539 3926 2632 3960 σου
2657 3909 2749 3980 τὴν
2780 3910 2954 3980 πάλην
2981 3910 3074 3962 καὶ
3107 3910 3206 3979 τὴν
3231 3910 3420 3978 ὅρασιν
3444 3910 3588 3980 (11)·
3621 3909 3763 3962 οὐδὲν
3793 3907 3842 3961 δὲ

663 3987 807 4038 enim
839 3982 985 4037 aliud
1015 3983 1287 4036 declarare
1319 3981 1506 4044 voluit,
1538 3981 1645 4034 imo
1666 3994 1791 4033 vero
1819 3977 1886 4050 (si
1910 3988 1966 4034 ut
1986 3988 2211 4049 Oportet,

2320 4001 2504 4069 ἓτερον
2539 4000 2792 4067 φωτίζειν
2827 4000 3164 4071 βεϐούληται,
3187 4000 3384 4071 μᾶλλον
3411 4001 3468 4054 δὲ
3492 4000 3774 4069 δεδύνηται,
3800 3999 3841 4049 εἰ

663 4092 788 4130 vere
842 4074 1163 4144 proprieque
1216 4073 1541 4142 loquendum
1582 4071 1672 4140 sit)
1721 4086 1825 4124 non
1882 4072 2074 4140 potuit.
2127 4072 2211 4125 Illa

2319 4090 2426 4144 δέοι
2457 4108 2524 4160 με
2552 4091 2727 4159 λέγειν
2751 4093 3073 4162 οἰκειότερον
3089 4092 3223 4162 (12).
3248 4093 3314 4145 Ἢ
3335 4093 3390 4145 δὲ
3419 4091 3606 4162 ὥσπερ
3626 4092 3682 4156 ἐξ
3707 4091 3842 4158 ούρα-

665 4182 792 4220 vero
815 4165 972 4236 quasi
996 4182 1026 4218 e
1045 4166 1181 4218 cmlo
1207 4164 1335 4217 mihi
1363 4165 1500 4226 visa,
1529 4164 1736 4231 regina,
1757 4162 2000 4232 inquam,
2029 4163 2211 4227 ἱείς-,ει

2321 4172 2528 4252 νούμοι
2555 4186 2803 4250 φανεῖσα,
2841 4185 2874 4252 ἡ
2913 4183 3198 4251 βασίλισσα
3233 4184 3402 4253 αὕτη,
3437 4184 3530 4237 καὶ
3561 4185 3634 4246 ὡς
3665 4185 3718 4235 ὲν
3757 4180 3842 4232 diri

670 4267 925 4326 tanquam
949 4257 1002 4309 in
1029 4271 1214 4310 aurem
1241 4255 1434 4321 anima:
1467 4269 1598 4306 mea:
1623 4254 1723 4306 hoc
1751 4254 2018 4308 collocuta
2042 4249 2211 4308 dixit:

2329 4290 2429 4342 μου
2443 4249 2622 4341 ψυχῆς
2648 4271 2804 4325 τοῦτο
2832 4249 3236 4342 προσομιλοῦσα
3261 4249 3442 4342 ἔλεξεν
3459 4290 3473 4302 °
3521 4274 3642 4327 Ἐάν
3672 4276 3743 4343 μὴ
3763 4273 3842 4338 lp-

584 4400 590 4410 ,
668 4345 783 4401 Nisi
815 4349 966 4416 prius
996 4355 1052 4417 to
1084 4349 1312 4415 amator)
1354 4346 1420 4398 ab
1455 4345 1557 4397 ista
1601 4344 1844 4411 corporis
1879 4346 2211 4397 concretione

2325 4363 2442 4432 θῇς,
2471 4357 2514 4414 ὧ
2545 4362 2768 4436 ἐραστὰ,
2791 4363 2890 4431 τῆς
2918 4364 3247 4434 παχύτητος,
3277 4367 3415 4436 ἐμὴν
3437 4366 3604 4436 ὥραν,
3628 4367 3696 4426 ὡς
3723 4363 3838 4423 ἐστι,

673 4439 839 4493 fueris
861 4441 1089 4504 solutus,
1121 4438 1439 4508 elegantiam
1474 4435 1660 4487 formae
1698 4448 1831 4486 meae
1875 4443 2136 4501 spectare,
2167 4443 2211 4486 ut

2322 4452 2610 4522 μανθάνειν
2646 4453 2706 4504 οὑ
2733 4453 2976 4508 δύνασαι.
3014 4455 3078 4508 Ἥ
3098 4455 3156 4507 δὲ
3185 4455 3382 4526 κλίμαξ
3405 4458 3503 4527 τὴν
3529 4457 3633 4510 τῶν
3659 4460 3841 4525 ἀρετῶν

669 4538 778 4592 est,
807 4541 914 4583 non
944 4532 1165 4599 poteris.
1199 4527 1541 4599 Spiritualem
1589 4538 1715 4577 vero
1778 4524 2036 4577 virtutum
2077 4538 2211 4576 com-

2324 4558 2383 4593 σε
2411 4543 2706 4596 διδασκέτω
2734 4545 3106 4615 πνευματικὴν
3151 4524 3396 4600 σύνθεσιν
3425 4524 3546 4614 (15⁸
3581 4549 3664 4599 ἐπ’
3694 4524 3841 4609 αὐτῆς

669 4620 996 4690 positionem
1027 4625 1080 4672 et
1097 4622 1339 4673 ordinem
1368 4627 1418 4672 te
1439 4617 1583 4671 scala
1612 4615 1768 4684 cujus
1797 4614 1980 4669 vertici
2004 4624 2058 4668 et
2077 4613 2211 4668 fasti-

2321 4633 2699 4705 διεστήριγμαι
2747 4636 2857 4704 ἐγὼ
2878 4613 2993 4706 τῆς
3024 4613 3288 4708 κορυφῆς,
3327 4613 3470 4690 καθά
3501 4640 3530 4690 6
3565 4637 3728 4706 μέγας
3754 4649 3839 4702 μου

671 4713 762 4783 gio
798 4710 996 4764 innitor
1043 4717 1094 4762 te
1137 4711 1344 4771 doceat,
1373 4707 1824 4786 quemadmodum
1859 4721 2084 4776 magnus
2136 4703 2211 4758 ille

2329 4703 2538 4797 μύστης
2595 4703 2798 4798 ἔφησεξ
2837 4703 2965 4782 Νῦν
3008 4703 3292 4792 δὲ’μένει
3361 4728 3434 4780 τὰ
3494 4703 3858 4795 τρίαγταῦταγ

674 4811 878 4873 mystes
901 4809 956 4854 et
986 4813 1304 4851 arcanorum
1337 4800 1519 4853 doctor
1555 4807 1782 4854 testatus
1819 4807 1918 4852 est.
1951 4795 2106 4849 Nunc
2125 4811 2211 4847 au-

2326 4795 2548 4887 me,
2581 4795 2777 4886 me,
2808 4820 3031 4888 ἀγάπη·
3055 4817 3266 4887 μείζὶυν
3288 4819 3358 4871 δὲ
3393 4817 3631 4871 πάντων
3652 4816 3688 4882 ή
3711 4811 3839 4884 ατὰ·

675 4905 775 4946 tem
800 4899 1006 4952 manent
1029 4889 1136 4940 Iure
1154 4886 1278 4954 tria,
1302 4887 1448 4952 ﬁdes,
1479 4905 1608 4956 spes,
1635 4889 1862 4942 charitas
1879 4905 1898 4953 ;
1927 4886 2097 4954 major
2120 4900 2221 4936 att-
2327 4924 2432 4976 πη.
2534 4886 2539 4887 “
2681 4900 2683 4903 ί

677 4995 779 5039 tem
817 4985 1002 5038 horum
1029 4989 1106 5035 est
1136 4979 1365 5032 Charitas
1389 4978 1458 5014 "-

2317 2653 2414 2698 σας
2439 2652 2499 2686 σε
2534 2637 2832 2705 πορεύομαι
2853 2653 2866 2667 ο
2907 2638 2990 2690 Σὺ
3020 2637 3087 2690 δὲ
3131 2637 3432 2704 δεσπόζεις
3468 2639 3574 2693 τοῦ
3611 2637 3839 2705 κράτους

2314 2725 2423 2793 τῆς
2462 2727 2800 2794 θαλάσσης,
2825 2728 2932 2779 τὸν
2957 2729 3025 2781 δὲ
3059 2732 3256 2783 σάλον
3296 2730 3413 2782 τῶν
3451 2730 3716 2799 κυμάτων
3746 2733 3838 2783 αὑ-

2315 2817 2426 2882 τῆς
2459 2817 2540 2869 σὺ
2583 2820 3032 2884 καταπραΰνεις,
3099 2821 3200 2872 καὶ
3240 2820 3468 2888 νεκροῖς
3495 2838 3508 2851 ·
3551 2821 3629 2874 σὺ
3660 2837 3838 2877 ταπει-

2319 2906 2449 2972 νοῖς
2499 2907 2579 2970 ὡς
2620 2911 2982 2976 τραυματίαν
3028 2908 3415 2978 ὑπερήφανον
3459 2911 3737 2981 λογισμόν·
3779 2913 3841 2962 ἐν

685 5346 849 5417 458
904 5345 1078 5399 Brevis
1137 5343 1457 5404 adhortatio,
1495 5355 1596 5417 qua
1625 5339 1823 5417 _0mnia
1866 5356 2021 5408 supra
2066 5341 2211 5394 latiut

2329 5338 2634 5406 Προτροπὴ
2665 5337 2942 5403 ἐπίτομος
2964 5330 3063 5417 καί
3087 5329 3442 5417 ὶσοδύναμος
3461 5330 3579 5383 τῶν
3602 5325 3836 5383 διαπλά-

1108 5417 1251 5468 dicta
1297 5400 1810 5479 comprehenduntur.
1928 5400 1938 5408 ”
2375 5400 2389 5404 ⁷
2476 5400 2489 5404 ⁷
2622 5400 2632 5406 “
2830 5400 2983 5484 ’τους
3014 5400 3347 5468 ειρημένων,

752 5507 1038 5563 Ascendite
1083 5505 1294 5571 fratres,
1337 5501 1607 5560 ascendite
1660 5498 1923 5562 aiacriter,
1959 5509 2012 5555 et
2047 5516 2211 5554 ascen-

2355 5505 2362 5512 '
2413 5498 2779 5560 Ἀναὸαίνετε,
2827 5492 3178 5554 άναϐαίνετε,
3221 5491 3536 5562 ἀναϐάσεις
3579 5488 3839 5564 προθύμως

761 5665 805 5696 ⁸¹
830 5664 982 5718 Cant.
1009 5679 1049 5726 I,
1092 5661 1144 5715 6.
1219 5661 1264 5692 ⁸³
1288 5659 1425 5714 Psal.
1459 5670 1718 5716 Lsxxvm,
1746 5652 1829 5716 10,
1861 5652 1946 5706 11.
2023 5655 2066 5688 ³⁸
2091 5654 2234 5712 Psal.
2262 5645 2494 5721 LXXXIII,
2521 5653 2574 5708 6.
2649 5655 2694 5686 ⁸⁸
2722 5653 2742 5707 l
2777 5650 2903 5707 Cor.
2942 5663 3060 5714 xui,
3088 5649 3176 5704 15.

760 5799 835 5866 (α)
868 5799 1048 5863 Ἐλπὶς
1069 5797 1184 5852 λύει
1219 5795 1406 5867 θυμόν,
1435 5809 1545 5864 spes
1577 5792 1709 5844 iram
1740 5785 1945 5841 occidit.
