4032 6340
676 460 812 524 illi?

1926 459 1982 518 Ξ.
2022 460 2334 521 ΙΠΛΝὲἷῘΞ
2367 464 2666 526 C’LIMACI

3755 481 3890 546 1168

682 573 783 622 bus
813 585 872 618 ev
907 566 1014 618 alio
1051 565 1296 626 doceare,
1342 580 1439 617 nec
1474 579 1566 632 per
1595 579 1838 625 sensum,
1869 567 1961 619 sed
1984 567 2230 635 spiritum

2337 571 2624 625 παιδεύων.
2661 579 2732 627 (ti.
2767 577 2871 648 γὶρ
2901 577 3105 648 πέφυκε
3136 581 3200 634 τὰ
3227 584 3393 650 κάτω,
3421 588 3490 637 τὰ
3516 592 3693 658 χαμαὶ
3726 590 3888 662 θερα-

681 657 1081 723 instituat-elo).
1109 654 1222 708 Non
1251 665 1302 708 te
1334 656 1502 722 lugiat
1549 655 1679 709 illud
1720 654 1870 710 Pauli
1918 675 1930 709 :
1985 655 2106 708 Non
2161 659 2225 710 ab

677 751 989 813 hominibus,
1023 764 1180 815 neque
1241 763 1331 813 per
1367 747 1624 800 hominem
1671 747 1969 801 doctrinam
2004 749 2225 802 docens.

678 841 842 894 Terra
876 855 979 893 non
1006 838 1204 891 exeolit
1231 837 1426 890 cmlum
1456 854 1470 890 :
1498 837 1826 906 gubernator
1870 839 2076 906 peritus
2111 854 2226 892 ser-

677 941 766 985 vat
811 931 1046 999 puppim,
1104 937 1286 996 pastor
1343 927 1518 982 bonus
1583 928 1959 997 intelligentem
2015 945 2226 999 gregem

681 1033 886 1076 recreat
926 1031 980 1073 et
1024 1027 1197 1072 curat.
1229 1019 1348 1082 Quo
1383 1028 1567 1086 pastor
1595 1018 2038 1087 obsequentiores
2072 1021 2229 1076 habet

679 1129 825 1176 oves,
857 1113 959 1165 hoc
983 1112 1304 1164 severiorem
1365 1110 1430 1162 de
1475 1108 1583 1164 illis
1627 1109 1998 1178 patrifamilias
2046 1111 2228 1166 reddet

678 1206 960 1258 rationem.
1009 1201 1170 1278 465
1213 1201 1352 1253 Oves
1405 1211 1679 1255 cessantes
1741 1210 1796 1254 et
1835 1203 1947 1254 otio
1995 1203 2228 1272 luxuque

675 1299 972 1353 ditllucntes
1024 1298 1305 1350 verborum
1336 1295 1568 1348 eonvitio
1602 1295 1895 1350 everberct.
1944 1297 2038 1350 Est
2079 1299 2223 1350 enim

674 1403 726 1442 et
749 1394 847 1458 hoc
869 1390 978 1442 veri
1002 1387 1231 1456 pastoris
1249 1386 1576 1455 symbolum,
1604 1385 1648 1438 si
1681 1371 1816 1445 tuin.
1839 1403 1960 1439 eum
1986 1396 2223 1441 armenta

673 1501 734 1534 ex
766 1482 973 1534 ardoris
994 1487 1148 1541 :estu,
1183 1493 1278 1548 seu
1311 1479 1486 1545 potius
1515 1479 1756 1545 corporis
1787 1479 2070 1541 incendiis,
2097 1495 2226 1533 eon-

677 1577 855 1627 nivcre
880 1573 1062 1624 animo
1091 1570 1372 1639 incipiunt,
1405 1569 1662 1622 attentius
1694 1585 1790 1638 pro
1830 1571 1931 1625 illis
1955 1580 2008 1624 et
2032 1571 2225 1625 arden-

675 1665 855 1719 tiusiu
884 1665 1078 1717 cmlum
1113 1665 1350 1715 intentus
1384 1661 1583 1729 vigilet.
1631 1662 1818 1714 Solent
1861 1663 2004 1715 enim
2045 1664 2095 1716 in
2135 1664 2226 1717 illo

676 1760 882 1812 l'ervore
937 1771 1041 1808 non
1091 1769 1275 1822 paue:e
1307 1767 1434 1806 oves
1464 1768 1492 1804 a
1526 1753 1667 1823 lupis
1690 1754 2105 1822 (Acherontieis)
2142 1757 2226 1809 di—

675 1851 776 1918 ripi
806 1860 859 1902 et
892 1847 1156 1900 devorari.
1196 1846 1257 1896 Et
1288 1859 1415 1898 vero
1443 1860 1566 1898 cum
1631 1845 1683 1898 in
1743 1846 1834 1898 illo
1882 1846 2114 1899 incendii
2145 1847 2222 1900 la-

2335 663 2517 713 πεύειν
2551 667 2677 717 ποτέ
2711 681 2724 695 ·
2748 667 2947 734 ἀγαθὸς
2975 672 3312 744 κυϐερνήτης
3353 676 3608 731 διασώσει
3659 681 3846 736 πλοῖον
3870 699 3883 711 ·

2335 753 2611 844 καὶνκαλὸς
2660 758 2862 829 ποιμὴν
2906 760 3226 830 ζωοποιήσει
3254 765 3350 818 καὶ
3401 767 3611 822 ἰάσεται
3639 771 3709 824 τὰ
3730 776 3889 844 νοερὰ

2333 843 2598 910 πρόϐατα.
2633 845 2768 898 Καθ’
2799 848 2920 900 ὅσον
2943 851 3009 901 τὰ
3031 851 3274 920 πρόϐατα
3326 857 3543 926 ποιμένι
3587 843 3886 933 ἀπαραλεί-
3974 889 3978 894 ι

2334 951 2479 997 πτως
2509 937 2854 1007 προκόψαντα
2877 941 3248 1011 ἀκολουθοῦσι,
3287 948 3427 1000 κατὰ
3451 952 3704 1007 τοσοῦτον
3748 957 3888 1029 ὑπὲρ

2332 1025 2506 1078 αὐτῶν
2527 1026 2603 1096 τῷ
2636 1029 2981 1102 οἰκοδεσπότῃ
3009 1033 3425 1106 ἀπολογήσεται.
3485 1041 3766 1108 Λιθαζέτω
3813 1025 3890 1117 τῷ

2333 1116 2516 1208 λόγῳδ
2543 1121 2744 1190 ποιμὴν
2779 1122 2870 1174 καὶ
2891 1124 2960 1177 τὰ
2985 1127 3044 1191 ἐξ
3097 1127 3355 1198 ὀκνηρίας
3383 1131 3417 1202 ἤ
3445 1116 3886 1208 γαστριμαργίας

2332 1205 2668 1275 ἁπομὲνοντα
2715 1209 2962 1278 πρόϐατα
2993 1229 3005 1242 ο
3035 1214 3148 1267 ἔστι
3194 1218 3313 1288 γὰρ·
3339 1222 3433 1272 καὶ
3482 1205 3657 1275 τοῦτο
3678 1205 3887 1293 ἀγαθοῦ

2332 1296 2584 1365 ποιμένος
2664 1302 2978 1370 τεκμήριον,
3025 1305 3223 1357 ὁπόταν
3271 1307 3338 1360 τὰ
3391 1310 3636 1380 πρόϐατα
3693 1317 3762 1368 ἐκ
3794 1304 3887 1372 to;

2331 1387 2570 1456 φλογμοῦ
2602 1389 2692 1442 τοῦ
2717 1393 3014 1482 καύματος,
3053 1396 3250 1463 μᾶλλον
3278 1399 3334 1450 δὲ
3361 1401 3456 1454 τοῦ
3489 1404 3764 1473 σώματος,
3795 1427 3887 1460 νυ-

2332 1480 2545 1542 στάζειν
2579 1485 2643 1551 τῇ
2691 1480 2848 1553 ψυχῇ¹
2872 1485 3142 1554 ἄρξονται,
3175 1488 3294 1540 τότε
3341 1491 3708 1564 σφοδροτέροις
3747 1497 3887 1567 ὑπὲρ

2331 1571 2506 1623 αὐτῶν
2555 1573 2689 1644 πρδς
2729 1575 2820 1627 τδν
2863 1576 3086 1646 οὐρανὸν
3123 1578 3266 1648 δρῶν
3290 1580 3319 1630 δ
3351 1583 3551 1652 ποιμὴν
3608 1590 3886 1658 γρηγορή-

2332 1675 2492 1712 σειεν.
2541 1659 2773 1716 Εἱὼθασι
2809 1663 2919 1734 γὰρ
2962 1667 3103 1719 κατὰ
3125 1667 3216 1720 τὸν
3258 1671 3448 1740 καιρὸν
3488 1673 3579 1725 τοῦ
3606 1676 3887 1740 καύσωνος

2331 1750 2558 1812 ἐκείνου,
2615 1751 2783 1805 πολλὰ
2841 1753 3156 1826 λυκόϐρωτα
3214 1758 3485 1826 γίνεσθαι·
3517 1761 3655 1832 πλὴν
3694 1765 3749 1816 εἰ
3797 1769 3888 1817 καὶ

2330 1839 2463 1890 αὑτὰ
2487 1842 2620 1894 κατὰ
2643 1842 2734 1896 τὸν
2769 1843 2924 1906 ἐκτὸς
2939 1845 2996 1896 ὲν
3026 1848 3137 1910 τοῖς
3167 1847 3454 1918 προϐάτοις
3488 1852 3765 1922 ὁρώμενον
3798 1854 3889 1906 τυ-

675 1944 806 1994 hore
853 1929 1112 2009 [ardore],
1149 1938 1214 1989 ad
1247 1938 1464 1990 modmu
1505 1937 1596 2005 qui
1636 1939 1871 1990 exterius
1900 1949 2118 2006 apparet
2168 1940 2220 1993 in

2327 1946 2444 1994 πον,
2478 1933 2576 2002 τὴν
2605 1935 2845 2004 κεφαλὴν
2874 1937 2969 2005 τῆς
2999 1938 3177 2008 ψυχῆς
3203 1943 3262 1994 ὲν
3294 1943 3372 2013 τῷ
3400 1944 3576 2014 καιρῷ
3626 1944 3721 1996 τοῦ
3753 1946 3884 2015 φλο-

673 2034 864 2085 ανῑὶιιιε
887 2032 1059 2098 capita
1084 2031 1388 2082 animorum
1414 2030 1735 2097 prnelinaut,
1755 2038 1915 2095 atque
1940 2031 1990 2081 in
2024 2040 2219 2084 terram

675 2126 1012 2192 promittunt,
1039 2123 1298 2174 habemus
1323 2120 1412 2188 qui
1441 2135 1538 2171 nos
1563 2120 1783 2172 soletur.
1817 2120 1921 2172 Cor
1942 2123 2222 2175 cimlrimm

670 2228 718 2270 et
747 2218 1076 2269 Immiliamm
1129 2213 1264 2265 Deus
1312 2228 1414 2263 non
1443 2212 1683 2275 despiciet
1712 2212 1802 2280 (c).
1834 2212 2062 2276 Quando
2095 2229 2222 2282 ergo

670 2310 814 2376 gregi
865 2305 1332 2375 perturlmtiouum
1381 2303 1546 2355 animi
1585 2312 1637 2356 et
1688 2310 2066 2372 tempestatum
2115 2319 2220 2358 nox

671 2398 887 2450 incubat
919 2407 1056 2457 atra,
1091 2394 1398 2462 caglumque
1429 2407 1589 2445 onme
1624 2395 2076 2457 coutenebrcseit,
2106 2400 2217 2448 tum

667 2502 854 2539 canem
885 2487 1002 2539 sine
1045 2483 1275 2537 tmuultu
1321 2481 1525 2534 colloca
1577 2481 1630 2532 in
1686 2492 2004 2535 nocturnam
2039 2493 2218 2537 custo-

666 2578 832 2637 diam,
861 2576 950 2644 qui
978 2575 1194 2629 assidue
1222 2574 1417 2627 clamet
1453 2573 1518 2626 ad
1565 2573 1749 2628 Deum.
1784 2571 1891 2626 Nec
1917 2588 2044 2625 vero
2098 2587 2222 2641 pro-

2320 2021 2458 2088 γμοῦ
2484 2024 2632 2076 κάτω
2663 2027 2740 2088 εἰς
2766 2027 2869 2095 γῆν
2901 2029 3164 2083 κλίνουσιν
3183 2033 3279 2101 (4),
3301 2034 3492 2104 ἔχομεν
3512 2034 3602 2088 τὸν
3622 2035 3848 2088 εἰπόντα
3869 2053 3880 2065 ⁸

2318 2111 2578 2179 Καρδίαν
2619 2121 3134 2188 συντετριμμένην
3181 2123 3280 2175 καὶ
3309 2125 3828 2193 τεταπεινωμένην
3852 2129 3886 2178 d

2320 2206 2461 2270 θεὸς
2505 2207 2614 2260 οὐκ
2641 2209 3028 2271 ἐξουδενώσει
3056 2228 3070 2241 ·
3104 2214 3318 2277 σκοτίας
3348 2217 3442 2268 καὶ
3472 2218 3663 2280 νυκτὸς
3693 2217 3884 2271 παθῶν

2318 2295 2724 2368 καταλαϐούσης
2745 2301 2842 2367 τὴν
2866 2303 3120 2374 ποίμνην,
3149 2297 3298 2376 δριζε
3323 2308 3592 2377 ἀκινήτως
3618 2308 3710 2360 τὸν
3746 2308 3884 2361 κύνα

2324 2387 2460 2456 πρὸς
2492 2388 2642 2449 Θεὸν.
2679 2391 2761 2450 sl;
2801 2391 2898 2460 τὴν
2948 2395 3262 2465 νυκτερινὴν
3317 2395 3559 2467 φυλακήν
3584 2415 3598 2431 ο
3626 2399 3788 2453 οὐδὲν
3825 2401 3883 2453 δὲ

2325 2481 2545 2542 ἀπεικὸς
2599 2481 2688 2532 τὸν
2743 2482 2833 2534 σὺν
2885 2482 3008 2537 νοῦν
3052 2488 3260 2555 νοήσεις
3303 2489 3392 2542 τὸν
3436 2491 3727 2560 ἁναιρὲτην
3777 2491 3884 2544 τῶν

2327 2573 2548 2642 θηρίων.
3796 2619 3840 2642 ι

668 2668 754 2721 cui
809 2667 1110 2728 aberrabis,
1185 2665 1234 2718 si
1308 2665 1549 2719 animum
1609 2675 1759 2719 tuum
1810 2666 1988 2734 (quasi
2045 2665 2273 2717 altermn
2312 2663 2622 2734 Herculem)
2669 2675 3035 2722 tuenstrorum
3095 2678 3148 2722 et
3220 2670 3458 2726 ferarum
3511 2675 3883 2728 coniectorem

669 2760 1026 2816 existimabis.

1260 2869 1324 2924 IN
1379 2869 1526 2924 CAP.
1595 2871 1632 2924 I.

1276 2985 1524 3038 Scholion
1561 2987 1611 3038 ‘l.

731 3081 944 3151 Corpus
968 3093 1158 3133 sanum
1192 3077 1280 3132 hic
1310 3094 1416 3131 non
1446 3077 1724 3145 intelligit,
1766 3077 1908 3145 quod
1953 3092 2019 3130 ex
2043 3084 2218 3129 muta-

667 3173 812 3228 tione
836 3181 929 3225 aut
961 3170 1350 3224 elementorum
1395 3167 1754 3222 redundantia
1787 3166 1964 3220 nullos
2003 3150 2223 3220 morbos

2763 2888 2774 2893 ‘
2838 2870 2944 2924 ΕΙΣ
2980 2871 3227 2925 ΚΕΦΔΛ.
3260 2873 3335 2926 A'.

2926 2979 2974 3031 Σ
2976 2980 3182 3044 χόλων
3206 2985 3280 3035 α’.

2388 3067 2552 3137 Σῶμα
2597 3068 2786 3120 ἄνοσον
2843 3067 3074 3122 ἐνταῦθά
3124 3087 3311 3141 φησιν,
3343 3072 3402 3124 οὗ
3432 3075 3492 3124 τὸ
3533 3077 3609 3144 μὴ
3666 3090 3887 3146 πασχον

2319 3160 2600 3213 ἀσθένειαν
2620 3162 2683 3212 ἐκ
2709 3165 3086 3232 παρατροπῆς,
3109 3163 3142 3233 ἢ
3168 3162 3506 3234 πλεονασμοῦ
3536 3165 3643 3218 τῶν
3672 3183 3887 3222 συσταο

665 3264 983 3320 contrahere
1008 3261 1163 3325 solet,
1193 3260 1446 3330 sedquod
1474 3275 1664 3322 omnes
1683 3274 1876 3328 pravas
1903 3258 2221 3336 cupiditates

2324 3252 2488 3305 τικῶν
2537 3253 2811 3322 στοιχείων
2834 3269 2847 3282 ·
2887 3253 3021 3307 ἀλλὰ
3049 3254 3109 3306 τὸ
3136 3253 3498 3326 ἐκδυσάμενον
3543 3259 3642 3322 τὰς
3679 3259 3883 3312 ἐπιθυ-

666 3368 721 3410 ‹·ι
770 3355 1069 3423 voluptates
1117 3352 1418 3420 repudiavit
1469 3361 1522 3405 et
1587 3354 1780 3414 exuit,
1830 3364 2060 3419 qumque
2120 3349 2220 3404 has

667 3448 944 3516 sequitur,
994 3445 1372 3513 corruptelam.
1421 3442 1888 3508 Quemadmodum
1947 3442 2109 3494 etiam
2163 3441 2218 3492 in

667 3539 834 3607 gradu
886 3537 955 3591 de
997 3535 1384 3603 tranquillitate
1438 3534 1604 3588 animi
1655 3531 1858 3585 docuit.
1907 3531 2061 3585 lllum
2102 3543 2222 3584 esse

668 3630 879 3699 proprie
909 3629 1162 3682 victorem
1191 3627 1544 3696 cupiditatum
1579 3625 1842 3689 omnium,
1877 3626 1969 3692 qui
2016 3638 2218 3692 corpus

666 3723 734 3775 ad
760 3719 1217 3789 incorruptionem
1249 3718 1464 3773 reduxit
1491 3727 1546 3772 et
1570 3716 1814 3770 animum
1855 3729 2022 3783 supra
2059 3726 2220 3769 natu-

653 3817 782 3868 ram
811 3823 1047 3868 creatam
1073 3812 1273 3867 evexit.

1277 3902 1525 3956 Scholion
1553 3903 1608 3957 2.

735 3997 838 4063 Qui
869 4009 974 4048 non
1005 3993 1232 4047 docetur
1257 4008 1286 4045 a
1311 3991 1442 4055 Deo,
1477 3993 1569 4046 sed
1612 3992 1792 4045 adhuc
1817 4000 2030 4045 terrena
2058 3989 2244 4058 sapit,‘

665 4089 936 4158 quomodo
979 4086 1081 4140 sibi
1121 4085 1326 4140 similes
1371 4082 1536 4154 466
1577 4084 1790 4136 curabit
1827 4103 1838 4136 :
1875 4082 2054 4135 (ἔπτυε
2081 4082 2221 4134 enim

664 4183 885 4235 εἰμι*εο
931 4183 1177 4231 ducatum
1227 4187 1475 4244 prmtct,
1529 4176 1770 4227 amboin
1831 4175 2029 4240 foveam
2090 4172 2220 4224 inci-

657 4274 780 4326 dent
801 4283 849 4326 ε.

1267 4359 1508 4415 Scholion
1558 4362 1610 4414 5.

731 4453 972 4507 Alterum
1025 4454 1139 4508 sive
1187 4451 1466 4522 spirituale
1508 4468 1520 4504 :
1564 4450 2023 4518 quicmadmodum
2069 4459 2214 4499 enim

660 4555 717 4598 tu
747 4545 1041 4615 discipulos
1077 4545 1238 4599 doces
1294 4558 1388 4612 per
1435 4556 1680 4604 sensum,
1727 4540 1799 4594 ita
1827 4547 1901 4604 te,
1935 4539 2098 4604 Deus,
2124 4551 2218 4606 per

659 4645 917 4692 utentem.

1268 4921 1494 4981 CAPUT
1541 4921 1606 4976 ll.

2322 3346 2451 3416 μίας
2469 3346 2567 3409 τὰς
2601 3345 2911 3416 ἡδυπαθεῖς,
2939 3345 3032 3400 καὶ
3059 3345 3158 3417 τὴν
3176 3347 3240 3400 ὲκ
3280 3347 3485 3402 τούτων
3523 3349 3758 3419 φθοράν.
3794 3353 3885 3415 Ὠς

2320 3437 2423 3507 ἔφη
2460 3440 2552 3490 καὶ
2577 3440 2634 3490 ὲν
2665 3426 2745 3508 τῷ
2768 3439 2904 3509 Περὶ⁵
2945 3439 3240 3503 ἀπαθείας·
3263 3443 3345 3494 ὅτι
3398 3440 3610 3514 ἀπαθὴς
3671 3445 3885 3516 κυρίως

2320 3529 2486 3592 ἐστὶν,
2503 3529 2533 3580 ὁ
2567 3530 2666 3598 τὴν
2689 3531 2866 3599 σάρκα
2895 3531 2994 3598 μὲν
3017 3530 3512 3602 ἀφθαρτοποιήσας,
3539 3535 3633 3588 τὸν
3660 3535 3719 3588 δὲ
3751 3537 3880 3590 νοῦν

2319 3619 2417 3686 τῆς
2455 3619 2682 3683 κτίσεως
2704 3618 3010 3688 ἀνυψώσας.

2874 3889 3124 3955 Σχόλιον
3154 3891 3232 3954 β’.

2399 3982 2458 4032 ὐ
2515 3979 2590 4048 μὴ
2643 3979 2845 4032 ἄνωθεν
2883 3979 3264 4052 διδασκόμενος
3287 4024 3302 4045 ,
3333 3982 3468 4035 ἀλλὰ
3514 3982 3607 4034 καὶ
3636 3981 3710 4035 τὰ
3729 3988 3884 4041 κάτω

2320 4072 2398 4125 ἔτι
2431 4072 2662 4143 φρονῶν,
2696 4073 2811 4134 πῶς
2841 4073 2963 4134 τοὺς
2983 4073 3198 4141 ὁμοίους
3221 4074 3427 4126 ἰάσεται
3452 4089 3463 4101 ·
3483 4075 3721 4142 Τυφλὺς
3744 4067 3902 4146 τὰρ,

2319 4164 2471 4231 φησὶ,
2501 4160 2731 4229 τυφλὸν
2755 4163 2862 4214 ἐὰν
2886 4161 3098 4229 ὁδηγῇ,
3133 4163 3446 4230 ἀμφότεροι
3471 4166 3556 4229 εἷς
3599 4166 3884 4228 ,βόθυνον

2319 4255 2738 4324 ἐμπεσοῦνται.

2895 4349 2940 4401 Σ
2943 4347 3149 4414 χόλων
3174 4353 3241 4415 γ’.

2387 4440 2458 4492 Τὸ
2527 4437 2711 4508 ἕτερον
2735 4481 2750 4505 ,
2778 4441 2943 4510 ῆγουν
2983 4439 3044 4490 τὸ
3095 4444 3496 4512 πνευματικόν·
3525 4443 3600 4505 ὼς
3648 4443 3768 4516 γὰρ
3815 4447 3880 4499 σὺ

2318 4535 2442 4594 τοὺς
2488 4531 2735 4603 μαθητὰς
2776 4531 3048 4594 παιδεύεις
3093 4533 3386 4606 αἰσθητῶς,
3443 4535 3615 4599 οὕτως
3671 4540 3776 4590 καὶ
3819 4541 3881 4594 σὲ

2244 4616 2292 4672 D
2319 4621 2518 4693 νοητῶς
2539 4623 2568 4674 ὁ
2597 4623 2745 4686 Θεός.

2877 4914 3124 4968 ΚΕΦΔΛ.
3159 4913 3231 4968 Β’.

1496 5010 1721 5080 Largius
1745 5014 2022 5078 exponitur
2050 5011 2234 5065 medici
2262 5019 2310 5063 ct
2341 5005 2709 5061 caenobiarcha:
2735 5005 3041 5059 similitudo.

735 5106 1032 5175 Benignum
1066 5119 1197 5158 sane
1223 5118 1420 5158 numen
1455 5114 1509 5159 et
1540 5104 1644 5159 hoc
1672 5113 1880 5156 natura:
1905 5102 2117 5167 indidit,
2159 5112 2220 5156 ut

661 5211 820 5266 :eger,
873 5196 1123 5265 quamvis
1161 5210 1190 5247 a
1242 5194 1450 5248 medico
1491 5197 1722 5248 fortasse
1769 5191 1905 5246 nihil
1954 5193 2075 5261 opis
2119 5206 2208 5244 ae-

660 5296 948 5357 cepturus,
1004 5293 1223 5354 aspectu
1270 5294 1448 5339 tamen
1490 5287 1609 5355 ipso
1645 5295 1700 5340 et
1742 5284 2022 5352 prmsentia
2066 5283 2212 5336 illius

662 5382 959 5428 recreetur.
1002 5371 1068 5426 Et
1087 5382 1142 5425 tu
1168 5373 1246 5426 vir
1269 5370 1624 5427 admiratione
1647 5371 1838 5426 merito
1854 5368 2212 5439 suspiciende,

664 5459 750 5513 lac
773 5469 830 5512 ut
857 5470 1164 5527 comparata
1208 5460 1408 5513 habeas
1461 5458 1876 5512 medicaminum
1924 5455 2206 5508 amuleta:

658 5549 1216 5620 ernplastraﬁnquam,
1232 5550 1944 5619 vulneraria,cataplasmata
1964 5557 2017 5602 et
2035 5546 2216 5617 pulve-

733 5727 955 5782 I’(Jalat.
987 5745 1022 5793 ι,
1063 5731 1114 5784 5.
1193 5744 1211 5764 ·ί
1271 5725 1412 5781 Psal.
1469 5727 1632 5792 1.,19.
1690 5726 1735 5784 ,ιι
1765 5725 1948 5779 Matth.
1981 5743 2067 5789 xv,
2109 5728 2194 5781 li.

2376 5101 2596 5161 Φύσεως
2652 5099 2846 5168 ἰδίωμα
2900 5098 2992 5150 καὶ
3031 5097 3185 5152 τοῦτο
3225 5101 3254 5152 ὁ
3307 5099 3506 5168 ἀγαθὸς
3557 5099 3726 5170 ἡμῶν
3783 5121 3878 5158 πσ-

2314 5194 2507 5260 ποῑηκε
2539 5189 2771 5258 Κύριος,
2798 5189 2879 5241 ἴνα
2911 5188 3001 5241 τὸν
3037 5191 3217 5261 ἰατρὸν
3247 5191 3433 5263 ὀρῶνὸ
3453 5189 3622 5244 νοσῶν
3639 5193 3878 5265 εὐφραί-

2312 5300 2468 5352 νηται
2493 5280 2598 5348 (ir
2635 5280 2783 5343 ἴσως,
2812 5278 2860 5330 εἰ
2887 5281 2982 5332 καὶ
3011 5281 3176 5351 μηδὲν
3208 5284 3330 5354 παρ’
3354 5281 3514 5337 αὑτοῦ
3545 5281 3872 5352 ὠφελεῖταιο

2314 5369 2545 5436 κέκτησο
2591 5369 2685 5420 καὶ
2729 5368 2816 5430 συ,
2843 5359 2889 5421 ὦ
2927 5367 3216 5440 θαυμάσιε,
3264 5371 3619 5450 ἑμπλαστρα,
3685 5377 3874 5448 ξηρία,

2318 5458 2617 5528 κολλούρια,
2649 5456 2808 5524 ποτὰ,
2855 5461 3160 5530 σπόγγους,
3204 5463 3483 5530 ἀναυσίαν,
3531 5465 3872 5540 φλεϐότομα,

2320 5546 2652 5617 καυστῆρας,
2681 5545 3012 5621 ἀλείμματα,
3031 5553 3362 5624 ὑπνωτήρια,
3385 5555 3690 5628 μάχαιραν,
3720 5577 3875 5615 xeu-

728 5841 808 5905 (α)
876 5838 940 5893 Et
995 5842 1048 5892 in
1091 5845 1258 5894 toi-ina
1309 5841 1544 5896 sensibili
1605 5843 1659 5892 iu
1707 5856 1768 5894 co
1811 5841 1949 5910 quod
2001 5858 2107 5895 non
2158 5851 2236 5895 est
2287 5847 2537 5902 sensibile
2592 5847 2891 5903 inStituare.
