4032 6340
184 403 302 465 1169
382 362 385 363 ί

1332 410 1554 469 LIBER
1594 412 1691 471 AD
1730 414 2136 472 I‘AS'I‘UREM.

3223 418 3351 476 ll'il.

179 508 402 583 ῖέσμους.
436 513 495 564 Et
518 514 572 564 δὲ
602 514 803 566 τούτων
845 515 1173 584 ἀποροῦμεν,
1204 517 1314 579 πῶς
1344 518 1442 586 τὴν
1482 518 1699 586 ἐπιπτή-

1806 536 1911 585 res,
1932 520 2175 587 collyria,
2203 527 2564 588 purgationes,
2590 536 2860 592 spongias.
2884 524 3143 577 anausian
3166 535 3355 578 contra

180 623 276 675 μην
324 605 714 673 ὲνδειξώμεθα;
749 606 1043 674 Οὐδαμῶς·
1076 609 1137 658 οὐ
1190 607 1298 676 γὰρ
1344 607 1535 674 λόγων,
1583 609 1697 661 ἀλλ’

176 696 333 765 ἔργων
357 696 406 748 οἱ
432 697 611 766 μισθοὶ
633 698 859 750 δίδονται
879 697 1364 779 (9.).Ἐμπλαστρόν
1386 704 1531 751 ἐστιν
1561 700 1700 762 ἴασις

178 786 346 840 παθῶν
386 787 694 856 ὁρωμένων,
745 788 913 858 ἤγουν
971 792 1312 858 σωματικῶν.
1354 793 1506 852 Arist;
1556 793 1701 843 ἐστὶν

179 878 306 940 ἴασις
339 876 517 931 παθῶν
540 878 647 931 τῶν
675 878 843 942 ἐντὸς,
872 878 964 931 καὶ
988 879 1208 942 κένωσις
1257 879 1427 949 ῥύπου
1450 880 1699 949 ἀοράτου.
1735 937 1741 943 ,

174 966 351 1036 Ξηρίον
374 967 489 1018 ἐστὶ
528 967 720 1031 ἀτιμία
746 969 1030 1029 δάκνουσα,
1062 969 1152 1021 καὶ
1182 970 1409 1039 οἰήσεως
1437 969 1702 1037 σηπεδόνα

178 1056 543 1125 θεραπεύουσα.
575 1056 899 1127 Κολλούριόν
937 1059 1082 1111 ἐστιν
1116 1059 1193 1127 (ὖ)
1225 1058 1499 1127 ὀψοαλμοῦ
1530 1059 1704 1129 ψυχῆς

176 1145 280 1208 νοὸς
306 1145 579 1215 κάθαρσις,
613 1146 678 1199 ὲκ
703 1146 974 1210 θολώσεως
994 1148 1162 1216 θυμοῦ
1182 1150 1559 1217 ταραχθέντος.
1604 1151 1704 1201 Πο-

176 1234 256 1287 τόν
284 1236 391 1288 ἐστι
426 1235 702 1306 στύφουσα
720 1238 1027 1305 ὲπίπληξις,
1054 1240 1146 1293 καὶ
1180 1240 1295 1308 μετ’
1332 1239 1510 1307 ὀλίγον
1541 1239 1703 1308 θερα-

177 1326 413 1380 πεύουσα.
471 1327 800 1396 Φλεϐότομόν
843 1328 959 1380 ἐστι
996 1328 1253 1398 σύντομος
1302 1330 1525 1391 κένωσις
1571 1331 1704 1394 sgm—

178 1416 281 1480 δίας
303 1418 539 1487 ἀφανοῦς
566 1436 580 1449 ο
601 1418 1061 1489 ιρλεϐὀτομόν’ὲστι
1083 1422 1281 1491 κυρίως
1311 1421 1596 1491 ἐπιτατικὴ
1612 1422 1703 1474 καὶ
1730 1410 1733 1415 ’

175 1509 423 1582 ἀπότομος
478 1512 724 1577 ἐπένεξις
775 1515 853 1577 εἰς
904 1515 1170 1585 σωτηρίαν
1231 1515 1338 1567 τῶν
1388 1515 1699 1569 νοσούντων.

179 1597 403 1667 Σπότγος
431 1602 583 1654 ἐστὶν
607 1604 641 1672 ἠ
679 1603 819 1670 μετὰ
861 1602 959 1674 τὴν
1008 1604 1415 1674 φλεϐοτομίανῆ
1457 1621 1703 1675 χειρουρ-

177 1686 305 1752 τίαν,
335 1687 420 1741 διὰ
440 1690 726 1760 προσηνῶν
759 1691 851 1743 καὶ
896 1692 1069 1758 ἠπίων
1126 1692 1296 1757 λόγων
1336 1693 1429 1745 καὶ
1482 1692 1702 1763 ἁπαλῶν

177 1775 256 1827 τοῦ
290 1777 465 1847 ἰατροῦ
501 1779 563 1830 ὲν
598 1777 673 1848 τῷ
703 1778 938 1833 νοσοῦντι
982 1780 1240 1850 θεραπεία
1260 1782 1354 1833 καὶ
1386 1783 1698 1851 κατάψυξις.

178 1841 384 1937 Καυτήρ
398 1869 419 1899 ²
443 1869 592 1922 ἐστιν
611 1841 731 1938 ὄρος
761 1871 853 1922 καὶ
881 1841 1145 1939 ἐπιτίμιον
1168 1872 1246 1933 είς
1267 1841 1549 1940 μετάνοιαν
1569 1841 1700 1941 πρός
1734 1841 1776 1899 Β

176 1954 346 2022 χρόνον
395 1956 670 2027 διδόμενον
711 1958 1131 2028 φιλανθρώπωςο
1183 1961 1420 2030 ἄλειμμά
1473 1952 1638 2023 ἐστιν,
1666 1962 1699 2029 ὴ

181 2044 305 2112 μετὰ
320 2045 406 2099 τὸν
432 2048 737 2118 καυτῆραῆ
772 2049 858 2101 διὰ
885 2048 1061 2117 λόγου,
1093 2050 1231 2118 nam
1259 2054 1459 2120 μικρᾶς
1522 2066 1699 2121 παρα-

175 2134 395 2204 κλήσεως
427 2138 770 2209 ἐπιτιθεμένη
792 2139 868 2209 τῷ
888 2140 1125 2193 νοσοῦντι
1141 2141 1475 2210 παραμυθία.
1492 2142 1699 2194 Ὑπνω-

172 2226 307 2278 τικόν
364 2229 474 2281 ἐστι
522 2228 584 2283 τὸ
615 2231 829 2299 φορτίον
874 2215 964 2283 τοῦ
1026 2231 1261 2300 ὑπηκόου
1315 2232 1699 2296 ἀναδέξασθαι,

172 2316 256 2367 καὶ
288 2316 375 2369 διὰ
409 2318 508 2387 τῆς
559 2318 835 2389 ὑποταγῆς
878 2322 1179 2375 ἀνάπαυσιν
1224 2322 1374 2391 αὑτῷ
1403 2323 1497 2374 κα)⁵
1538 2322 1703 2374 ὔπνον

174 2402 376 2471 ἄϋπνον,
398 2408 492 2461 καὶ
520 2406 789 2478 τύφλωσιν
806 2410 960 2461 ὁσίαν
996 2408 1089 2462 τοῦ
1126 2411 1200 2479 μὴ
1240 2410 1457 2480 βλέπειν
1483 2410 1551 2463 τά
1577 2413 1701 2464 ἑαυο

172 2493 256 2563 τοῦ
287 2496 422 2549 καλὰ
453 2498 800 2568 χαρίσασθαι.
848 2499 1189 2568 Κατάδεσμοί
1216 2501 1343 2562 εἰσι,
1367 2501 1492 2562 τοὺς
1520 2504 1585 2569 τῇ
1615 2518 1703 2553 κε-

172 2587 361 2657 νοδοξία
385 2589 738 2660 ἐκλυομένους
760 2593 852 2644 καὶ
880 2591 1340 2661 κεχαυνωμένους,
1369 2593 1460 2645 καὶ
1491 2592 1557 2644 δι’
1581 2595 1705 2645 ὑπο·

174 2678 325 2744 μονῆς
349 2677 452 2743 ἕως
486 2680 714 2735 θανάτου
763 2680 1012 2750 στερεοῦν
1057 2681 1150 2733 καὶ
1178 2682 1542 2750 ὲπισφίγγειν.
1602 2681 1703 2733 Τέ-

174 2761 325 2826 λοςδὲ
350 2767 569 2820 πάντων
626 2769 869 2838 μάχαιρά
916 2771 1063 2822 ἔστιν
1118 2770 1241 2839 ὄρος
1286 2771 1380 2822 καὶ
1430 2770 1704 2839 ἀπόφασις

172 2853 256 2907 ἐπὶ
283 2856 484 2929 ἐκτομῇ
527 2858 885 2929 νεκρωθέντος
932 2861 1174 2930 ψυχικῶς
1232 2860 1422 2929 μέλους
1442 2863 1532 2913 καὶ
1555 2879 1704 2932 σεσηο

172 2943 337 3009 πότος,
366 2946 452 2999 ἴνα
488 2947 565 3016 μὴ
602 2950 824 3012 καὶτοῖς
872 2950 1071 3012 λοιποῖς
1117 2951 1217 3020 τὴν
1262 2950 1463 3001 οἰκείαν
1517 2950 1705 3020 ψώραν

173 3034 474 3100 μεταδώσει.
524 3038 784 3107 Μακαρία
825 3039 1076 3102 άναυσία,
1140 3039 1197 3090 ὲν
1251 3039 1452 3107 ἰατροῖς
1500 3040 1593 3091 καὶ
1648 3042 1706 3091 ὲν

1802 620 2151 665 nauseantem
2182 612 2545 677 stomachum,
2585 614 2942 682 phlebotoma,
2970 614 3279 668 adustiones
3301 626 3355 669 et

1799 701 2057 767 cautcria,
2074 711 2370 771 unguenta,
2395 703 2678 772 ltypnotica
2702 706 2814 781 sive
2832 705 3124 775 soporifera
3142 708 3353 775 pocula,

1802 793 2003 846 ferrum
2022 793 2387 862 ebirurgicum
2408 804 2462 848 et
2483 797 2715 849 vincula.
2742 796 2951 861 Quibus
2978 798 3021 851 si
3046 813 3352 861 careamus,

1802 882 2167 949 poterimusne
2200 892 2436 936 nostram
2464 886 2757 938 tnedicandi
2790 888 3071 939 scientiam
3106 895 3354 940 testalam

1803 970 2010 1026 laet-re?
2043 974 2262 1026 minime
2287 989 2411 1027 vero
2440 993 2453 1027 :
2483 979 2812 1046 nequeenim
2840 980 3015 1032 verbis
3036 979 3355 1040 medici,sed

1804 1064 1956 1121 factis
2000 1077 2055 1121 et
2088 1068 2460 1124 curationibus
2486 1084 2722 1125 sostrum
2762 1082 2817 1126 et
2843 1088 3051 1127 merces
3087 1072 3356 1141 penditur.

1807 1157 2162 1227 Emplastrum
2190 1167 2273 1212 est
2293 1160 2503 1214 curatio
2536 1163 2662 1215 tnali
2694 1164 2744 1215 in
2779 1178 2999 1231 corpore
3021 1165 3357 1231 apparentis,

1804 1249 1906 1303 hoc
1932 1260 2011 1303 cst
2033 1259 2337 1317 apertorum
2380 1253 2543 1304 animi
2573 1252 2843 1306 titiormn.
2872 1254 3024 1306 Dosis
3041 1265 3093 1305 et
3120 1252 3356 1306 aﬂcetio~

1804 1358 1932 1395 unm
1957 1341 2271 1395 interiorum
2298 1341 2560 1395 medicina
2586 1385 2601 1406 ,
2627 1344 2739 1397 sive
2768 1346 3008 1398 sordium
3038 1345 3355 1397 latentitium

1801 1442 1855 1486 et
1876 1433 2099 1488 sentinae
2132 1433 2446 1488 exinanitio.
2472 1434 2807 1503 Cataplasma
2832 1446 2915 1491 est
2945 1436 3198 1489 mordens
3238 1435 3358 1488 ani-

1803 1554 1949 1593 mum
1971 1539 2261 1593 convitium
2284 1547 2338 1592 et
2360 1538 2704 1600 contumelia,
2722 1539 2921 1607 quibus
2945 1539 3359 1594 existimationis

1805 1629 2168 1684 insolentioris
2184 1638 2345 1698 putor
2364 1638 2585 1684 curatur
2611 1644 2674 1683 ac
2696 1628 3037 1683 rescinditur.
3064 1631 3357 1699 Collyrium

1802 1731 1883 1777 est
1906 1722 2251 1791 pharmacum
2282 1737 2388 1790 quo
2419 1722 2615 1776 mentis
2634 1722 2821 1777 oculus
2845 1737 2911 1777 ex
2946 1724 3037 1776 ira:
3065 1722 3295 1777 turbinis
3311 1732 3362 1776 et

1804 1813 2040 1883 pulveris
2083 1814 2223 1867 nube
2279 1814 2635 1868 conturbatus
2671 1824 3046 1883 perpurgatur.
3089 1813 3243 1867 Potio
3280 1825 3363 1867 est

1801 1928 2131 1981 amaruleuta
2149 1928 2450 1995 objurgatio
2477 1930 2694 1995 (qumex
2718 1943 2960 1980 amarore
2986 1926 3215 1994 primum
3242 1943 3361 1994 per-

1800 2019 2255 2085 cellitnalnram),
2300 2035 2461 2085 qnam
2511 2020 2668 2087 paulo
2696 2029 2814 2088 post
2854 2021 3099 2088 sequitur
3131 2020 3357 2071 curatio.

1802 2107 2210 2163 Pldebotonnnn
2259 2108 2419 2179 467
2451 2118 2532 2163 est
2569 2110 2762 2163 occulti
2810 2111 2935 2163 ntali
2984 2109 3359 2177 compendiosa

1798 2202 2095 2255 evacuatio.
2114 2201 2511 2253 l’blebotonnnn
2537 2202 2748 2269 proprie
2767 2212 2848 2254 est
2865 2202 3090 2255 violenta
3109 2213 3160 2253 et
3184 2201 3359 2254 subita
3374 2256 3386 2267 ,

1801 2292 1881 2344 vis
1902 2292 1968 2345 ad
1996 2308 2258 2360 aegrorum
2284 2292 2510 2346 salutem
2543 2292 2862 2360 excogitata.
2893 2293 3126 2361 Spongia
3163 2301 3245 2345 est
3272 2292 3359 2345 clti

1803 2381 1968 2451 ναι-εἰ,
1986 2392 2106 2451 post
2123 2399 2269 2437 vena:
2285 2383 2365 2439 vel
2382 2383 2606 2438 membri
2624 2383 2848 2452 alicujus
2865 2385 3177 2448 sectionem,
3197 2384 3331 2438 lenis
3344 2414 3359 2421 -

1801 2474 1991 2538 oratio,
2028 2483 2082 2527 et
2114 2475 2261 2529 mitis
2291 2474 2636 2543 humanaque
2674 2476 3035 2544 compellatio,
3067 2492 3170 2544 qua
3209 2475 3363 2530 dolor

1802 2564 2369 2633 :egrozqnodammodo
2392 2565 2739 2634 abstergitur.
2783 2569 3009 2620 Causter
3041 2577 3121 2620 est
3144 2568 3359 2623 decreta

1804 2656 1891 2721 (ab
1905 2655 2157 2724 Ecclesia)
2176 2672 2401 2711 censura
2419 2667 2471 2710 et
2486 2672 2640 2726 pcena
2658 2658 2723 2709 ad
2745 2668 2949 2711 certum
2969 2667 3178 2726 tempus
3198 2657 3385 2714 delin«,

1802 2747 1989 2815 quenti
2027 2748 2093 2800 ad
2122 2747 2493 2816 pmnitcntiam
2528 2749 2818 2802 clementer
2854 2749 3111 2818 irrogata.
3163 2746 3358 2808 Unctio

1803 2848 1904 2904 est,
1957 2851 2079 2909 post
2112 2837 2238 2893 ferri
2284 2840 2561 2895 candentis
2607 2840 2987 2894 ustulationem
3014 2882 3028 2904 ,
3078 2838 3224 2892 wrbi
3263 2854 3357 2892 seu

1808 2934 1983 2987 brevis
2017 2934 2083 2986 ad
2113 2949 2312 3002 tegrum
2335 2932 2730 2987 adhortationis
2748 2933 3068 2987 consolatio.
3102 2931 3361 3001 llypnoti-

1804 3037 2027 3082 eumcst
2052 3028 2344 3096 soporifera
2373 3029 2539 3097 potio,
2572 3046 2677 3099 qua
2709 3030 2954 3097 subjecto
2983 3044 3122 3084 onus
3156 3030 3361 3083 releva-

171 3126 497 3194 προεστῶσιν
540 3129 779 3182 ἀπάθεια
806 3146 820 3160 ⁸
851 3130 901 3182 οἱ
933 3129 1030 3198 μὲν
1061 3126 1167 3198 γὰρ
1195 3128 1269 3197 μὴ
1296 3128 1619 3191 ναυσιῶντες
1648 3132 1704 3180 ἐν

1808 3129 1915 3181 tur,
1954 3128 2008 3171 et
2035 3134 2129 3187 per
2150 3120 2501 3184 subiectionis
2522 3122 2707 3190 etjugi
2729 3121 3110 3174 relaxationem
3137 3136 3361 3175 somnus

171 3215 307 3288 πάσῃ
335 3217 564 3282 ὀζωδίας
591 3218 852 3289 θεραπεία
890 3220 1097 3281 ἀόκνως
1146 3220 1582 3289 ἐπιχειρήσουσιν
1607 3236 1621 3250 ⁸
1656 3220 1705 3273 οἱ

170 3303 220 3356 δὲ
245 3307 423 3361 πᾶσαν
467 3308 797 3377 τεθνηκυῖαν
833 3308 1009 3378 ψυχὴν
1034 3309 1332 3377 ἀναστῆσαι
1370 3309 1704 3378 δυνήσονται.

170 3392 269 3445 Καὶ
294 3393 427 3465 αὕτη
459 3395 564 3466 μία
608 3397 711 3450 τῶν
752 3398 918 3453 αὐτοῦ
965 3399 1282 3471 προσευχῶν
1309 3398 1402 3451 τοῦ
1439 3416 1705 3469 προεστη-

169 3482 311 3549 κότος
339 3488 628 3557 γεγένηται
660 3489 704 3551 ³,
748 3490 808 3542 τὸ
830 3506 839 3509 ⁷⁷
865 3490 1000 3542 πᾶσι
1034 3490 1175 3543 κατά
1204 3490 1301 3559 τὴν
1324 3490 1527 3541 ἑαυτῶν
1555 3489 1709 3552 ἀξίαν

170 3578 533 3647 προσπάσχειν
572 3596 631 3631 τε
665 3579 758 3633 καὶ
802 3578 1260 3633 συνδιατίθεσθαι·
1300 3582 1375 3649 μή
1421 3597 1534 3641 πως
1575 3580 1648 3643 ὡς
1684 3582 1712 3632 ὁ

148 3671 153 3675 ’
180 3664 357 3718 Ἰακὼὸ
379 3668 475 3721 καὶ
507 3667 689 3731 αὐτὸς,
707 3669 801 3721 καὶ
826 3669 918 3721 τὸν
939 3669 1294 3737 ἀταπώμενον
1316 3669 1407 3719 καὶ
1432 3670 1558 3729 τοὺς
1579 3685 1641 3719 συ
1649 3687 1711 3736 μ-

170 3755 415 3823 φοιτητάς
443 3757 781 3825 καταδλάψοι
802 3759 824 3788 ⁸
844 3774 859 3788 ο
887 3758 1041 3811 τοῦτο
1064 3759 1122 3810 δὲ
1140 3759 1365 3826 πάσχειν
1384 3756 1710 3823 πεφύκασιν,

172 3842 347 3914 ἐπειδὴ
373 3846 531 3898 οὔπω
545 3847 613 3900 τὰ
643 3847 743 3916 τῆς
784 3847 956 3915 ψυχῆς
989 3848 1315 3918 αἰσθητήρια
1369 3846 1584 3906 τελείως
1623 3864 1712 3911 γε·

173 3935 525 4004 γυμνασμένα
549 3935 837 4005 κέκτηνται
870 3936 1003 4005 πρὸς
1033 3937 1304 3990 διάκρισιν
1338 3935 1500 3988 καλοῦ
1530 3952 1585 3986 τε
1618 3938 1713 3988 καὶ

169 4024 325 4091 μέσου
359 4028 453 4079 καὶ
477 4027 653 4079 κακοῦ
677 4028 775 4095 (4).

1806 3210 2089 3273 insomnis,
2118 3220 2173 3263 et
2197 3211 2442 3279 religiosa
2478 3215 2713 3277 accitas,
2738 3228 2804 3265 ne
2825 3212 3078 3280 prmclara
3100 3226 3196 3265 sua
3220 3210 3361 3265 facta

1805 3301 2022 3362 sentiat,
2065 3302 2385 3355 conciliatur
2430 3317 2494 3357 ac
2543 3311 2908 3373 comparatur.
2937 3300 3135 3357 Fascia:
3170 3301 3359 3373 [κατά-

1804 3391 2014 3463 δεσμοί]
2046 3392 2257 3445 vincula
2291 3402 2431 3453 sunt,
2456 3394 2655 3463 quibus
2699 3408 2831 3446 vana
2876 3404 3150 3461 turgentes
3193 3393 3360 3463 gloria

1812 3494 1866 3536 ct
1892 3484 2184 3537 ambitione
2211 3484 2400 3537 stolida
2424 3485 2610 3547 inllati,
2650 3500 2743 3553 per
2779 3486 3084 3550 patientiam
3108 3486 3171 3537 ad
3218 3502 3360 3538 mor-

1810 3586 1913 3628 tem
1946 3591 2116 3643 usque
2161 3575 2322 3627 veluti
2362 3576 2518 3643 cippo
2550 3577 2733 3644 aliquo
2770 3578 2989 3630 coerciti
3031 3578 3357 3630 detinentur.

1812 3666 2048 3736 Denique
2077 3682 2198 3719 cum
2222 3667 2402 3719 omnis
2430 3667 2675 3721 medendi
2702 3682 2791 3721 ars
2816 3668 3092 3737 desperata
3122 3676 3221 3729 οδι,
3252 3666 3383 3719 [ρι’-ι

1813 3760 1929 3809 rum
1985 3768 2234 3825 superest
2282 3767 2335 3809 et
2386 3757 2597 3824 gladius
2652 3758 3050 3821 anathematis,
3099 3773 3207 3825 quo
3263 3772 3356 3825 per

1808 3848 2082 3899 decretum
2113 3856 2165 3899 et
2192 3848 2510 3899 sententiam
2546 3857 2699 3913 putre
2733 3859 3111 3915 mortuumque
3137 3848 3355 3915 spiritus

1810 3935 2154 3997 membrum,
2209 3949 2274 3986 ne
2325 3932 2587 4001 reliquam
2642 3934 2884 4001 corporis
2935 3946 3140 4001 partem
3179 3934 3357 3988 scabie

1808 4034 2067 4095 pesteque
2108 4022 2327 4087 inliciat,
2364 4022 2638 4077 reciditur.
2674 4025 2845 4078 l’orro
2876 4040 2993 4093 qua:
3030 4027 3078 4078 in
3132 4027 3354 4104 medicis

167 4114 389 4169 estl'elix
430 4117 531 4171 illa
578 4117 804 4171 anausia
862 4118 1003 4186 (quae
1050 4132 1261 4171 omnem
1299 4120 1436 4173 tollit
1479 4120 1755 4174 horrorem
1811 4127 1865 4169 et
1896 4130 2151 4169 nauseam
2180 4130 2274 4168 seu
2309 4114 2604 4179 fastidium)
2660 4114 2746 4168 illa
2788 4117 2838 4169 in
2868 4118 3209 4171 curatoribus
3233 4119 3354 4170 ani-

166 4208 727 4261 morumestomnium
774 4208 937 4261 animi
976 4210 1436 4277 perturbationum
1472 4211 1767 4280 composita
1821 4208 1973 4276 quies
2014 4216 2067 4260 et
2116 4209 2346 4260 vacatio.
2396 4206 2605 4259 Etenim
2652 4218 2710 4260 nt
2759 4208 2793 4260 ii
2840 4209 2930 4277 qui
2964 4208 3356 4276 ’cujuscunquc

166 4299 327 4353 morbi
362 4300 593 4355 curandi
651 4300 1010 4370 gravcolentia
1043 4317 1147 4355 non
1181 4304 1543 4366 offenduntur,
1578 4306 1643 4357 ad
1672 4303 1901 4371 quodvis
1932 4302 2101 4356 morbi
2127 4315 2297 4370 genus
2337 4302 2633 4354 curandum
2663 4301 2888 4372 impigre
2930 4309 3249 4365 accurrunt;
3283 4302 3352 4354 ita

165 4390 459 4447 animorum
520 4393 753 4459 medici,
802 4394 1048 4462 quamvis
1077 4396 1310 4449 animam
1351 4398 1457 4451 vita
1503 4398 1705 4451 cmlesti
1749 4406 1803 4449 et
1846 4393 2109 4463 spirituali
2163 4403 2431 4446 carentem
2491 4407 2555 4446 ac
2601 4402 2904 4454 mortuam,
2960 4403 3237 4462 poterunt,
3300 4395 3351 4447 in

163 4480 317 4535 vitam
361 4498 639 4539 revocare.
673 4483 737 4538 Et
782 4485 892 4540 haec
950 4488 1104 4540 unica
1137 4488 1344 4543 curatio
1394 4489 1452 4544 ﬁt
1482 4491 1731 4558 precibus
1773 4499 1825 4542 et
1853 4489 1987 4541 votis
2014 4487 2263 4555 pastoris,
2291 4487 2417 4539 dum
2452 4486 2674 4553 singulis
2692 4501 2787 4553 pro
2811 4500 2911 4540 suo
2955 4487 3121 4557 468
3160 4489 3354 4558 cuique

164 4579 299 4626 statu
343 4572 518 4627 animi
560 4576 865 4640 succurrit,
913 4572 965 4629 et
1012 4591 1108 4644 per
1151 4579 1673 4633 eommiserationcm
1717 4587 1992 4647 paternam
2044 4577 2377 4644 singulorum
2427 4576 2581 4644 quasi
2629 4576 2843 4630 morbos
2888 4578 2999 4646 ipse
3062 4584 3252 4635 tolerat
3288 4598 3351 4635 ac

164 4661 374 4728 patitur,
408 4679 476 4717 ne
514 4663 648 4717 forte
678 4673 734 4717 ut
766 4662 934 4720 Jacob
966 4667 1064 4733 (α),
1092 4666 1346 4721 dilectum
1372 4680 1425 4722 et
1463 4668 1752 4723 familiares
1789 4669 1906 4736 ejus
1930 4668 2180 4730 oll‘endat,
2214 4670 2355 4733 quod
2388 4680 2496 4720 tum
2525 4670 2660 4721 solet
2682 4685 2780 4723 usu
2806 4671 3005 4736 venire,
3032 4688 3153 4726 cum
3185 4674 3348 4725 animi

162 4763 313 4805 sensa
336 4761 389 4804 ct
408 4751 723 4806 aﬂ'ectioncs
769 4753 1005 4806 nondum
1037 4754 1233 4808 habent
1265 4771 1357 4823 per
1389 4773 1546 4810 usum
1574 4767 1627 4811 et
1647 4758 2083 4812 exercitationem
2115 4758 2165 4810 in
2201 4767 2480 4825 potestate,
2513 4758 2587 4813 uti
2618 4760 2755 4814 mala
2786 4775 2815 4815 a
2840 4762 2995 4817 bonis
3019 4771 3073 4815 et
3094 4762 3159 4814 ab
3188 4762 3347 4815 utris-

163 4857 262 4911 que
291 4844 471 4899 tnedia
526 4845 592 4899 ad
645 4860 876 4914 unguem
922 4845 1129 4913 possint
1157 4863 1451 4904 secernere.
1656 4886 1659 4890 -
2910 4860 2913 4861 '

696 4959 803 5013 ΕΙΣ
846 4958 1075 5013 ΚΕΦΔΛ
1132 4960 1203 5016 B'.

2385 4968 2449 5022 IN
2499 4970 2647 5022 CAP.
2704 4969 2765 5022 ll.

759 5052 1012 5118 Σχόλιον
1042 5057 1109 5105 α’.

229 5137 399 5202 Νόσος
443 5140 565 5192 ἐστὶ
593 5139 769 5209 ψυχῆς
814 5141 846 5209 ὴ
884 5141 984 5211 τῆς
1041 5143 1235 5205 κακίας
1282 5144 1390 5211 ἕξις
1416 5163 1429 5175 ·
1477 5144 1702 5211 θάνατος

166 5222 241 5291 δὲ,
264 5229 299 5295 ἠ
323 5231 446 5283 κατ’
480 5231 758 5298 ὲνέργειαν
782 5232 1042 5303 ἁμαρτία.

780 5326 1031 5393 Σχόλιον
1057 5325 1119 5393 β’.

227 5403 411 5458 Ταῦτα
440 5409 620 5464 πάντα
657 5412 745 5465 διὰ
792 5413 948 5481 λόγον
987 5414 1188 5480 γίνεται
1218 5429 1229 5440 ·
1255 5414 1349 5465 καὶ
1372 5414 1485 5476 πῶς
1524 5411 1692 5481 εἶπεν,

2400 5060 2641 5115 Scholion
2694 5062 2741 5113 1.

1806 5220 1811 5225 θ
1873 5147 2089 5203 Morbus
2126 5150 2288 5203 animi
2315 5158 2398 5204 est
2421 5150 2635 5205 habitus
2664 5151 2799 5215 vitii,
2824 5136 2970 5206 mors
3001 5162 3175 5207 autem
3192 5164 3344 5209 actus

1804 5242 1917 5307 ipse
1942 5240 2168 5308 peccati.

2407 5329 2651 5384 Scholion
2682 5331 2736 5385 2.

1870 5421 1991 5473 "me
2008 5420 2188 5473 omnia
2225 5433 2469 5475 sermone
2508 5422 2907 5493 transiguntur;
2931 5426 3196 5501 quomodo
3214 5440 3342 5493 ergo
3370 5470 3373 5473 λ

239 5578 314 5644 fa‘
337 5579 507 5633 Amos
531 5595 581 5634 ν.
606 5582 855 5653 lntelligit
896 5596 1135 5653 posteros
1164 5584 1365 5647 Jacobi,
1398 5568 1494 5655 per
1540 5588 1828 5659 .losepltmn
1854 5591 2145 5659 explicatos
2171 5611 2187 5645 :
2218 5591 2304 5645 hic
2330 5594 2614 5660 subjectus.

223 5693 245 5759 ,³
289 5692 358 5748 1'.
385 5692 671 5765 xauarﬂp.
730 5696 749 5727 ³
799 5698 1035 5769 γένηται.
1076 5700 1156 5755 ΑΙ.
1200 5697 1456 5766 γενὲσσω.

1536 5697 1555 5727 ³
1594 5701 1662 5752 al.
1689 5703 2057 5769 xara6i.c",'.c'.:.
2092 5706 2177 5759 Al.
2222 5696 2601 5776 καταϐλάψεις..
