4032 6340
196 427 320 487 m3
1136 388 1139 393 ’
1352 429 1573 487 Lle
1613 429 1710 487 an
1738 425 2182 486 PASTOREM.~
3248 420 3403 497 tua

766 540 1017 593 ΚΕΦΑΛ.
1052 544 1125 594 ιγ.
1750 552 1802 604 Α
2322 536 2482 607 470
2518 534 2743 592 CAPUT
2791 535 2878 591 tv.

249 629 467 692 Taleae;
506 629 653 684 αὐτὰ
684 630 885 698 ὀφείλει
932 630 1000 683 τὰ
1041 629 1184 700 πάθη
1211 633 1240 683 ὁ
1283 629 1462 698 ἰατῴς
1499 628 1726 683 ἐκδύσα-

1899 626 2123 696 Oportet
2169 635 2227 681 ut
2276 628 2524 682 medicus
2573 643 2762 683 omnes
2812 627 2979 682 animi
3049 628 3380 697 impetusoet

189 720 320 785 σθαι,
354 720 435 773 ἴνα
453 721 512 772 ἑν
541 721 718 791 καιρῷ
741 738 853 774 τινι-
874 721 1165 792 δυνήσηταί
1191 739 1333 783 τινα,
1366 716 1460 773 καὶ
1496 721 1728 789 μάλιστα

1827 717 2264 787 perturbationes
2299 719 2516 787 penitus
2563 728 2759 786 exuat,
2787 727 2848 774 ut
2881 718 2936 772 in
2969 708 3207 788 tempore
3240 735 3382 774 nunc

186 814 270 865 τὸν
287 812 472 882 θυμὸν,
504 812 916 883 ὑποκρίνασθαι.
950 814 1013 865 Ei
1044 813 1117 883 μὴ
1142 813 1250 882 γὰρ
1284 813 1423 866 αὐτὰ
1458 815 1538 876 εἰς
1564 813 1728 883 ἄκρον

1828 811 1949 873 hos,
1975 828 2119 867 nunc
2150 811 2292 874 illos,
2319 810 2558 865 maxime
2588 826 2715 865 vero
2740 811 2876 864 iram
2908 809 3165 864 simulare
3192 811 3379 879 possit.

187 900 519 973 ἁπώιξσαῴο,
550 904 612 955 οὗ
640 903 923 976 δυνήσεται
951 903 1086 957 αὐτὰ
1117 903 1341 967 ἀπαθῶς
1382 903 1728 957 ὑποδύεσθαι.

1829 902 2039 956 Etenim
2086 902 2189 957 nisi
2234 903 2333 957 hos
2383 902 2551 957 animi
2594 902 2814 957 morbos
2859 900 3074 971 penitus
3100 902 3385 970 expulerit,

188 988 326 1043 Εἶδον
353 992 514 1044 ἵππον
543 992 623 1046 ἔτι
658 993 851 1065 μικρὸν
884 993 1247 1063 ἀγυμνάστως
1284 994 1643 1064 διακείμενον,
1673 993 1731 1056 ὃς

1830 1009 1939 1049 non
1984 995 2183 1063 poterit
2221 994 2484 1050 illiscum
2532 1010 2621 1049 res
2666 995 2843 1064 exiget
2888 994 3006 1048 sine
3038 994 3168 1048 vitio
3212 995 3382 1047 abuti.

191 1082 291 1134 ὑπὸ
314 1082 529 1152 χαλινοῦ
554 1084 838 1154 ἀγόμενος,
862 1083 957 1137 καὶ
992 1074 1230 1155 ἡσυχίως
1271 1084 1519 1155 βαδίζων,
1542 1082 1730 1161 ἐξαίφ-

1830 1088 2203 1143 Animadverti
2253 1088 2545 1161 equuleum
2584 1089 2763 1143 adhuc
2795 1098 3036 1143 tenerum
3071 1094 3127 1140 et
3150 1084 3386 1140 indomi-

188 1190 278 1239 νης
302 1174 377 1243 τῷ
401 1174 517 1245 ἰδίῳ
533 1175 705 1246 κυρίῳ
731 1174 1143 1240 ἐπεϐούλευσεν,
1168 1174 1364 1245 μικρὸν
1387 1174 1479 1228 τοῦ
1512 1158 1731 1245 χαλῖνοῦ

1835 1184 1968 1239 ιυιη,
1995 1173 2262 1228 [renatum
2298 1158 2497 1239 tamen,
2522 1177 2803 1231 commode
2835 1175 3082 1229 incedere
3110 1193 3126 1227 :
3160 1175 3402 1229 remisso.

188 1263 339 1317 αὑτοῦ
376 1266 742 1333 χαυνωθέντος
767 1281 781 1293 ·
826 1266 919 1317 ἐπὶ
948 1265 1066 1318 δυσὶ
1109 1266 1186 1335 (1)
1217 1265 1435 1336 δαίμοσι
1469 1266 1531 1317 τὸ
1560 1266 1735 1336 παρὸν

1832 1283 1959 1322 vero
1988 1267 2267 1334 paululum
2311 1265 2494 1333 freno,
2532 1269 2733 1323 vectori
2776 1282 2875 1323 suo
2915 1276 3134 1336 repente
3164 1266 3389 1322 exitium

188 1355 255 1418 ὡς
299 1356 495 1409 ἐπίπαν
547 1356 839 1427 πρόϐλημα
896 1357 1279 1411 ἐπακολουθεῖν
1340 1358 1612 1427 πέφυκεν·
1684 1358 1734 1421 οἱ

1835 1354 2036 1407 moliri.
2086 1353 2365 1411 .Geminos
2433 1356 2544 1409 haec
2592 1356 2822 1425 quasstio
2886 1355 3109 1423 spiritus
3162 1369 3389 1422 nequam

192 1446 483 1518 βουλόμενοι
509 1450 692 1519 ζητεῖν
726 1448 1059 1525 ζητείτωσαν
1085 1447 1353 1519 ὲμπόνως.
1554 1468 1560 1475 ·

1830 1446 2069 1516 attingit,
2101 1460 2239 1515 quos
2269 1446 2314 1500 si
2346 1446 2525 1501 volent
2538 1436 2803 1515 quaerere,
2831 1448 3059 1502 sollicite
3090 1455 3350 1518 quaerant.

680 1559 788 1611 ΕΙΣ
826 1557 1075 1611 ΚΕΦΑΛ.
1115 1562 1189 1611 Δ’.

2390 1560 2485 1613 AD
2525 1551 2691 1615 CAP.
2736 1558 2821 1613 IV.

388 1728 391 1729 ,
771 1676 816 1725 Σ
818 1674 1027 1740 716.1107-
1070 1679 1141 1726 α’.

2437 1669 2686 1725 Scholion
2733 1670 2784 1723 1.

251 1763 325 1833 Τῇ
351 1764 629 1833 κενοδοξία
656 1764 749 1816 καὶ
777 1766 841 1834 τῇ
885 1762 1281 1834 ταστριμαργίᾳ
1311 1762 1344 1833 ἢ
1373 1764 1439 1832 τῇ
1478 1761 1701 1831 πορνείᾳ
1720 1774 1733 1787 ⁶

1914 1781 2131 1822 inanem
2172 1765 2411 1828 laudem,
2436 1762 2620 1831 gulam
2649 1770 2745 1816 aut
2774 1761 3040 1816 luxuriam
3074 1780 3087 1816 :
3115 1761 3231 1814 inec
3251 1761 3393 1814 enim

190 1852 464 1928 αὗταιγὰρ
497 1855 658 1926 μέχρι
680 1854 866 1937 τέλους
884 1853 975 1907 τὸν
993 1853 1129 1926 πρὸς
1158 1853 1305 1925 ἡμᾶς
1328 1853 1390 1905 οὐ
1413 1850 1737 1906 καταλύουσι
1773 1875 1782 1929 ι

1808 1858 1966 1923 ;vitia
1995 1858 2245 1928 persequi
2296 1871 2397 1910 nos
2446 1853 2512 1906 ad
2560 1861 2788 1906 mortem
2839 1868 3013 1923 usque
3054 1852 3247 1918 solent,
3300 1867 3400 1907 nec

191 1944 431 2015 πόλεμον.

1846 1950 1983 2008 ullas
2007 1952 2133 2007 belli
2165 1950 2413 2006 inducias
2437 1946 2666 2001 faciunt.

691 2096 701 2105 ,
875 2036 1075 2089 Ἄλλο.
2130 2061 2133 2063 -

2130 2061 2133 2063 ·
2527 2036 2705 2091 Aliud.

263 2125 322 2176 '0
345 2127 444 2197 τῆς
476 2126 755 2196 ὀξυχολίας
797 2120 965 2187 οὗτοι..
995 2126 1091 2182 καὶ
1125 2127 1153 2177 ὁ
1176 2125 1279 2194 τῆς
1312 2135 1596 2197 πορνειας·
1650 2128 1746 2180 ἐὰν

1912 2130 1977 2186 Hi
2012 2140 2157 2187 sunt
2185 2131 2409 2200 spiritus
2441 2126 2904 2185 excandescentia:
2947 2136 3000 2180 ct
3047 2127 3276 2180 luxuria:
3307 2146 3320 2180 :
3356 2128 3400 2180 si

190 2219 290 2287 γάρ
330 2236 416 2281 τις
452 2220 649 2291 μικρὸν
688 2219 968 2289 ἀμελήσει,
1013 2220 1217 2288 ταχέως
1243 2218 1624 2290 ἐξεγείρονται,
1651 2219 1745 2273 καὶ

1839 2224 1964 2292 quis
2002 2223 2146 2275 enim
2181 2222 2263 2275 \el
2297 2221 2509 2274 modice
2549 2229 2745 2284 cesset,
2777 2219 2958 2273 statim
2981 2218 3317 2280 excitantur;
3350 2226 3404 2270 et

188 2308 431 2362 τοσοῦτον
459 2311 542 2363 ὅτι
570 2311 664 2364 καὶ
688 2310 848 2381 μέχρι
882 2310 1067 2372 τέλους
1102 2309 1609 2380 συμπαραμὲνουσι,
1649 2312 1742 2362 καὶ

1842 2313 2060 2383 quidem
2095 2322 2206 2367 tam
2237 2310 2426 2367 infesti
2455 2319 2604 2376 sunt,
2640 2318 2701 2364 ut
2736 2309 2805 2364 ad
2843 2320 3072 2366 mortem
3104 2324 3273 2377 usque
3309 2325 3406 2361 nos

189 2400 281 2471 τὴν
302 2402 464 2471 φύσιν
496 2400 969 2468 καταδουλοῦνται,
998 2399 1073 2464 ὡς
1107 2400 1333 2469 φυσικά.

1845 2403 2200 2469 comitentur,
2238 2408 2600 2470 naturamque
2642 2408 2902 2469 tanquam
2946 2408 2999 2453 et
3045 2398 3146 2466 ipsi
3202 2408 3407 2451 natura.-

1846 2497 2065 2566 cognati
2092 2496 2223 2560 sint,
2255 2494 2308 2549 in
2333 2493 2647 2549 servitutem
2679 2493 2954 2560 redigunt.

867 2576 1083 2629 ~'A.1.lo.
2540 2582 2721 2635 Aliud.

256 2668 317 2721 Et
362 2668 497 2720 διότι
526 2669 558 2735 ή
607 2666 1016 2736 γαστριμαργία
1044 2666 1140 2718 καὶ
1165 2666 1199 2732 ἡ
1251 2662 1477 2736 πορνεία
1503 2662 1747 2732 ἀλλήλων

1922 2674 1980 2728 Si
2020 2688 2151 2745 ergo
2176 2672 2301 2743 gula
2352 2682 2407 2728 et
2434 2671 2651 2725 luxuria
2681 2672 2821 2723 inter
2857 2677 2927 2723 'sc
2960 2682 3217 2722 connexa:
3262 2677 3406 2725 sunt,

190 2760 415 2829 ἔχονται,
449 2760 545 2813 καὶ
567 2760 657 2813 διὰ
699 2759 855 2811 τοῦτο
901 2759 976 2822 ὡς
1008 2759 1067 2813 ἓν
1112 2757 1397 2828 ἀμφότερα
1436 2755 1739 2808 τάττονται.

1850 2775 2142 2832 utrumque
2162 2763 2353 2817 vitium
2382 2772 2641 2831 tanquam
2670 2776 2771 2831 pro
2800 2774 2909 2814 uno
2941 2759 3179 2827 ponitur.
3223 2757 3327 2811 Sed
3354 2769 3407 2810 tu

204 2852 356 2903 Ἀλλὰ
386 2852 453 2904 σὺ
479 2852 630 2921 ζήτει
657 2852 751 2903 καὶ
778 2850 836 2902 τὸ
867 2850 1050 2920 ἕτερον
1099 2848 1289 2911 πάθος,
1337 2848 1472 2918 ὅπερ
1516 2846 1662 2898 ἐστὶν
1708 2846 1742 2913 ἡ

1447 2863 1472 2917 ρ
1516 2846 1662 2898 ἐστὶν
1708 2846 1742 2913 ἦ
1848 2871 2027 2927 quare
2047 2866 2105 2912 et
2129 2856 2379 2920 alterum,
2400 2856 2546 2925 quod
2575 2862 2660 2909 est
2687 2868 2823 2907 vana
2851 2851 3039 2922 gloria.

192 2943 479 3011 κενοδοξία.

1067 3256 1533 3316 OBSERVATIO
1556 3258 2065 3315 INTEBPRETIS
2102 3260 2198 3314 AD
2231 3257 2387 3316 CAP.
2419 3260 2451 3316 1
2468 3260 2531 3317 ν,

264 3372 470 3429 \‘acare
495 3372 773 3430 Clitnacus
799 3362 921 3427 vult
945 3371 1323 3443 religiosorum
1344 3375 1627 3445 praesidem
1659 3377 1810 3430 omni
1839 3376 2005 3429 animi
2022 3375 2418 3444 pertubatione,
2435 3374 2565 3431 etin
2588 3388 2801 3430 summa
2830 3374 2997 3429 animi
3021 3374 3411 3443 tranquillitate

192 3468 434 3525 cilicium
463 3485 625 3524 suum
655 3456 1061 3535 administrare,
1092 3485 1255 3540 quam
1279 3471 1446 3525 animi
1489 3470 1839 3527 serenitatem
1863 3470 2022 3541 47],
2061 3480 2115 3525 et
2139 3459 2588 3541 tranquillitatem
2627 3469 2683 3523 in
2716 3466 2888 3538 gradu
2922 3485 3050 3523 xxix
3086 3478 3242 3523 vocat
3267 3467 3407 3520 ἁπά-

194 3561 365 3626 οειαν,
399 3563 600 3618 caelum
625 3561 827 3629 cordis,
865 3562 1127 3632 palatium
1156 3563 1395 3633 supremi
1434 3564 1593 3633 regis,
1619 3565 1867 3634 corporis
1916 3566 2070 3634 quasi
2123 3566 2407 3621 mertalem
2448 3564 2740 3637 quamdam
2774 3564 3259 3618 immortalitatem.
3296 3560 3413 3613 Re-

195 3657 523 3723 prehensum
550 3656 775 3711 veniunt
792 3655 1046 3711 nonnulli
1070 3655 1146 3726 (a)
1178 3656 1320 3711 hanc
1356 3656 1586 3730 Climaci.
1627 3657 1971 3723 sententiam,
2012 3658 2305 3728 potiusque
2338 3658 2491 3712 illum
2534 3655 2774 3727 Stoicum
2825 3671 2988 3726 quam
3020 3655 3416 3716 Christianum,

197 3756 287 3803 aut
316 3749 618 3803 humanum
648 3756 951 3805 autumant.
985 3747 1092 3803 Sed
1118 3747 1264 3803 haud
1287 3747 1403 3803 scin
1429 3748 1622 3818 jurene
1652 3765 1719 3803 an
1751 3749 1968 3816 injuria.
2001 3749 2224 3802 Planum
2268 3757 2352 3803 est
2381 3748 2688 3803 Stoicorum
2720 3749 3017 3809 decretum,
3048 3748 3161 3811 iraa,
3187 3747 3398 3815 cupidi-

198 3843 305 3907 nis,
324 3851 380 3895 et
404 3841 739 3909 reliquorum
769 3842 930 3895 etiam
953 3842 1116 3897 libras
1141 3842 1429 3898 ali‘ectuum
1457 3843 1749 3909 elidendas,
1783 3842 2074 3911 omniaque
2102 3841 2459 3897 vitiositatum
2483 3850 2538 3897 et
2564 3843 2815 3896 vitiorum
2837 3842 3100 3895 elementa
3119 3842 3412 3895 eradenda.

197 3932 310 3987 Non
347 3934 494 4003 legat
526 3932 749 3987 Latinus
774 3932 1125 4002 philosophus
1152 3935 1226 4003 (b)
1262 3936 1398 3988 iram
1432 3938 1483 3989 in
1514 3936 1687 3990 solum
1728 3920 1997 3988 hominem
2027 3934 2240 3999 cadere,
2271 3950 2393 3989 esse
2416 3944 2595 3990 tamen
2634 3944 2821 3989 contra
2874 3945 3121 3988 naturain
3157 3935 3403 3992 allii-mat.

196 4024 517 4081 Aristoteles
545 4026 617 4094 (σ)
645 4040 766 4079 cum
806 4007 1286 4092 Peripateticorum
1320 4028 1573 4093 concilio,
1598 4025 1752 4082 Plato
1782 4027 2005 4099 (d)cum
2046 4029 2372 4085 Academico
2406 4024 2617 4093 senatu,
2651 4027 2786 4081 iram
2821 4044 2926 4082 non
2954 4028 3176 4082 omnino
3204 4044 3267 4082 ex
3310 4030 3411 4083 ltu-

197 4131 362 4172 manu
384 4128 603 4187 pectore
631 4118 1015 4173 excludendatn
1044 4118 1383 4173 decernunt:
1425 4135 1566 4190 saepe
1621 4120 1805 4175 utilem
1844 4136 1987 4175 esse.
2039 4120 2146 4186 Ira,
2209 4122 2386 4191 inquit
2443 4122 2783 4185 Aristoteles,
2834 4122 3143 4176 necessaria
3177 4131 3278 4185 est,
3319 4137 3437 4176 nec

197 4209 498 4281 quidquam
528 4211 759 4265 siueilia
785 4206 1087 4280 expugnari
1116 4221 1313 4281 powst,
1375 4212 1476 4265 nisi
1537 4210 1627 4266 illa
1681 4214 1904 4281 impleat
1952 4214 2215 4278 animum,
2243 4223 2298 4267 et
2324 4213 2575 4283 spiritum
2610 4214 2890 4269 accendat.
2930 4211 3198 4281 Utendum
3232 4221 3414 4268 autem

197 4309 287 4364 illa
310 4316 397 4364 est
430 4322 537 4362 non
573 4316 632 4361 ut
665 4305 943 4373 duce,sed
987 4315 1043 4360 ut
1072 4307 1263 4361 milite.
1313 4304 1508 4362 Noster
1544 4308 1819 4364 Climacus
1846 4318 1927 4363 est
1978 4309 2030 4361 in
2056 4323 2127 4361 ea
2158 4307 2453 4371 sententia,
2479 4315 2534 4361 et
2555 4306 2691 4360 iram
2721 4315 2774 4360 et
2800 4319 2991 4359 omnes
3019 4303 3187 4357 animi
3224 4304 3419 4360 noxios

197 4399 432 4456 allectus
456 4398 672 4469 penitus
694 4400 999 4463 emendos,
1019 4402 1163 4470 quod
1199 4409 1255 4453 et
1285 4400 1492 4454 Seneca
1513 4400 1669 4455 docet
1686 4401 1779 4469 (ε),
1803 4410 1857 4454 et
1885 4413 2076 4453 omnes
2110 4398 2350 4469 religiosi
2372 4398 2494 4465 viri,
2525 4397 2619 4468 qui
2669 4397 2816 4450 illum
2861 4396 3243 4451 vittccndorum
3291 4400 3419 4454 all'e—

198 4501 387 4548 ctnum
414 4501 695 4556 conatum,
717 4491 1001 4561 νέκρωσιν,
1020 4490 1192 4547 nostri
1217 4491 1473 4560 religiosa
1501 4505 1652 4556 voce,
1681 4492 2143 4560 mortiﬁcationem
2177 4493 2471 4563 appellant,
2502 4508 2571 4547 ex
2592 4507 2699 4561 qua
2736 4491 2832 4545 illa
2861 4490 3059 4547 mentis
3080 4501 3133 4546 et
3165 4494 3413 4562 corporis

200 4582 497 4653 tranquilla
517 4584 784 4636 serenitas
812 4582 1093 4648 redundat,
1121 4582 1201 4636 uti
1227 4582 1403 4637 victor
1427 4582 1512 4637 sui
1539 4583 1687 4638 velut
1704 4582 1764 4637 in
1793 4584 1908 4639 alta
1925 4584 2229 4641 collocatus
2251 4585 2491 4656 specula,
2527 4582 2785 4638 inferiora
2808 4582 2999 4645 omnia
3034 4592 3428 4655 tempestatum.

196 4674 380 4728 ventis
406 4673 632 4742 agitata,
665 4678 724 4725 et
753 4669 1027 4724 turbinum
1055 4671 1306 4741 procellis
1325 4686 1590 4727 concussa
1616 4687 1680 4727 ex
1714 4682 1831 4727 tuto
1865 4689 2091 4731 securus
2112 4676 2373 4746 despiciat
2398 4693 2412 4728 :
2446 4672 2617 4743 possit
2646 4682 2853 4741 tamen,
2888 4660 2951 4731 ‘si
2982 4675 3128 4737 velit,
3162 4676 3295 4729 iram
3330 4684 3420 4729 aut

198 4783 586 4845 quemcunque
614 4767 860 4823 allectum
891 4765 957 4819 ad
983 4775 1196 4837 tempus
1218 4782 1516 4832 assumere,
1542 4768 1621 4822 vel
1644 4768 1712 4837 (ι’)
1733 4769 1989 4824 simulare
2011 4772 2206 4841 potius.
2226 4769 2454 4824 Proinde
2477 4769 2659 4826 nescio
2676 4786 2747 4826 an
2768 4770 3032 4827 Joannem
3057 4770 3348 4826 Gcrsoncm
3371 4776 3420 4820 et

199 4867 525 4942 Dionysium
548 4862 991 4933 Cartltusianurn,
1018 4869 1217 4916 cretera
1246 4871 1465 4918 sanctos
1490 4863 1658 4925 viros,
1680 4876 1786 4915 non
1800 4864 2063 4932 poenitere
2087 4865 2278 4919 debeat
2305 4864 2603 4926 sententiae.
2640 4880 2762 4920 cum
2791 4866 2879 4920 ille
2901 4866 3106 4921 notavit
3127 4863 3422 4918 Climacum

201 4965 336 5035 περὶ
355 4956 671 5034 μετανοίας,
695 4956 782 5010 hic
806 4955 1042 5024 καὶπερὶ
1064 4954 1353 5018 ἀπαθείας,
1373 4971 1493 5009 cum
1521 4957 1572 5009 in
1589 4957 1781 5025 quinto

1827 4958 1967 5014 ‘radu
1993 4973 2097 5011 non
2129 4956 2196 5011 de
2218 4957 2553 5025 praescripto,
2579 4960 2670 5014 sed
2704 4960 3008 5015 voluntario
3034 4959 3212 5011 studio
3234 4972 3419 5027 paena-

199 5076 352 5121 rum,
384 5067 553 5127 atque
590 5047 971 5122 pazuitentium
1029 5060 1183 5118 agat,
1224 5065 1527 5119 quanquam
1590 5051 1741 5106 locus
1773 5063 1955 5106 certus
1975 5060 2029 5106 et
2058 5050 2268 5105 vivendi
2302 5053 2497 5106 modus
2532 5054 2922 5121 pmuitentibus
2951 5061 3099 5106 esset
3128 5054 3429 5119 generatim

203 5151 490 5212 deﬁnitus,
514 5144 754 5216 plerique
789 5151 970 5196 tamen
1000 5157 1099 5196 sua
1130 5155 1319 5211 sponte
1358 5143 1522 5197 animi
1556 5145 1729 5198 multo
1752 5148 2093 5216 gravioribus
2127 5152 2185 5199 se
2213 5145 2595 5199 aliiictiunilms
2628 5146 2945 5208 multabant,
2980 5145 3242 5199 mirandis
3276 5159 3422 5203 certe

202 5244 253 5304 si
277 5258 393 5299 non
420 5238 734 5303 imitandis;
763 5233 937 5290 sedde
951 5233 1118 5288 animi
1143 5236 1557 5305 tranquillitate,
1567 5243 1623 5289 et
1648 5240 1891 5293 omnium
1908 5234 2258 5307 cupiditatum
2278 5237 2687 5306 exstirpatione,
2714 5254 2779 5293 ex
2793 5251 2898 5308 qua
2918 5237 3163 5293 nascitur
3180 5239 3271 5294 illa
3284 5242 3422 5294 aimi-

203 5340 330 5398 θεια
380 5345 443 5389 et
492 5347 692 5390 secura
712 5327 995 5405 serenitas,
1027 5329 1208 5383 minus
1243 5329 1505 5384 laudarim
1567 5329 1799 5387 aliorum
1830 5331 2221 5403 Opinatiouem,
2251 5334 2344 5403 qui
2381 5332 2528 5387 illam
2548 5334 2828 5393 damnant,
2857 5340 2950 5385 aut
2979 5333 3233 5401 quiddam
3267 5334 3419 5402 quasi

205 5432 479 5489 ἀδῦνατον
499 5431 742 5487 censent,
777 5436 899 5477 cum
927 5418 987 5473 D.
1014 5418 1213 5477 Paulus
1238 5423 1293 5477 in
1318 5421 1533 5477 Litteris
1569 5423 1635 5477 ad
1671 5424 1987 5481 Corinthios
2036 5426 2220 5479 missis
2276 5426 2422 5479 illam
2472 5427 2643 5495 ipsam
2675 5424 2915 5478 videatur
2942 5424 3271 5493 dcpiuxisse,
3302 5440 3424 5476 cum

276 5592 362 5657 (a)
402 5590 614 5661 Gerson
644 5631 658 5655 ,
691 5589 982 5661 Dionysius
1022 5588 1437 5647 Carthusianus.
1467 5560 1474 5568 Ι
1948 5589 2014 5661 (ι’)
2050 5589 2110 5642 C.
2155 5592 2205 5646 9.
2242 5590 2334 5646 lib.
2370 5608 2384 5645 ι
2420 5593 2493 5646 Ile
2528 5594 2628 5646 ira.
3068 5658 3077 5661 _
3257 5652 3284 5661 η

274 5652 359 5730 (θλ
393 5660 622 5715 Semica-
645 5652 704 5730 '_
831 5652 849 5661 ’
1208 5693 1211 5695 ·
1422 5711 1437 5725 .
1889 5728 1910 5730 _
1947 5652 2011 5724 (Ii
2044 5660 2245 5717 Seneca
2275 5664 2435 5718 etiam
2476 5663 2828 5720 simulandam
2885 5663 3017 5717 iram
3049 5658 3201 5712 docet
3256 5652 3348 5708 lib.
3390 5668 3431 5709 tt

280 5728 358 5797 (ι’)
388 5731 510 5787 Lib.
553 5746 608 5784 Ill
662 5728 828 5783 Edric.
1875 5728 1949 5785 De
1985 5731 2084 5796 ira,
2116 5748 2164 5787 c.
2208 5731 2290 5787 l4.

281 5803 370 5874 (ά)
402 5800 482 5858 De
508 5801 634 5870 Rep.
674 5809 729 5857 et
756 5802 877 5856 aliis
909 5800 1045 5857 locis
