4032 6340
3362 137 4010 269 ,π

680 414 814 476 ms
1925 408 1982 466 s.
2010 364 2327 467 somnis
2365 404 2667 464 CLIMACI
3779 398 3913 464 1176

672 524 957 579 charitatis
979 532 1228 577 naturam
1258 531 1312 577 et
1337 520 1524 576 elTecta
1559 520 1801 590 depinxit
1831 538 1844 574 :
1870 520 2143 586 Charitas,
2179 518 2374 588 inquit,
2401 522 2608 587 patiens
2650 528 2750 583 est,
2784 518 3001 587 benigna
3033 523 3148 578 est;
3181 515 3417 570 elraritas
3440 531 3544 569 non
3595 513 3906 582 temulatur,

671 632 773 668 non
798 616 906 685 agit
941 629 1234 681 perperam,
1266 630 1368 666 non
1398 613 1647 680 inflatur,
1685 628 1789 666 non
1835 621 1913 666 est
1944 612 2249 673 ambitiosa,
2276 627 2378 667 non
2428 610 2616 680 quierit
2668 624 2784 679 qua:
2826 626 2923 663 sua
2966 619 3110 671 sunt,
3134 624 3235 661 non
3268 608 3536 671 irritatur,
3566 622 3673 660 non
3701 606 3902 676 cogitat

669 709 889 769 malum,
914 722 1015 759 non
1045 705 1234 773 gaudet
1264 721 1418 773 super
1455 705 1752 772 iniquitate,
1777 704 2070 773 congaudet
2095 714 2269 757 autent
2302 704 2511 757 veritati
2545 718 2564 756 :
2591 704 2768 755 omnia
2798 700 3020 769 suffert,
3050 701 3232 756 omnia
3265 701 3458 766 credit,
3484 701 3670 755 omnia
3700 707 3902 768 sperat.

670 800 847 854 omnia
871 800 1084 851 sustinet
1119 809 1164 851 ο.
1202 796 1319 852 Νυιι
1360 798 1576 853 videtur
1611 798 1709 852 tibi
1746 784 1836 852 hic
1868 798 1923 853 in
1952 813 2172 854 summo
2202 799 2397 853 allecto
2428 799 2548 852 sine
2573 796 2809 854 allecto?
2835 810 3019 852 nonne
3040 806 3126 853 est
3151 811 3419 854 exsensus
3447 795 3542 868 qui
3575 795 3762 852 omnia
3793 793 3903 848 sul-

668 885 791 954 lert,
812 892 994 945 omnia
1024 890 1297 946 sustinet?
1322 890 1447 946 talis
1478 899 1563 945 est
1583 890 1824 946 ἀπάθεια
1854 890 2231 955 Climaci,'hie
2260 890 2507 959 ἀπαθής,
2538 891 2630 959 qui
2664 889 2905 946 sentiens
3006 906 3042 953 οι
3083 890 3273 955 sentit,
3301 888 3495 944 videns
3554 902 3665 944 non
3722 883 3898 956 videt,

664 993 825 1047 quem
854 996 953 1035 nee
982 979 1156 1034 aliena
1177 988 1395 1050 torquet
1423 979 1626 1035 invidia
1665 994 1764 1050 per
1799 978 2224 1044 aenmlationem,
2255 992 2358 1033 nec
2386 978 2599 1034 extollit
2621 978 2848 1033 scientia
2865 994 2959 1048 per
2984 978 3322 1048 superbiam,
3370 992 3471 1034 nec
3495 976 3647 1032 laedit
3697 974 3901 1044 injuria

597 1063 600 1067 ’
662 1072 1097 1137 t'alutnniatoris,
1137 1080 1192 1126 et
1224 1086 1347 1141 qua:
1372 1080 1501 1126 sunt
1537 1070 1623 1125 his
1654 1070 1893 1140 gemina,
1935 1068 2137 1140 quibus
2174 1068 2413 1127 humana
2443 1066 2659 1140 fatigari
2687 1067 2829 1125 solet
2868 1069 3152 1139 patientia.
3190 1066 3416 1124 Possem
3442 1080 3566 1138 ego.
3594 1063 3645 1121 si
3672 1064 3902 1120 lnstitu-v

662 1174 778 1222 tum
815 1167 1095 1233 haberem,
1139 1183 1205 1222 ex
1236 1166 1436 1222 litteris
1477 1179 1838 1237 paganorum,
1880 1172 1937 1220 et
1968 1163 2406 1221 Christianorum
2436 1163 2805 1219 monumentis
2837 1163 3101 1235 syllabam
3136 1171 3320 1218 texere
3348 1169 3630 1233 pectorum
3670 1154 3901 1213 mitissi-

662 1276 898 1326 tuorum,
930 1278 1053 1332 qua:
1082 1262 1167 1317 vel
1211 1276 1493 1331 nunquam
1536 1259 1890 1325 irritata,-vel
1930 1259 2080 1316 illico
2114 1268 2368 1315 revocata
2418 1258 2737 1335 neci-mira:
2771 1257 3025 1323 intulere,
3065 1256 3318 1327 quamvis
3342 1254 3409 1310 ad
3451 1251 3896 1308 inﬂammandum

662 1366 757 1405 irae
786 1352 1100 1407 incendium
1130 1366 1239 1406 non
1258 1353 1528 1408 'deessent
1556 1351 1863 1406 cinillones.
2871 1381 2875 1395 ι
3704 1404 3707 1407 .

730 1443 796 1499 Et
835 1445 1085 1514 quamvis
1125 1444 1405 1501 Climacus
1443 1458 1639 1500 onmes
1679 1444 1847 1497 animi
1877 1442 2313 1513 perturbationes
2349 1442 2423 1496 ita
2464 1445 2651 1512 cupiat
2694 1424 2925 1507 deletas,
2953 1450 3017 1496 ut
3054 1439 3261 1496 nullum
3302 1441 3701 1511 quodammodo
3726 1442 3896 1497 vesti-

661 1534 807 1600 gium
845 1535 896 1587 in
943 1535 1101 1589 nobis
1147 1551 1336 1589 earum
1377 1534 1641 1601 resideat,
1687 1543 1867 1587 tamen
1902 1533 2091 1588 ultima
2135 1532 2283 1586 illius
2323 1533 2593 1587 sententia
2639 1531 2690 1587 ei
2720 1530 2981 1596 decurrit,
3028 1540 3088 1585 ut
3129 1530 3335 1602 snpitas
3364 1532 3489 1585 velit
3522 1530 3697 1601 potius
3726 1546 3893 1602 quam

660 1627 881 1681 amitino
913 1631 1246 1696 exstinctas;
1284 1640 1341 1684 ut
1386 1645 1509 1684 cum
1562 1644 1694 1683 usus
1741 1638 1847 1691 est,
1886 1629 2096 1698 possint
2150 1627 2299 1683 velut
2339 1642 2502 1683 canes
2547 1626 2794 1693 excitari,
2833 1635 2887 1682 ct
2933 1627 3001 1682 ad
3028 1628 3172 1685 feras
3204 1628 3451 1682 vitiorum
3494 1628 3895 1697 persequendas

659 1720 899 1775 adhiberi
935 1737 948 1773 :
981 1723 1060 1778 sic
1089 1735 1292 1787 tamen,
1330 1733 1389 1779 ut
1412 1722 1656 1779 venatori
1705 1738 1815 1777 non
1857 1725 2081 1786 obsint;
2122 1736 2223 1777 nec
2252 1723 2515 1792 impetum
2555 1722 2611 1777 in
2641 1721 2792 1776 illum
2830 1731 3109 1788 exseraut,
3133 1719 3227 1776 sed
3264 1720 3319 1775 in
3363 1732 3604 1777 monstra
3621 1721 3895 1805 duntaxat

658 1814 934 1870 vitiorum.
970 1813 1153 1885 itaque
1182 1814 1375 1885 ligatos
1413 1825 1469 1872 et
1494 1815 1561 1871 ad
1589 1812 1789 1870 nutum
1820 1814 2031 1870 domini
2058 1816 2171 1869 vult
2213 1823 2454 1884 paratos,
2485 1830 2593 1869 non
2620 1828 2780 1871 SI'CUS
2812 1829 2976 1885 quam
3009 1814 3070 1880 ii,
3108 1813 3200 1883 qui
3237 1813 3577 1870 histrioniam
3610 1822 3895 1876 exercent,

655 1920 705 1962 et
743 1922 840 1967 aut
869 1912 1072 1982 regiam
1104 1911 1337 1967 induunt
1361 1928 1690 1981 personam;
1720 1920 1817 1966 aut
1840 1909 1996 1966 ducis
2023 1912 2331 1981 copiarum,
2374 1910 2441 1965 ad
2471 1926 2705 1982 quorum
2751 1909 2979 1980 imperia
3005 1909 3160 1964 miles
3190 1908 3275 1965 vel
3304 1910 3555 1979 expediat
3589 1924 3767 1974 arma,
3811 1915 3892 1965 vrt

656 2010 858 2070 ponat;
888 2013 981 2057 aut
1010 2005 1289 2060 exercitati
1326 2003 1554 2075 Ulyssis,
1591 2005 1683 2075 qui
1710 2013 1997 2059 ventorum
2029 2005 2236 2059 rabiem
2278 2013 2399 2058 utre
2436 2004 2677 2059 clausam
2717 2013 2919 2066 teneat,
2955 2004 3206 2073 laxetque
3232 2017 3356 2058 cum
3383 2003 3770 2075 navigandum,
3801 2014 3892 2058 aut

654 2092 967 2162 restringat,
997 2109 1118 2148 cum
1152 2078 1569 2165 quiescendum.
1614 2094 1859 2167 Longius
1888 2095 2112 2163 quidam
2152 2111 2215 2149 ex
2248 2095 2446 2164 priscis
2478 2096 2530 2148 in
2558 2110 2621 2150 ea
2645 2110 2704 2150 re
2740 2095 3036 2165 progressi,
3061 2093 3334 2179 hominem
3362 2111 3524 2165 prope
3545 2111 3610 2151 ex
3643 2095 3898 2163 homine,

651 2200 954 2255 eorpusque
990 2202 1054 2240 ex
1087 2202 1315 2257 corpore
1339 2188 1624 2252 tollebant,
1660 2188 1739 2243 uti
1775 2196 1999 2243 sanctus
2027 2187 2393 2258 Hieronymus
2425 2186 2663 2257 disputat
2694 2191 2803 2257 ta);
2830 2198 2886 2241 et
2917 2185 3206 2255 Evagrium
3230 2186 3511 2243 Ponticum
3558 2187 3892 2259 ilyperbori-

653 2284 760 2328 tam
790 2278 910 2345 ejus
938 2280 1203 2344 ἀπαθείας
1238 2289 1518 2336 auctorem
1550 2281 1696 2337 velut
1733 2280 2101 2351 Origenistam
2134 2278 2403 2344 nominat,
2427 2295 2655 2351 euntque
2696 2280 3021 2334 sententiam
3059 2296 3090 2333 a
3120 2278 3426 2333 Stoicorum
3455 2281 3603 2335 fonte
3633 2295 3892 2336 manasse

650 2366 835 2422 tradit.
867 2367 1089 2425 Tractat
1127 2372 1192 2427 de
1220 2371 1325 2427 hac
1358 2372 1851 2441 imperturbatione
1878 2386 1975 2427 seu
2000 2369 2437 2441 impossibilitate
2475 2374 2557 2442 (ut
2582 2379 2807 2428 sanctus
2838 2368 3197 2441 Hieronymus
3234 2370 3643 2440 interpretatur)
3673 2387 3775 2427 seu
3814 2372 3892 2425 iu-

628 2459 907 2523 'dolentia,
942 2472 999 2515 ut
1025 2461 1221 2517 Cicero
1260 2462 1523 2532 loquitur,
1554 2479 1651 2517 seu
1684 2463 1854 2519 animi
1879 2463 2294 2533 tranquillitate,
2327 2470 2383 2518 ct
2423 2463 2665 2517 omnium
2706 2462 3176 2532 perturbationum
3207 2462 3490 2518 vacatione
3528 2461 3890 2519 doctissimus

647 2559 702 2603 et
750 2551 1192 2619 religiosissimus
1242 2566 1428 2611 noster
1475 2555 1787 2612 Bernardus
1816 2555 2189 2626 Rosignolius,
2239 2556 2334 2610 lib.
2368 2571 2405 2609 ιι
2440 2555 2514 2609 De
2542 2556 2829 2623 disciplina
2879 2554 3197 2611 Christianae
3242 2555 3598 2625 perfectionis,
3638 2570 3767 2625 cap.
3797 2556 3888 2609 Ἦν

647 2651 777 2705 ιυιο,
811 2642 900 2697 ubi
933 2654 988 2699 et
1015 2646 1317 2701 Climacurn
1356 2649 1441 2703 his
1481 2648 1663 2705 verbis
1697 2648 1862 2720 472
1891 2650 2077 2704 laudat
2106 2668 2119 2703 :
2149 2648 2382 2703 Joannes
2408 2648 2675 2704 Climacus
2712 2647 2999 2719 Eragrium
3031 2647 3309 2702 Ponticum
3336 2653 3434 2703 hoc
3462 2650 3671 2703 nomine
3706 2665 3888 2719 repre-

644 2736 845 2797 hendit,
888 2749 1080 2790 notans
1108 2739 1221 2807 ejus
1250 2740 1520 2794 ἀπάθειαν
1549 2743 1758 2796 nomine
1790 2742 2090 2795 alacritatis
2120 2757 2341 2797 sensus:
2371 2722 2495 2812 quia
2534 2742 2780 2811 fortassis
2806 2741 2904 2795 hoc
2936 2757 3054 2809 eam
3083 2742 3192 2808 ipse
3231 2741 3437 2795 nomine
3471 2740 3802 2810 appellabat,
3831 2756 3889 2801 ut

645 2826 859 2895 facilius
886 2829 1213 2896 simplicibus
1244 2831 1487 2886 illuderet
1510 2851 1531 2887 :
1560 2836 1696 2889 unde
1723 2835 1965 2903 effectum
1990 2852 2194 2904 quoque
2221 2845 2318 2898 est,
2349 2843 2406 2889 ut
2434 2835 2649 2904 quidam
2679 2847 2896 2891 sanctus
2925 2835 3005 2889 vir
3031 2835 3128 2902 (ὁ),
3152 2835 3242 2904 qui
3274 2835 3566 2888 natationes
3591 2833 3647 2887 in
3677 2830 3887 2889 Clima-

644 2934 761 2970 cum
785 2919 972 2983 edidit,
1004 2925 1455 2993 sentcntiam‘cjus
1482 2927 1695 2979 minime
1729 2937 1998 2981 assecutus
2033 2944 2245 2980 sensum
2277 2924 2495 2995 Evagrii
2523 2929 2664 2981 dicto
2691 2925 2915 2982 Climaci
2948 2927 3238 2996 prarferret.
3279 2924 3400 2981 Non
3432 2927 3511 2980 ita
3544 2925 3887 2980 doctissimus

642 3019 794 3071 atque
825 3008 1219 3063 illustrissimus
1260 3013 1549 3066 cartlinalis
1581 3014 1762 3068 Ctesar
1802 3013 2063 3068 Baronius
2093 3030 2113 3068 :
2162 3016 2206 3068 is
2252 3016 2394 3089 enim
2425 3016 2707 3069 historiam
2731 3016 2998 3078 ἀπαθείας
3045 3033 3292 3080 narrans,
3321 3017 3476 3087 plane
3518 3033 3732 3071 sensum
3774 3016 3887 3072 Cli-

643 3105 780 3155 maci
807 3117 1078 3159 assecutus
1106 3122 1226 3161 eam
1266 3109 1616 3174 commendat,
1652 3119 1702 3162 et
1736 3108 2045 3180 Evagrium,
2075 3121 2133 3164 ut
2163 3112 2350 3181 dignus
2389 3124 2490 3173 est,
2538 3115 2780 3170 damnat.
2833 3112 2958 3168 Hac
3003 3111 3367 3183 Rosignolius.
3400 3111 3666 3168 Baronius
3696 3124 3883 3169 autem

635 3188 707 3247 ‘de
745 3194 973 3266 Evagrio
997 3199 1068 3266 (ε)
1100 3216 1113 3251 :
1141 3196 1243 3253 Sed
1266 3199 1356 3266 qui
1392 3198 1743 3254 indolentiam
1782 3201 2007 3256 stoicum
2042 3202 2099 3255 in
2128 3200 2423 3257 Ecclesium
2452 3204 2782 3258 introducere
2818 3212 3038 3257 conatus
3070 3212 3169 3264 est,
3198 3201 3552 3271 hominemque
3580 3202 3774 3255 statim
3816 3204 3885 3256 ad

638 3284 842 3339 culmen
880 3289 1216 3357 perfectionis
1248 3292 1387 3342 evehi
1418 3309 1453 3345 a
1491 3307 1545 3344 se
1574 3309 1725 3361 posse
1766 3295 1957 3348 iisdem
1988 3296 2200 3361 scriptis
2227 3295 2594 3361 pollicebatur,
2624 3311 2685 3350 eo
2712 3296 2919 3351 nomine
2956 3294 3021 3348 ab
3055 3295 3180 3349 aliis
3202 3295 3409 3349 derisus
3431 3303 3551 3348 est:
3573 3309 3703 3346 nam
3745 3296 3883 3349 inter

639 3377 773 3431 alios
808 3381 918 3433 liter:
951 3378 1163 3433 Climax
1195 3381 1259 3434 de
1283 3398 1342 3435 eo
1369 3397 1387 3435 :
1413 3384 1618 3451 putavit
1670 3382 1932 3455 Euagrius
1966 3386 2417 3454 sapientissimum
2445 3404 2500 3440 se
2537 3388 2769 3441 omnium
2806 3388 3088 3441 alacritate
3133 3401 3313 3440 sensus
3335 3386 3472 3453 ﬁeri,
3514 3385 3605 3438 sed
3636 3385 3880 3453 fraudein

634 3487 824 3564 passus
858 3472 959 3524 sibi
996 3475 1240 3527 mentitus
1274 3484 1323 3528 et
1369 3455 1548 3543 miser,
1594 3463 2054 3548 insipientiumqite
2082 3479 2545 3546 insipientissimus
2576 3495 2641 3533 ea:
2666 3480 2762 3533 hoc
2788 3480 2901 3547 ipso
2933 3489 3191 3533 ostensus.
3232 3475 3358 3532 llaec
3386 3476 3656 3533 Baronins
3689 3494 3759 3532 ex
3795 3478 3880 3533 in-

637 3574 869 3643 tegprete
920 3565 1145 3622 Climaci
1210 3583 1318 3622 non
1353 3570 1554 3638 ubique
1604 3572 1809 3639 optimo
1849 3573 1952 3642 (ιι).
1989 3571 2108 3626 Νοιι
2143 3573 2468 3642 exprimitur
2504 3574 2680 3637 locus,
2716 3587 2813 3627 nec
2842 3572 3043 3653 gradus
3089 3588 3156 3626 ex
3188 3569 3430 3625 Climaco
3461 3586 3477 3623 :
3506 3571 3880 3645 etClimaeus

638 3658 771 3711 nihil
805 3662 935 3731 περὶ
962 3661 1229 3728 ἀπαθεξας
1262 3680 1355 3719 seu
1400 3666 1698 3723 indolentia
1733 3667 1788 3720 in
1819 3667 1911 3721 illo
1944 3668 2113 3737 gradu
2163 3679 2380 3734 tractat,
2422 3670 2474 3723 in
2506 3684 2617 3739 quo
2649 3669 2763 3723 lucc
2799 3668 2963 3724 verba
2996 3667 3275 3737 leguntur;
3303 3665 3396 3720 sed
3422 3663 3487 3721 de
3514 3665 3643 3737 gula
3670 3674 3731 3719 et
3755 3665 3882 3719 abs~

634 3750 864 3808 tiaentia
905 3768 1001 3807 seu
1036 3753 1264 3824 jejunio.
1297 3756 1473 3827 Caput
1524 3775 1622 3813 seu
1655 3760 1856 3830 gradus
1884 3769 1966 3815 est
1997 3775 2096 3814 xm
2129 3778 2142 3811 :
2171 3778 2226 3813 πε

2287 3764 2301 3813 ι
2331 3762 2430 3830 τῆς
2453 3760 2730 3829 παμφίλου
2762 3761 2856 3813 καὶ
2889 3759 3173 3829 δεσποίνης
3212 3759 3451 3831 πονηρᾶς
3476 3756 3740 3828 γαστρός,
3768 3757 3879 3812 sive

635 3850 694 3895 ut
731 3852 816 3896 est
866 3844 917 3896 in
960 3848 1195 3913 generali
1248 3847 1426 3901 indice
1473 3851 1600 3919 περὶ
1647 3852 1919 3919 νηστείας,
1955 3852 2020 3905 de
2068 3862 2218 3921 grato
2244 3852 2484 3905 omnibus
2530 3861 2579 3905 et
2624 3852 2763 3905 malo
2791 3852 3100 3920 imperatore
3137 3862 3328 3913 rentre,
3374 3853 3488 3907 sive
3534 3851 3601 3904 de
3639 3850 3876 3920 jejunio.

633 3930 803 3988 Porro
835 3936 901 3988 de
930 3937 1183 4002 Evagrio
1228 3940 1505 3995 Climacus
1542 3943 1593 3995 in
1631 3943 1734 3997 hoc
1779 3942 1975 4013 capite,
2006 3945 2071 3997 de
2103 3942 2251 4013 gula,
2313 3943 2572 4012 haecsua
2626 3944 2826 4013 lingua,
2870 3942 3078 4010 Graeca,
3114 3943 3358 4013 inquam,
3408 3934 3616 3998 tradit:
3658 3942 3877 4014 Ἐδὸκιι⁴

645 4042 739 4079 σεν
767 4033 844 4097 (ιι)
875 4030 903 4080 ὁ
928 4030 1182 4099 θεήλατος
1218 4033 1485 4105 Εὐὰγριος
1517 4034 1626 4087 τῶν
1671 4036 1851 4104 σοφῶν
1884 4037 2188 4109 σοφώτερος
2220 4041 2286 4109 τῇ
2332 4042 2581 4110 προφορᾷ
2621 4041 2718 4093 καὶ
2742 4041 2853 4102 τοῖς
2879 4043 3109 4110 νοήμασι
3135 4037 3407 4105 γενέσθαι·
3432 4037 3546 4090 ἀλλ’
3575 4038 3819 4109 ἐψεῦσοη
3845 4041 3875 4092 ὁ

628 4115 856 4183 δείλαιος
871 4122 980 4173 τῶν
1012 4124 1260 4193 ἀφρόνων
1290 4129 1477 4194 φανεὶς
1499 4127 1893 4198 ἁφρονὲστερος
1939 4130 1998 4181 ἐν
2038 4131 2250 4192 πολλοῖς
2300 4132 2419 4201 μὲν,
2457 4131 2595 4201 πλὴν
2624 4133 2715 4184 καὶ
2735 4133 2794 4185 ἐν
2815 4130 3005 4207 τούτῳ·
3035 4132 3167 4199 φησὶ
3193 4131 3298 4200 γὰρ
3333 4130 3569 4204 ὁπηνίκα
3596 4134 3873 4204 διαφόρων

629 4212 935 4279 βρωμάτων
962 4214 1220 4284 ἐπιθυμεῖ
1249 4217 1405 4285 ἡμῶν
1435 4217 1604 4288 ψυχὴ.
1642 4222 1699 4272 ἐν
1720 4222 1872 4291 ἄρτῳ
1908 4223 2002 4274 καὶ
2030 4222 2182 4275 ὕδατι
2212 4222 2516 4276 στενούσθω
2539 4240 2551 4251 ·
2581 4225 2765 4291 ὅμοιον
2789 4208 2924 4276 δὲ’τι
2960 4223 3259 4294 προσέταξε
3278 4223 3354 4292 τῷ
3379 4227 3581 4281 εἰπόντι
3602 4226 3688 4298 τῷ
3721 4227 3873 4285 παιδὶ

626 4304 687 4357 ὲν
718 4303 861 4373 (lego
887 4305 988 4372 ἐνὶ)
1012 4306 1089 4376 τῷ
1113 4308 1317 4379 βήματι
1343 4312 1526 4364 πᾶσαν
1553 4312 1797 4366 ἀνελθεῖν
1833 4314 1931 4386 τὴν
1959 4314 2218 4385 κλίμακα.

2276 4325 2578 4385 nterpretor
2609 4316 2721 4371 hinc
2751 4315 2885 4370 meis
2916 4316 3117 4379 verbis,
3147 4331 3273 4371 nam
3302 4318 3437 4373 alios
3467 4319 3627 4374 video
3681 4321 3868 4389 procul

628 4415 660 4455 ιι
701 4412 882 4455 mente
912 4401 1139 4457 Clitnaei
1176 4406 1416 4471 abiisse;
1456 4406 1569 4460 llllll
1600 4408 1747 4462 enim
1781 4408 1869 4463 hic
1898 4410 1966 4464 de
2017 4428 2201 4465 sensus
2230 4412 2515 4466 alacritate
2543 4410 2857 4466 Climacus:
2899 4408 3050 4464 Visus
3088 4421 3164 4464 est
3202 4411 3303 4466 sibi
3340 4411 3594 4479 Euagrius
3629 4412 3687 4481 (a
3732 4413 3870 4466 malo

633 4494 730 4549 Dei
756 4496 906 4563 genio
925 4496 1179 4562 agitatus)
1203 4513 1320 4549 curn
1349 4497 1605 4566 loquendo
1633 4508 1745 4551 tum
1788 4503 2066 4570 cogitando
2108 4504 2433 4570 sapientibus
2465 4502 2629 4571 fuisse
2657 4502 2970 4571 sapientior;
3001 4503 3089 4555 sed
3119 4502 3286 4571 falsus
3327 4511 3402 4555 est
3443 4502 3612 4556 animi
3654 4505 3867 4574 infelix,

626 4586 842 4660 quamlo
873 4585 1049 4639 stultis
1082 4588 1322 4670 omnibus
1357 4590 1590 4657 stultior,
1630 4607 1749 4644 cum
1774 4591 1828 4644 in
1854 4593 2037 4647 multis
2067 4594 2211 4660 aliis,
2262 4605 2373 4649 tum
2401 4595 2456 4647 in
2478 4594 2572 4645 hoc
2593 4592 2939 4662 deprehensus
2968 4604 3066 4658 est,
3095 4609 3214 4646 cum
3249 4593 3327 4645 ait
3354 4608 3373 4645 :
3404 4590 3630 4658 Quando
3654 4597 3867 4648 animus

627 4688 806 4734 noster
833 4678 985 4733 varia
1011 4678 1246 4732 ciborum
1271 4697 1459 4749 genera
1498 4673 1785 4747 desiderat,
1817 4700 1951 4753 pane
1973 4696 2022 4739 et
2054 4702 2192 4755 aqua
2232 4695 2546 4749 macerctur,
2578 4686 2791 4756 perinde
2830 4688 3092 4751 hortatus,
3122 4696 3180 4740 ut
3214 4684 3322 4749 ille,
3354 4686 3443 4755 qui
3476 4703 3572 4741 suo
3597 4689 3865 4758 discipulo

626 4777 897 4845 prtcccpit,
937 4786 994 4829 ut
1030 4794 1132 4832 uno
1156 4781 1297 4830 saltu
1326 4794 1504 4833 omnes
1533 4780 1694 4833 simul
1722 4783 1883 4836 scala:
1923 4785 2118 4853 gradus
2147 4784 2545 4838 transmitteret.
2590 4782 2715 4838 Πειῑο
2756 4783 2823 4837 tle
2856 4781 3087 4851 Evagrio
3121 4779 3412 4846 Climacus,
3448 4782 3538 4836 ubi
3586 4784 3727 4838 nihil
3771 4785 3863 4838 ad-

625 4870 851 4923 modum
886 4878 968 4922 est
1002 4868 1131 4937 περ.
1168 4867 1455 4933 ἀπαθείας,
1509 4870 1603 4923 sed
1646 4871 1713 4925 de
1748 4872 1908 4941 gulm,
1943 4882 2002 4927 ut
2042 4871 2215 4938 vides,
2253 4872 2629 4928 irritamentis.
2666 4870 2786 4925 Non
2826 4881 2954 4926 sunt
2997 4870 3235 4926 assecuti
3275 4871 3593 4942 interpretes
3636 4874 3731 4929 illa
3757 4874 3862 4928 Cli-

626 4959 769 5014 tnaci
800 4963 865 5030 τῇ
898 4962 1154 5031 apo-sopit
1184 4962 1275 5015 καὶ
1298 4963 1553 5033 νοήμασι.
1581 4979 1701 5031 qua:
1730 4964 2065 5019 alacritatem
2094 4951 2274 5018 sensus
2303 4965 2736 5021 Camaldulcnsis
2763 4965 3075 5031 transtulit;
3104 4965 3240 5020 nihil
3265 4967 3331 5022 ad
3357 4966 3523 5033 fides;
3553 4968 3858 5038 antiquior,

630 5055 1009 5123 arrogantium,
1051 5063 1223 5107 totum
1269 5053 1341 5119 id,
1391 5058 1458 5126 τῇ
1499 5057 1753 5127 »προφορᾷ
1781 5058 1873 5109 καὶ
1909 5060 2163 5130 νοήμασι,
2209 5075 2222 5111 ι

2268 5061 2313 5113 si
2354 5059 2515 5113 etiam
2545 5059 2800 5130 θεήλατος
2846 5054 3064 5127 adjecit.
3112 5058 3297 5130 itaque
3339 5076 3406 5115 ex
3439 5061 3541 5117 hoc
3588 5059 3715 5115 loco
3764 5076 3860 5114 nec

628 5143 891 5216 l‘lvagrius
917 5146 984 5200 de
1010 5142 1246 5215 ἀπαθείᾳ
1270 5146 1611 5214 reprehendi,
1641 5164 1742 5203 nec
1761 5146 2036 5206 Climacus
2062 5149 2269 5203 laudari
2302 5149 2369 5203 ab
2388 5149 2573 5203 eadem
2594 5158 2790 5219 potest,
2815 5168 2936 5204 eum
2964 5150 3094 5205 nihil
3117 5154 3182 5206 ad
3209 5169 3319 5207 rem
3343 5152 3562 5207 faciant.
3585 5152 3854 5208 (heterqu

626 5239 911 5309 Evagrirnu
954 5254 982 5292 a
1017 5256 1140 5292 veru
1169 5240 1454 5295 catholica:
1491 5243 1756 5297 doctrinae
1798 5258 1987 5297 norma
2018 5244 2305 5299 deﬂexisse
2336 5221 2541 5298 certum
2578 5256 2683 5308 est,
2722 5242 2877 5311 cujus
2902 5245 3065 5299 etiam
3101 5246 3153 5300 in
3189 5246 3476 5301 solitudine
3504 5245 3704 5302 cellam
3742 5264 3851 5302 ma-

626 5334 713 5391 lus
737 5330 1036 5386 inferorum
1062 5333 1262 5403 hospes
1288 5338 1594 5405 occupavit,
1628 5347 1685 5391 ut
1706 5353 1866 5393 tremo
1893 5341 2190 5395 secundum
2220 5335 2510 5407 Evagrium
2538 5338 2685 5393 illam
2719 5348 2866 5395 tutus
2894 5340 3171 5396 incoleret.
3201 5339 3294 5396 Sic
3316 5339 3459 5395 enim
3484 5338 3570 5396 ιο.
3597 5340 3852 5399 Moschus

699 5501 723 5527 υ
758 5490 882 5542 Cor.
918 5504 1031 5551 xm,
1072 5491 1100 5542 4
1129 5519 1152 5529 -
1186 5492 1237 5543 7.

694 5603 770 5675 la)
807 5600 1012 5675 limina
1050 5598 1361 5675 lfrlaaianos
1416 5605 1483 5656 ad
1532 5602 1929 5674 Ctesiphontem.
2361 5610 2435 5675 (tl)
2464 5610 2708 5665 Ambros.
2740 5613 2977 5667 Camald.

694 5674 768 5753 ιθ)
804 5669 1235 5753 ίξδυιιὶζδοίίξξιιιιιο
1428 5745 1438 5753 _
1497 5745 1503 5753 ι
1710 5752 1733 5753 η
2469 5679 2543 5735 Ex
2584 5698 2684 5737 nis.
2730 5688 2914 5739 CltBCU
2950 5684 3194 5739 bibliotlt.
3233 5697 3338 5739 ser.
3374 5682 3633 5742 Masimil.

699 5745 765 5811 {tl
800 5742 991 5801 Annal.
1022 5752 1038 5795 t
1091 5740 1174 5804 Vl,
1204 5762 1345 5799 ,ιιιιιω
1382 5745 1579 5801 Linith
