4032 6340
225 407 360 474 1177
1143 421 1154 434 ’
1386 422 1614 486 LIBER
1633 425 1732 485 AD

1835 427 2178 494 lSTOREM.
3287 437 3422 503 1178

225 523 280 582 in
318 538 422 580 suo
453 523 762 582 Limonario
809 527 886 600 (a)
918 527 1132 584 Dicebat
1172 530 1334 586 abbas
1366 530 1456 589 lo.
1498 533 1641 589 Cilix
1688 549 2130 594 commorantibus
2157 544 2388 598 nobisin
2433 544 2586 601 Nono
2627 549 2996 612 Alexandriae;
3041 551 3175 604 venit
3203 553 3271 605 ad
3312 568 3404 606 nos

219 616 505 688 {Egyptius
530 620 811 701 monachus
838 625 1172 695 uarravitque
1200 627 1350 680 nobis
1368 627 1558 696 ﬁdicens
1579 645 1600 684 :
1625 630 1706 682 Ad
1733 634 2109 688 monasterium
2137 621 2445 692 cellularum
2467 639 2630 708 frater
2648 655 2712 694 ea:
2741 640 3025 710 longinqua
3059 646 3263 710 regione
3288 657 3391 709 per.

218 714 376 804 seuit,
406 714 576 769 volens
604 716 676 770 ibi
712 715 971 778 habitare.
1002 729 1396 790 prostratusque
1418 721 1715 793 presbytero
1739 725 1950 793 orabat,
1976 738 2037 780 ut
2073 733 2128 780 in
2165 727 2380 799 Evagrii
2409 732 2542 786 cella
2576 741 2886 786 moraretur.
2920 733 3198 804 Presbyter
3233 743 3410 788 autem

215 803 438 872 dicebat,
463 823 566 861 non
594 823 744 877 posse
771 825 889 864 eum
910 810 1024 864 illic
1055 811 1290 884 habitare
1301 831 1321 879 ,-
1349 815 1688 886 recedensque
1717 816 1986 887 presbyter
2013 823 2092 872 ait
2120 821 2319 888 fratri:
2351 820 2462 875 Fili
2490 823 2694 876 dtemou
2725 803 3101 892 infestissimus
3125 824 3234 877 illic
3257 825 3411 877 habi-

217 911 314 970 tat,
341 901 444 966 Qui
474 904 612 958 enim
638 905 844 961 seduxit
875 906 1176 978 Evagrium,
1208 918 1316 985 etoa
1346 927 1467 966 vera
1492 911 1594 980 fide
1620 914 1855 979 remot-it,
1883 915 2205 986 immisitque
2241 917 2323 972 illi
2352 919 2609 974 scelerata
2637 920 2904 989 dogmata,
2936 920 3027 974 ille
3057 936 3158 974 non
3187 922 3406 988 permit-

215 993 276 1048 tit
297 991 524 1062 aliquem
553 995 626 1048 ibi
661 999 878 1053 morari.
912 997 1036 1054 Haec
1063 999 1349 1069 Moschus;
1374 1002 1468 1074 qui
1499 1002 1650 1058 addit
1681 1020 1788 1058 non
1823 1006 2069 1074 potuisse
2099 1006 2442 1078 peregrinum
2473 1009 2734 1067 deterreri
2766 992 2995 1066 consilio
3024 1012 3278 1073 senioris,
3307 1011 3398 1066 sed

213 1081 517 1152 ingressum
551 1087 730 1142 cubile
760 1087 996 1160 Evagrii,
1027 1105 1092 1146 ac
1123 1100 1248 1161 post
1272 1093 1498 1148 alteram
1534 1093 1925 1150 bebdomadem
1955 1107 2226 1168 repertum
2264 1113 2388 1154 cum
2423 1098 2554 1155 l'une
2582 1101 2723 1155 collo
2757 1101 2951 1170 injecto
2973 1099 3203 1170 gulaque
3232 1098 3397 1154 fracta

211 1173 533 1243 exspirasse.
562 1178 712 1233 Adeo
741 1179 1114 1237 haereticorum
1148 1184 1312 1261 etiam
1351 1185 1576 1254 vestigia
1601 1193 1805 1255 pestem
1832 1195 1960 1257 post
1984 1201 2044 1244 se
2075 1186 2397 1259 impressam
2420 1190 2758 1260 relinquunt.
3281 1195 3284 1197 ’

279 1264 386 1320 Sed
425 1268 494 1324 ad
521 1269 745 1326 Climaci
776 1272 1063 1341 apatheian
1106 1274 1411 1341 redeamus,
1445 1276 1539 1346 qui
1578 1275 1670 1330 illa
1699 1276 1848 1343 πάθη
1887 1286 1944 1333 et
1989 1287 2171 1335 motus
2200 1279 2365 1335 animi
2413 1296 2522 1336 non
2553 1281 2669 1335 vult
2706 1280 2954 1352 stirpitus
2987 1278 3160 1345 evelli,
3203 1278 3296 1333 sed
3335 1277 3410 1332 ita

209 1363 473 1428 coerceri,
504 1374 560 1419 ut
591 1380 659 1420 ne
700 1381 760 1422 se
801 1376 1175 1424 eommoveant
1213 1369 1394 1424 animo
1432 1369 1638 1436 invito;
1670 1370 1739 1425 ad
1773 1371 1999 1441 imperia
2030 1381 2210 1428 tamen
2242 1373 2450 1429 evocati
2475 1373 2673 1438 adsint,
2701 1382 2756 1428 et
2794 1389 2893 1444 pro
2926 1387 3026 1428 usu
3051 1381 3106 1426 et
3138 1371 3412 1426 voluntate

209 1454 522 1525 imperantis
548 1459 928 1528 respondeant,
957 1462 1173 1532 vimque
1207 1461 1388 1517 animo
1416 1463 1634 1518 addant.
1667 1461 1955 1533 Elegantes
1982 1475 2109 1520 sunt
2129 1466 2272 1536 apud
2301 1465 2368 1520 A.
2394 1465 2623 1522 Gellium
2653 1465 2727 1536 (ὁ)
2758 1465 3177 1520 narratiunculae
3201 1463 3267 1518 de
3293 1461 3410 1515 ine-

209 1551 314 1618 ptis
341 1549 561 1617 Stoicis,
597 1568 734 1622 quas
763 1555 948 1626 gratia:
987 1554 1476 1625 loco.apponerem,
1506 1555 1612 1609 nisi
1649 1565 1833 1612 essent
1866 1556 2243 1628 longiusculz'e,
2285 1567 2503 1614 exstant
2545 1559 2640 1613 lib.
2672 1574 2710 1621 I,
2752 1571 2872 1626 cap.
2905 1557 2963 1622 ‘2,
2990 1566 3046 1612 et
3067 1555 3139 1610 26
3161 1553 3254 1609 lib.
3293 1569 3407 1623 xix,

207 1657 325 1714 cap.
364 1641 450 1701 l2.

272 1734 552 1791 Conclndo
581 1749 705 1793 eum
738 1717 929 1793 sancto
965 1732 1310 1803 Hieronymo,
1343 1735 1434 1792 cui
1476 1734 1689 1805 ἀπαθὴς
1722 1744 1813 1787 aut
1846 1733 1986 1789 Deus
2020 1744 2329 1790 aut-saxum
2376 1745 2472 1800 est,
2515 1744 2660 1791 certe
2689 1735 2962 1791 Climacus
2988 1735 3165 1791 uomit
3207 1751 3307 1791 nos
3349 1737 3408 1791 in

207 1845 398 1888 saxum
429 1833 680 1904 migrare.

2265 2079 2275 2088 '
2357 2083 2528 2166 .473
2567 2085 2794 2142 CAPUT
2841 2086 2902 2143 v.

1265 2178 1504 2234 Pastoris
1530 2179 1797 2233 industria
1819 2178 1876 2230 in
1894 2191 1996 2245 quo
2021 2174 2344 2259 spectanda.-

265 2275 400 2331 Τότε
429 2275 527 2346 τὴν
556 2276 621 2329 ὲκ
648 2274 781 2329 Θεοῦ
811 2276 1098 2347 δεδομένην
1154 2274 1302 2346 αὐτῷ
1346 2277 1375 2329 6
1424 2274 1602 2344 ἰατρὸς
1630 2275 1736 2326 ὲπι·

1919 2268 2074 2323 Tnnc
2094 2268 2336 2322 medicus
2362 2267 2741 2331 animorum,a
2779 2266 2885 2320 Deo
2922 2282 2984 2320 se
3003 2266 3259 2320 donatum
3316 2285 3410 2322 sa-

200 2364 463 2436 γνώσεται
492 2364 701 2433 σοφίαν,
720 2365 919 2419 ὁπόταν
940 2365 1008 2418 τὰ
1035 2368 1148 2427 τοῖς
1175 2364 1386 2428 πολλοῖς
1408 2363 1736 2434 ἀθεράπευτα

1856 2363 2054 2433 pientia
2085 2363 2365 2431 intelligat,
2397 2377 2519 2416 cum
2551 2362 2665 2431 ipse
2699 2363 2917 2417 morbos
2945 2361 3128 2416 nulltis
3161 2363 3408 2416 immedi-

779 2086 782 2089 ’
801 2089 1048 2143 ΚΕΦΔΔ.
1089 2089 1163 2144 E‘.

200 2453 344 2524 πάθη
385 2454 720 2525 θεραπεῦσαι
754 2455 1071 2526 δυνήσηται.
1125 2457 1200 2510 Οὐ
1240 2454 1571 2525 θαυμαστὸς,
1609 2453 1736 2506 διδά-

1850 2455 2055 2510 cabilcs
2084 2469 2275 2508 curare
2309 2454 2526 2522 poterit.
2558 2456 2615 2507 ln
2650 2454 2794 2506 nulla
2825 2453 3180 2508 admiratione
3210 2469 3406 2522 ponen-

1850 2547 1954 2601 dus
2005 2547 2198 2600 doctor
2235 2557 2316 2600 est
2377 2549 2444 2607 is,
2477 2547 2570 2614 qui
2613 2547 2862 2600 alumnos
2896 2547 3107 2616 ingenio
3133 2559 3407 2617 promptos

1848 2643 1902 2688 et
1929 2633 2147 2698 dociles,
2189 2634 2376 2686 doctos
2404 2635 2563 2686 ellicit
2586 2643 2640 2687 et
2664 2634 2925 2695 eruditos,
2959 2635 3054 2688 sed
3080 2636 3169 2703 qui
3224 2635 3408 2690 tardos

1846 2735 1901 2781 et
1937 2725 2174 2793 hebetes,
2206 2709 2465 2779 litteratos
2491 2725 2662 2778 reddit
2683 2735 2735 2778 et
2764 2725 3009 2778 doctrina
3069 2736 3402 2794 piwstantes.

1850 2816 2022 2872 Decus
2054 2817 2364 2886 aurigarum
2389 2827 2492 2882 est,
2519 2832 2640 2872 cum
2665 2816 2821 2887 equis
2847 2814 3070 2884 abjectis
3123 2827 3176 2871 et
3235 2818 3402 2886 inglo-

1849 2909 1943 2963 riis
1989 2909 2235 2975 vincunt,
2295 2920 2351 2964 et
2401 2911 2547 2979 ipsos
2600 2925 2770 2980 equos
2821 2910 3117 2964 incolumes
3166 2919 3402 2976 servant,

1849 3012 1983 3067 tum,
2020 3001 2275 3070 inquam,
2313 3002 2556 3056 omnium
2614 3017 2708 3055 ore
2762 3001 3099 3056 celebrantur
3129 3010 3180 3054 et
3213 3002 3404 3071 praedi-

1847 3102 2059 3147 cantur.
2103 3092 2256 3159 Quod
2315 3093 2362 3148 si
2427 3093 2520 3146 tibi
2568 3093 2775 3161 datum,
2827 3094 2902 3147 uti
2965 3093 3198 3147 futuram
3229 3093 3404 3162 possis

1848 3193 2222 3252 tempestatem
2255 3185 2557 3253 providere,
2591 3186 2847 3239 denuntia
2875 3185 3018 3238 illam
3052 3197 3234 3252 aperte
3263 3185 3403 3238 clas-

1842 3275 2072 3328 siariis:
2137 3276 2224 3328 sin
2270 3276 2449 3328 minus
2507 3275 2618 3343 jam
2678 3284 2734 3328 tu
2765 3273 3032 3342 naufragii
3066 3275 3400 3329 certissimus

199 2546 393 2608 σκαλος
424 2547 453 2598 6
481 2546 606 2607 τοὺς
638 2545 894 2613 εὐμαθεῖς
915 2548 1108 2608 παῖδας
1143 2549 1338 2616 σοφοὺς
1365 2545 1752 2616 ἀπεργασάμε-

197 2652 304 2700 νος,
329 2634 450 2688 ἀλλ’
493 2635 522 2687 6
545 2634 669 2696 τοὺς
705 2634 938 2703 ἀμαθεῖς
988 2638 1082 2690 καὶ
1112 2637 1347 2704 ἀσόφους
1399 2635 1622 2705 σοφίσας
1655 2633 1750 2687 καὶ

193 2723 512 2799 τελειώσας·
541 2722 664 2775 τότε
705 2723 739 2794 ή
764 2723 872 2776 τῶν
894 2725 1250 2795 ήνιόχούντων
1281 2726 1488 2793 εὐφυΐαν
1512 2725 1749 2776 ἐπαινεῖ-

194 2831 281 2865 ται
307 2811 402 2866 καὶ
433 2813 812 2882 ἐμφανίζεται,
845 2804 972 2867 ὅταν
1002 2815 1060 2867 ὲν
1086 2815 1360 2884 ἀδοκίμοις
1387 2815 1571 2875 ἵπποις
1597 2814 1747 2881 νικὴ·

196 2921 344 2966 σωσι,
374 2905 467 2958 καὶ
511 2905 636 2967 τοὺς
680 2904 878 2968 ἵππους
933 2905 1332 2959 διασώσωνται⁸
1387 2906 1483 2956 ἐὰν
1520 2905 1747 2973 εἴληφας

192 2996 412 3066 ὄμματα
459 2996 786 3066 προϐλέπειν
824 2997 893 3050 τά
938 2998 1195 3069 κύματα,
1224 2999 1336 3058 τοῖς
1384 2999 1442 3049 ἐν
1477 2996 1553 3067 τῷ
1581 2997 1748 3067 πλοίῳ

195 3085 375 3155 σαφῶς
402 3086 670 3159 πρόλεγε’
719 3090 769 3140 εί
810 3087 868 3141 δὲ
913 3088 1010 3158 μὴ,
1062 3089 1128 3142 σὺ
1165 3086 1258 3142 τοῦ
1285 3087 1543 3154 ναυαγίου
1579 3089 1748 3150 αἴτιος

192 3177 513 3233 καθίστασαι
540 3179 584 3243 ⁵,
607 3176 682 3242 ὡς
722 3179 786 3231 σὺ
824 3178 976 3249 παρά
1008 3181 1224 3233 πάντων
1266 3173 1572 3239 πιστευθεὶς
1609 3179 1745 3246 ἀμε-

193 3269 391 3338 ρίμνως
431 3268 532 3338 τὴν
558 3267 902 3338 κυϐέρνησιν.
933 3264 1082 3321 Εἶδον
1110 3270 1327 3339 ἰατροὺς
1365 3267 1442 3338 τῷ
1481 3268 1746 3338 ἀρρώστῳ

191 3357 282 3419 τὰς
307 3358 486 3420 αἰτίας
513 3357 588 3427 μὴ
615 3357 1066 3428 προμηνύσαντας
1088 3373 1102 3388 ·
1134 3357 1229 3410 καὶ
1263 3357 1283 3388 ⁸
1321 3356 1499 3426 μέντοι
1528 3357 1592 3408 ἐκ
1619 3355 1741 3408 τού-

188 3468 276 3504 του
307 3451 538 3513 καὶτοῖς
578 3449 843 3516 νοσοῦσιν,
872 3452 964 3503 καὶ
995 3452 1224 3517 ἑαυτοῖς,
1255 3450 1422 3504 πολὺν
1460 3451 1549 3504 τὸν
1578 3449 1741 3502 κόπον

188 3543 276 3595 καὶ
300 3546 400 3614 τὴν
434 3542 726 3613 συντριεὶὴν
763 3543 1196 3614 προξενήσαντας
1225 3541 1273 3572 ⁷·
1302 3541 1529 3595 καθόσον
1555 3542 1584 3592 ὁ
1615 3557 1741 3610 προ-

1841 3375 1901 3414 es
1933 3371 2144 3426 auctor,
2181 3371 2241 3416 ut
2270 3364 2356 3417 cui
2388 3379 2493 3417 una
2522 3363 2768 3417 onmium
2801 3363 3068 3417 sententia
3131 3364 3396 3432 gubcrna-
3481 3429 3486 3435 _

1842 3453 2022 3508 culum
2071 3457 2274 3524 optima
2333 3456 2436 3510 [ide
2488 3455 2560 3510 sit
2598 3455 2971 3510 commissum.
3014 3453 3128 3508 Vidi
3161 3456 3396 3510 medicos

1843 3549 1935 3617 qui
2006 3549 2308 3604 laborantes
2361 3550 2428 3604 de
2480 3551 2719 3621 periculo
2764 3550 2939 3605 serius
3000 3551 3393 3605 admonerent:

186 3633 350 3698 εστὼς
373 3635 476 3706 τήν
505 3651 564 3686 τε
597 3635 704 3687 τῶν
729 3634 1004 3705 ὑπηκόων,
1042 3636 1144 3704 τήν
1183 3650 1242 3686 τε
1273 3633 1382 3685 τῶν
1413 3631 1695 3704 πόρρωθεν
1717 3633 1736 3662 ⁸

1842 3640 1982 3695 unde
2009 3640 2230 3706 factum,
2267 3651 2324 3695 ut
2353 3658 2490 3711 aeger
2514 3643 2666 3711 juxta
2696 3657 2759 3695 ac
2785 3643 3025 3697 medicus
3067 3644 3117 3696 in
3148 3643 3394 3697 ultimum

185 3727 360 3779 πίστιν
408 3726 550 3797 πρὸς
581 3727 740 3779 αὐτὸν
776 3727 972 3798 πολλὴν
1000 3727 1273 3788 θεάσεται,
1318 3725 1456 3777 κατά
1488 3725 1739 3776 τοσοῦτον

182 3819 357 3872 λοιπὸν
404 3818 599 3870 ἑαυτὸν
626 3819 774 3888 πάσῃ
806 3820 1020 3888 φυλακῇ
1060 3819 1349 3889 τηρήσοιεν
1380 3819 1422 3871 θ.
1457 3817 1544 3868 Ἐν
1576 3818 1739 3869 πᾶσιν

181 3903 258 3971 οἷς
292 3927 351 3962 τε
381 3910 612 3981 πράττει
660 3911 753 3961 καὶ
778 3909 1098 3978 φθέγγεται,
1129 3907 1414 3976 γινώσκων
1439 3907 1513 3968 ὡς
1543 3907 1737 3968 πάντες

180 4001 254 4058 εἰς
279 4000 442 4053 αὑτὸν
475 3999 554 4062 ὡς
581 3996 660 4062 εἰς
684 4001 990 4070 ἀρχέτυπον
1014 3999 1200 4052 εἰκόνα
1241 3999 1514 4068 βλέπουσι,
1549 3997 1643 4049 καὶ
1668 3997 1738 4049 τά

179 4092 302 4162 παρ’
346 4091 516 4146 αὐτοῦ
536 4094 616 4155 εἰς
647 4092 790 4163 ὅρον,
823 4092 916 4144 καὶ
945 4091 1107 4160 νόμον
1137 4089 1460 4158 λογίζονται.
1494 4090 1731 4158 Ποιμένα

177 4182 421 4254 ἀληθινὸν
445 4182 718 4249 ἀποδείξει
750 4183 938 4251 ἀγάπη
959 4198 974 4211 ο
994 4181 1060 4234 δι’
1087 4183 1306 4251 ἀγάπην
1335 4180 1442 4251 γὰρ
1469 4181 1497 4233 ὁ
1530 4181 1730 4251 ποιμὴν

176 4275 490 4348 ἐσταυρώθη
514 4277 578 4332 ¹⁰.

1833 3730 2122 3785 discrimen
2150 3732 2340 3785 salutis
2365 3732 2676 3813 inciderent.
2711 3732 2916 3786 Eadem
2966 3744 3049 3788 est
3106 3735 3244 3787 ratio
3300 3749 3395 3801 pa-

1833 3821 2020 3885 storis,
2077 3822 2166 3889 qui
2195 3823 2238 3874 si
2283 3822 2363 3874 vel
2393 3823 2497 3876 sibi
2545 3825 2867 3889 parentium,
2901 3825 2980 3876 vel
3006 3823 3220 3876 aliunde
3246 3825 3309 3876 ad
3335 3840 3394 3877 se

1833 3914 1851 3982 (
1879 3915 2068 3968 salutis
2097 3931 2263 3968 causa
2293 3913 2310 3982 )
2347 3915 2720 3969 ventitantinm
2751 3917 2908 3969 tidem
2925 3931 3048 3985 erga
3099 3930 3157 3967 se
3201 3916 3388 3982 explo-

1833 4016 2004 4058 ratam
2030 4005 2298 4070 babuerit,
2327 4015 2475 4060 tanto
2497 4007 2754 4060 attentius
2785 4007 2964 4060 omnia
2987 4007 3121 4061 dicta
3147 4005 3390 4074 factaque

1838 4109 1936 4148 sua
1960 4096 2268 4151 observabit
2297 4117 2309 4152 :
2352 4109 2534 4154 certus
2561 4098 2806 4152 omnium
2835 4099 3022 4154 oculos
3072 4099 3389 4165 animosque

1835 4187 1890 4240 in
1917 4203 1974 4242 se
2008 4189 2157 4243 velut
2189 4191 2468 4260 exemplar
2493 4200 2547 4244 et
2573 4191 2861 4261 imaginem
2894 4192 3104 4244 virtutis
3131 4192 3384 4250 intentos,

1835 4279 2107 4350 vitamque
2141 4297 2293 4336 suam
2325 4290 2378 4336 et
2397 4296 2595 4348 mores,
2620 4283 2689 4336 ab
2710 4284 2960 4337 omnibus
3000 4283 3052 4335 in
3081 4282 3382 4349 exetnplnm

177 4372 328 4431 trahi.
347 4382 403 4424 et
431 4386 533 4441 pro
569 4371 692 4426 vita:
722 4386 910 4424 norma
943 4370 1167 4440 legeque
1194 4367 1378 4424 haberi
1406 4377 1461 4423 et
1487 4368 1716 4424 censeri.
1751 4367 2029 4429 Pastorem
2081 4391 2264 4430 verum
2324 4376 2562 4431 ostendit
2612 4377 2871 4442 Charitas,
2922 4391 3043 4444 qua:
3087 4376 3381 4444 pl'illcllit‘lll

174 4473 442 4530 pastorqu
476 4463 532 4516 in
560 4477 776 4526 erucem
812 4463 943 4534 egit.

777 4729 1022 4786 ΚΒΦΛΛ.
1059 4734 1148 4799 ς’.

2305 4730 2467 4803 474
2495 4727 2720 4784 CAPUT
2754 4729 2856 4784 vx;

1301 4829 1545 4899 Officium
1568 4826 1792 4895 pastoris
1820 4843 1943 4896 erga
1965 4829 2240 4897 subjectos.

232 4913 424 4982 Δόγοις
447 4913 558 4984 γὰρ
585 4914 791 4988 οἰκειοῦ
813 4915 882 4969 τὰ
903 4916 960 4968 ἐν
985 4917 1162 4982 ἄλλοις
1193 4919 1270 4988 (l)
1297 4936 1309 4948 ·
1343 4922 1437 4972 καὶ
1466 4920 1526 4971 οὐ
1558 4920 1722 4990 δεήσῃ

1894 4918 2144 4973 Oratione
2194 4917 2340 4971 molli
2405 4933 2532 4973 cura
2555 4919 2679 4973 alia.
2713 4920 2866 4974 Haud
2898 4927 2980 4973 est
3004 4932 3222 4971 necesse
3257 4933 3374 4970 ma-

170 5003 360 5073 πολλῆς
390 5005 576 5067 αἰδοῦς
622 5003 1077 5078 πάντοξτεμΔύπει
1125 5009 1380 5062 νοσοῦντα
1414 5009 1548 5077 πρὸς
1585 5010 1712 5078 χρό-

168 5113 251 5150 νον
280 5071 377 5168 (ἐξ),
412 5097 500 5150 ἵνα
532 5096 605 5166 μὴ
647 5071 1051 5170 μακροχρονίσῃ
1078 5140 1091 5163 ,
1119 5101 1150 5169 ἦ
1181 5071 1473 5172 τελευτήσῂ
1499 5102 1561 5152 ἐκ
1585 5071 1714 5154 ὶὲὶω-

1813 5010 2084 5080 gnam‘bic
2113 5024 2324 5077 semper
2361 4995 2617 5065 adhibere
2646 5011 3027 5066 verecundiam
3073 5017 3167 5062 aut
3220 5025 3372 5066 reve-

1819 5102 2066 5155 rentiam.
2136 5100 2318 5169 Alliige
2374 5118 2576 5171 aegrum
2631 5103 2697 5156 ad
2752 5113 2978 5169 tempus,
3034 5115 3103 5153 ne
3147 5102 3370 5160 morbus

168 5185 267 5256 πῆς
294 5187 589 5258 ἐπαράτου.
623 5184 812 5238 Πολλοὶ
848 5188 914 5255 τῇ
939 5192 1113 5258 σιωπῇ
1143 5189 1236 5241 τοῦ
1267 5190 1592 5258 κυϐερνήτου
1617 5209 1715 5244 κα-

1835 5201 2183 5254 nveterescat,
2249 5201 2343 5245 aut
2401 5209 2541 5263 aeger
2569 5209 2634 5247 ex
2667 5191 2962 5247 detestabili
3017 5193 3235 5246 silentio
3273 5206 3366 5246 tuo

169 5273 267 5338 λῶς
296 5279 480 5330 πλέειν
519 5275 919 5346 ὑπελάμϐανον,
971 5277 1074 5337 ἕως
1114 5273 1174 5333 οὗ
1203 5280 1279 5349 τῷ
1316 5279 1505 5349 βραχεί
1543 5299 1712 5352 προσ-

171 5365 445 5436 έκρουσαν.
484 5369 698 5422 Παύλου
735 5367 826 5421 τοῦ
869 5369 1100 5437 μεγάλου
1152 5371 1228 5440 τῷ
1259 5371 1506 5440 Τιμοθέῳ
1553 5375 1714 5426 ἀκού-

170 5474 340 5529 σωμεν
360 5463 701 5531 γράφοντος·
743 5462 1007 5532 Exigere
1044 5464 1082 5494 “
1123 5463 1351 5530 αὐτοῖς,
1390 5465 1590 5532 φησὶν,
1619 5472 1712 5521 er)-

232 5619 253 5649 ³
288 5619 528 5689 εὑρίσκει
558 5621 848 5686 παραίτιος
913 5619 1178 5673 ⁶Λίοὸθεν.
1255 5621 1273 5651 ⁷
1312 5619 1688 5688 προεξένησαν.

175 5689 340 5773 στηθιῖ

235 5800 306 5870 (a)
336 5801 486 5857 Prati
517 5803 646 5870 xpit'.
667 5819 784 5873 cap.
825 5805 919 5860 ΠΤ

1812 5297 2012 5355 pereat.
2076 5285 2225 5339 Multi
2279 5298 2496 5358 prOpter
2563 5286 2938 5357 gubernatoris
2961 5287 3272 5355 patientiam
3311 5297 3364 5341 et

1808 5376 2082 5430 silentium
2132 5379 2386 5432 secundis
2448 5393 2507 5433 se
2554 5376 2727 5432 ventis
2803 5378 3021 5442 provehi
3085 5387 3364 5447 putarunt,

1813 5470 1984 5524 donec
2006 5470 2072 5524 ad
2101 5471 2349 5539 scapulas
2376 5473 2720 5535 oll'endercnt,
2740 5480 2793 5525 et
2826 5470 2879 5524 in
2935 5471 3114 5526 brevia
3164 5469 3360 5535 impin-

1816 5621 2032 5686 ἔξωθεν.
2110 5630 2128 5654 ’⁸
2160 5629 2342 5694 τηρεῖν
2363 5627 2581 5692 ὀλκίλει,
2664 5628 2706 5656 ’(³
2738 5628 3090 5694 ἐσταύρωται.
3147 5623 3187 5654 ¹¹
3228 5621 3352 5674 ἐπί-

1879 5808 1946 5870 (oi
1981 5807 2071 5861 lib.
2107 5825 2213 5871 XIX,
2245 5825 2290 5862 c.
2330 5812 2405 5862 ιδ.
