4032 6340
191 369 301 435 “Si

1327 330 1551 429 LIBER
1571 369 1670 427 an
1701 367 2111 429 PAS’I‘OREM.

3216 364 3349 428 118?.

185 483 268 537 καὶ
308 477 589 542 σπουδαίως
629 478 762 549 πρὸς
796 478 1107 550 διόρθωσιν
1154 478 1202 531 εί
1224 478 1280 531 δὲ
1306 480 1527 549 ἐπιμήει
1561 480 1605 509 ¹⁶
1637 480 1713 549 τῇ¹

1821 489 1949 547 goat,
1989 489 2042 533 et
2061 478 2128 532 ad
2158 477 2584 532 emendationem
2612 477 2846 531 inducat.
2874 476 3028 542 Quod
3075 476 3118 529 si
3175 476 3349 530 incor-

184 569 331 640 κακία
369 568 441 639 μὴ
487 566 908 637 διορθούμενος,⁹
935 568 1120 621 τοῦτον
1168 566 1445 621 ἐκδιώκειν
1478 568 1584 621 ἀπὸ
1606 570 1701 636 τῆς

1821 580 1985 625 'ectus
2031 571 2227 624 haereat
2282 571 2337 624 iu
2384 571 2514 623 vitio
2534 580 2585 623 et
2606 570 2806 623 malitia
2841 585 2958 633 sua,
2989 569 3351 623 exterminan-

185 661 532 729 ἀδελφότητος,
557 659 647 711 ἵνα
677 658 750 731 μὴ
771 659 864 712 καὶ
894 658 1019 722 τοὺς
1056 659 1273 722 λοιποὺς
1300 659 1668 728 καταστρέψῃ.

818 839 1031 894 Ἄλλο.

242 930 366 1000 Περὶ
397 929 631 1001 ἑκάστης
659 931 829 1001 ἀρχῆς
878 933 1078 1000 μικρᾶς
1132 947 1191 983 τε
1224 929 1320 984 καὶ
1349 930 1589 998 μεγάλης
1614 927 1707 995 γέ-

182 1036 424 1091 γραπται,
452 1022 539 1075 ἵνα
580 1022 693 1083 τοῖς
719 1022 1068 1088 τεταγμένοις
1096 1020 1582 1091 διαμαρτύρωνται,
1616 1017 1709 1069 καὶ

186 1110 252 1181 μὴ
296 1113 687 1179 παρασιωπῶσι
736 1113 807 1165 τὰ
836 1111 1038 1167 τούτων
1094 1112 1408 1180 πταίσματα
1456 1111 1625 1180 μικρά
1652 1125 1709 1160 τε

183 1204 268 1255 καὶ
293 1203 510 1273 μεγάλα.
542 1205 638 1257 καὶ
662 1206 690 1256 ὁ
720 1204 818 1271 μὲν
848 1203 1046 1274 ἰσχύων
1070 1203 1295 1271 ἐκκόψαι
1317 1203 1377 1255 τὸ
1402 1201 1589 1261 κακὸν,
1620 1199 1710 1250 καὶ

182 1292 271 1344 οὐκ
304 1292 540 1361 ἐκκόψει,
568 1293 634 1345 ἐκ
678 1293 772 1346 τοῦ
809 1292 1274 1363 διαμαρτύρασθαι
1316 1292 1375 1343 οὐ
1422 1289 1709 1360 λυτροῦται

184 1382 270 1448 τῆς
289 1381 657 1449 κατακρίσεως
678 1398 693 1411 ·
720 1384 748 1433 ὁ
772 1382 830 1435 δέ
866 1382 940 1452 μὴ
975 1381 1170 1451 ἰσχύων
1192 1419 1208 1443 ,
1252 1379 1388 1433 άλλά
1415 1379 1712 1449 διαμαρτυ-

186 1469 416 1537 ράμενος.
447 1471 540 1522 καὶ
563 1471 637 1540 μὴ
664 1472 1082 1541 ύπακουὸμενος,
1106 1466 1257 1535 οὗτος
1282 1471 1378 1541 μὲν
1396 1470 1495 1539 τὴν
1522 1468 1711 1521 ἑαυτοῦ

184 1558 341 1630 ψυχὴν
366 1561 478 1630 ῥύει
499 1578 512 1590 ·
544 1564 593 1615 oi
619 1562 675 1614 δὲ
702 1564 760 1615 τὸ
787 1563 953 1615 κακὸν
978 1563 1303 1633 πράττοντες
1332 1563 1389 1614 ἐν
1409 1559 1556 1629 αύτῷ
1578 1561 1712 1611 ἁπο-

187 1650 445 1706 Θανοῦνται
468 1669 485 1687 ο
516 1655 721 1725 ἑκάστη
748 1655 800 1708 δὲ
832 1657 971 1725 ἁρχὴ
1013 1657 1320 1707 ἀπαιτεῖται
1345 1649 1712 1722 διαμαρτύρα·

190 1741 320 1803 σθαι,
369 1744 461 1796 καὶ
505 1748 621 1806 τοῖς
670 1744 843 1815 ὀρθῶς
897 1745 1279 1814 πορευομένοις
1332 1743 1405 1813 μὴ
1438 1743 1710 1801 ἐκπεσεῖν,

1802 661 1905 713 dus
1937 670 2080 717 este
2113 661 2469 715 contubernio
2496 659 2743 725 fratrum,
2792 676 2858 714 ne
2908 660 3141 727 reliquos
3191 660 3352 713 etiam

1803 758 2095 819 pervertat.

2487 840 2664 892 Aliud.

1881 928 1952 985 De
1982 929 2128 983 omni
2159 930 2473 1001 magistratu
2508 946 2602 984 seu
2636 944 2829 999 magno
2858 945 2950 984 seu
3001 943 3166 998 parvo
3216 928 3353 981 scri-
3410 936 3414 949 '

1807 1028 1956 1088 ptum
2012 1031 2115 1084 est,
2177 1030 2235 1074 ut
2293 1021 2550 1089 subjectis
2583 1022 2774 1075 delicta
2810 1038 2905 1075 sua
2953 1037 3045 1075 seu
3071 1037 3229 1088 parva
3261 1036 3355 1074 seu

1809 1127 1997 1180 magna
2022 1128 2141 1166 cum
2172 1113 2527 1169 obtestatione
2550 1113 2887 1176 denuntient,
2914 1123 2966 1167 ct
2995 1114 3137 1165 nulla
3194 1112 3357 1165 silen-

1810 1204 1885 1256 tio
1925 1193 2315 1258 transmittant.
2363 1206 2464 1270 Qui
2512 1205 2655 1265 enim
2692 1206 2889 1259 malum
2921 1204 3233 1257 exscindere
3262 1217 3357 1273 po-

1810 1303 1937 1359 test,
1966 1306 2017 1348 et
2052 1310 2158 1348 non
2185 1296 2471 1362 exscindit,
2503 1312 2605 1350 non
2632 1298 2818 1351 evadet
2845 1296 3239 1350 damnationem
3288 1294 3358 1347 ob

1810 1387 1978 1440 solam
2008 1388 2445 1443 obtestationem.
2482 1390 2634 1455 Quod
2666 1389 2708 1443 si
2739 1389 3025 1442 einendarc
3051 1405 3154 1441 nou
3211 1394 3359 1455 pote-

1811 1477 1901 1540 rit,
1968 1485 2021 1532 et
2080 1490 2390 1547 peccantem
2439 1491 2614 1534 tamen
2654 1480 2970 1543 obtestetur,
3003 1489 3054 1532 ct
3082 1495 3112 1532 a
3143 1486 3360 1548 peccato

1811 1569 2148 1635 dehortetur,
2185 1573 2275 1625 scd
2303 1573 2390 1627 ille
2419 1574 2615 1629 surdus
2654 1588 2759 1625 non
2799 1580 3000 1640 pareat,
3032 1571 3119 1624 hic
3183 1572 3360 1639 (prte-

1814 1664 1949 1728 ses)
2009 1661 2242 1715 animam
2290 1676 2443 1715 suam
2508 1664 2718 1724 liberat,
2779 1662 2872 1716 sed
2903 1661 3274 1729 delinquentes
3305 1660 3356 1712 iu

1814 1759 2031 1819 peccato
2087 1768 2189 1806 suo
2244 1754 2574 1817 morientur;
2607 1794 2619 1807 .
2675 1754 2756 1807 Ab
2806 1768 3131 1823 unoquoque
3180 1761 3356 1805 autem

186 1833 311 1894 ἐπεὶ.
339 1834 431 1887 ἐάν
454 1853 539 1899 τις
561 1837 627 1889 ἐκ
648 1836 755 1888 τῶν
781 1837 1227 1906 ὑποτεταγμένων
1249 1837 1470 1890 δικαίων
1491 1832 1715 1902 ἐκπέσῃ,

1827 1841 2068 1910 principe
2090 1858 2183 1896 seu
2217 1846 2529 1913 magistratu
2555 1846 2805 1913 exigitur,
2846 1854 2903 1897 ut
2932 1853 2987 1897 et
3024 1854 3165 1897 recte
3195 1844 3244 1894 in
3277 1844 3358 1895 via

185 1925 238 1977 οὐ
268 1927 709 1997 προεμαρτύρατο
727 1928 784 1981 δὲ
815 1928 981 1998 αύτῷ,
998 1932 1027 1982 ὁ
1054 1918 1330 1998 προτεύων
1355 1930 1525 1997 κρῖμα
1556 1925 1717 1993 λήψε-

186 2030 285 2068 ται.

1819 1932 2157 1987 ambulantes
2202 1934 2514 1987 adhortetur
2573 1944 2625 1987 et
2666 1938 2984 1999 obtestetur,
3019 1948 3085 1986 ne
3114 1934 3362 1986 deliciant

1818 2028 1914 2072 aut
1953 2020 2223 2075 excidant.
2286 2020 2382 2074 Ubi
2447 2031 2623 2074 autem
2689 2022 2953 2089 quispiam
2999 2036 3061 2073 ex
3102 2020 3362 2087 subjectis

185 2107 276 2173 piis
325 2117 377 2160 et
416 2106 585 2177 jostis
624 2106 903 2173 exciderit.
967 2121 1074 2161 non
1103 2106 1252 2176 prius
1309 2120 1342 2159 a
1395 2088 1495 2160 suo
1545 2102 1774 2173 praeside
1819 2106 1886 2162 de
1931 2110 2170 2176 periculo
2200 2111 2502 2164 admonitus
2534 2088 2731 2179 praeses
2764 2088 2875 2178 ipse
2897 2110 3155 2179 judicium
3201 2109 3364 2163 susti-

188 2197 340 2251 uehit.

810 2318 854 2368 Σ
856 2316 1083 2382 χόλων.

258 2402 381 2456 ’Δπδ
400 2403 703 2474 ἀρχιερέων
729 2405 821 2456 καὶ
852 2403 1110 2472 βασιλέων
1132 2402 1223 2456 καὶ
1254 2401 1363 2455 τῶν
1392 2401 1590 2454 λοιπῶν
1613 2402 1715 2464 ἕως

185 2491 422 2556 εὐτελοῦς
458 2496 711 2563 πένητος,
729 2486 803 2545 ὧν
825 2493 1122 2558 ἐξουσιάζει
1151 2494 1459 2546 ἀπαιτεῖται
1487 2493 1715 2563 διαμαρ-

186 2582 434 2653 τύρασθαι
460 2585 602 2636 κατὰ
629 2584 726 2653 τὴν
765 2583 953 2636 ἐαυτοῦ
990 2584 1213 2654 δύναμιν
1247 2584 1490 2648 ἕκαστος,
1521 2586 1580 2637 ού
1617 2584 1713 2654 μό-

185 2687 267 2722 νον
292 2674 398 2734 tot;
419 2672 698 2736 ἀτάκτοις,
728 2672 862 2726 ἀλλὰ
890 2674 980 2725 καὶ
1000 2675 1110 2735 τοῖς
1141 2674 1430 2745 ἐναρέτοις,
1462 2675 1519 2726 οὐ
1558 2674 1713 2743 μόνον

187 2760 314 2828 ὑπὲρ
336 2763 583 2833 πράξεων
613 2764 886 2825 ἐναντίων,
931 2764 1065 2818 ἀλλὰ
1111 2767 1205 2818 καὶ
1233 2766 1444 2833 φαύλων
1481 2766 1714 2837 ἐνθυμή-

187 2865 313 2905 σεων
342 2851 390 2902 οἱ
420 2854 681 2921 ἄρχοντες
704 2853 810 2906 τῶν
831 2854 1102 2923 ὑπηκόων,
1132 2855 1541 2925 ὑπεεκύχεσθαι,
1575 2857 1712 2911 κατὰ

186 2938 270 2992 ’δν
304 2938 440 3006 ἰὼ6,
471 2941 795 3009 ὀφείλουσιν.

775 3418 1017 3472 ΚΕΦΑΔ.
1060 3420 1131 3472 Z'.

2476 2306 2741 2362 Scholion.

1889 2394 1971 2450 Ab
1996 2392 2259 2467 episcopis
2286 2409 2339 2453 et
2359 2401 2572 2469 regibus
2593 2419 2656 2456 ac
2684 2402 2890 2456 (ueteris
2913 2415 3083 2471 usque
3102 2402 3167 2455 ad
3194 2409 3365 2455 extre-

1819 2500 1964 2539 mum
2020 2501 2307 2556 pauperem
2366 2493 2417 2543 in
2465 2508 2601 2559 quos
2670 2501 2982 2561 potestatem
3015 2494 3194 2554 habet,
3226 2493 3363 2545 ratio

1816 2576 2057 2643 exigetur
2082 2578 2148 2632 de
2176 2579 2280 2644 his,
2306 2590 2363 2633 ut
2389 2596 2484 2648 pro
2513 2597 2613 2635 sua
2656 2583 2884 2650 quisque
2937 2582 3186 2637 facultate
3233 2598 3363 2637 suos

1817 2665 2132 2722 adhortetur
2188 2679 2241 2723 et
2288 2671 2602 2735 obtestetur,
2639 2690 2741 2727 uon
2776 2675 3046 2743 improbos
3076 2684 3280 2727 tantum
3310 2664 3367 2728 et

1815 2754 2041 2819 solutos.
2095 2761 2187 2813 sed
2235 2764 2430 2830 probos
2482 2765 2642 2817 etiam
2670 2780 2762 2818 seu
2788 2766 2877 2832 qui
2911 2781 3031 2819 cum
3061 2767 3254 2820 virtute
3284 2766 3363 2819 vi-

1816 2860 1963 2905 vunt.
1993 2851 2108 2908 Non
2140 2856 2312 2909 solum
2360 2858 2503 2911 enim
2534 2874 2599 2913 ex
2666 2861 2930 2914 sententia
2984 2860 3101 2915 Jobi
3161 2860 3360 2928 princi-

1817 2942 1973 3009 pibus
2002 2959 2095 2999 seu
2143 2950 2544 3017 magistratibus
2574 2953 2911 3019 precandum
2957 2965 3055 3021 pro
3105 2952 3363 3021 improbis

1819 3035 2093 3089 hominum
2148 3038 2322 3105 factis,
2375 3042 2467 3096 sed
2516 3044 2927 3113 cegitationibos
2987 3045 3146 3098 etiam
3201 3045 3362 3099 malis

1739 3118 1782 3174 (ἲ.
1816 3124 2181 3192 subjectorum
2204 3131 2592 3199 deprecandum
2638 3143 2737 3187 est.

2309 3432 2465 3504 [.77
2518 3435 2664 3489 car.
2698 3422 2811 3489 γη.

1120 3526 1350 3596 Subjecti
1372 3545 1465 3597 pro
1488 3532 1809 3599 ingeniorum
1841 3541 2091 3593 varietate
2125 3545 2409 3595 tractandi.

245 3637 435 3694 Σκοπῶ
468 3637 527 3692 δέ
556 3640 791 3703 κάκεῖνο,
819 3640 951 3711 ὅπερ
978 3643 1147 3715 παρὰ
1200 3643 1409 3707 πολλοῖς
1454 3645 1722 3716 εὐγνώμο-

185 3746 261 3783 σιν
312 3731 614 3801 ἀρρώστοις
654 3726 789 3783 εἶδον
833 3732 1146 3800 γινόμενον·
1194 3735 1288 3804 τὴν
1348 3739 1452 3806 γάρ
1519 3737 1722 3789 ἐαυτῶν

183 3819 369 3874 δειλίαν
397 3823 493 3874 καὶ
524 3821 800 3873 ἀσθένειαν
835 3822 1198 3891 ἐπιστάμενοι,
1228 3826 1318 3876 καὶ
1343 3827 1415 3895 μὴ
1473 3826 1724 3895 βουλομέ-

184 3927 299 3973 νους
308 3912 433 3974 τοὺς
451 3910 937 3980 ἰατροὺςδεσμῆσαι
952 3911 1163 3974 αὐτοὺς,
1187 3915 1276 3965 καὶ
1293 3916 1516 3985 ἑκουσίῳ
1540 3917 1723 3983 piguit:-

186 4000 398 4070 τρεῦσαι
426 3999 796 4069 ἐδυσὼπησαν.
825 3999 915 4052 Διὸ
949 4000 1010 4053 τὸ
1052 4001 1151 4071 μὲν
1182 4001 1394 4069 πνεῦμα
1424 4006 1720 4074 πρόθυμον,

183 4092 264 4143 διά
300 4093 399 4162 τὴν
429 4090 729 4161 μέλλουσαν
765 4089 982 4143 ἐλπίδα*
1020 4092 1053 4161 ἠ
1084 4091 1141 4143 δὲ
1175 4091 1308 4163 σάρξ
1331 4094 1581 4159 ἀσθενὴς,
1639 4094 1724 4146 διὰ

184 4183 275 4244 τὰς
305 4170 680 4253 meum”;
712 4182 1013 4252 προλείψεις
1060 4183 1124 4238 ⁸⁷.
1180 4184 1318 4251 Ἐγὼ
1344 4185 1400 4236 δὲ
1448 4186 1723 4256 ἑωρακὼς,

183 4272 459 4326 πείθεσθαι
485 4272 609 4334 τοὺς
628 4272 837 4342 ἰατροὺς
865 4273 1204 4344 ἐδυσὼπησα.
1223 4275 1353 4328 Οὐδὲ
1378 4278 1538 4329 πᾶσιν
1563 4278 1591 4328 ὁ
1637 4277 1725 4330 ὀδ-

182 4363 309 4433 ηγδς
330 4361 526 4433 στενὴν
556 4363 653 4416 καὶ
678 4362 1035 4433 τεθλιμμένην
1071 4366 1523 4437 προσερχομένοις
1554 4367 1729 4436 λέγειν

182 4454 407 4521 ὀφείλευ
463 4451 587 4505 οὐδὲ
648 4453 752 4522 μὴν
788 4454 1006 4523 ἑκάστῳ
1039 4455 1129 4507 τὸν
1160 4455 1321 4521 ζυγὸν
1352 4456 1600 4530 ,χρηστὸν
1626 4458 1721 4510 καὶ

185 4544 241 4596 τὺ
272 4542 493 4615 φορτίον
522 4541 769 4611 ἐλαφρόν.
824 4543 1048 4594 Σκοπείν
1075 4544 1130 4595 δὲ
1164 4546 1361 4613 μᾶλλον
1416 4548 1509 4598 καὶ
1560 4564 1728 4617 προσ⁴

156 4706 157 4709 η
186 4635 329 4701 φυῶς
356 4632 621 4703 ἁρμόζειν
646 4631 715 4685 τά
744 4632 1024 4702 φάρμακα.
1072 4635 1193 4696 Tot;
1242 4636 1336 4703 μὲν
1382 4639 1444 4688 ἐκ
1482 4638 1727 4705 χαλεπῶν
1758 4687 1765 4693 .

186 4717 714 4788 καταϐεϐαρυμένοις
735 4718 1160 4788 ἁμαρτημάτων,
1208 4722 1300 4773 καὶ
1337 4722 1570 4790 εὐχερῶς
1593 4724 1726 4793 πρὸς

184 4811 279 4880 τὴν
327 4810 640 4876 ἀτώγνωσιν
671 4807 869 4878 ἔχουσι,
897 4808 957 4863 τὸ
994 4808 1241 4879 δεύτερον
1262 4828 1276 4841 ’
1308 4814 1416 4873 τοῖς
1453 4812 1508 4863 δὲ
1566 4814 1727 4865 πάλιν

1894 3634 2021 3687 Illud
2073 3651 2286 3705 quoque
2338 3637 2595 3706 intelligo,
2638 3641 2831 3708 quoda
2857 3641 3177 3709 quibusdam
3208 3644 3367 3709 bona

1823 3725 2037 3786 mentis,
2063 3727 2153 3778 sed
2182 3726 2385 3780 allectis
2410 3738 2462 3781 et
2492 3728 2719 3782 inﬁrmis
2757 3729 3017 3799 religiosis
3065 3731 3361 3786 factitatum

1824 3814 1949 3878 vidi,
1981 3817 2071 3881 qui
2122 3831 2233 3869 sua:
2258 3816 2357 3868 sibi
2387 3817 2763 3872 imbecillitatis
2790 3834 2853 3874 ac
2888 3821 3095 3875 timoris
3135 3823 3361 3886 conscii,

1825 3906 2089 3958 medicum
2144 3907 2208 3957 ad
2263 3908 2482 3959 vulnera
2539 3908 2889 3975 trepidantem
2958 3911 3099 3963 ultro
3165 3912 3361 3966 hortati

1823 3998 1969 4054 sunt,
1996 3991 2071 4043 uti
2109 3991 2457 4056 vincirentur,
2492 4002 2545 4048 et
2569 4010 2661 4063 per
2691 3996 2796 4049 vim
2839 4009 3190 4051 curarentur:
3219 4001 3362 4069 quod

1824 4080 2070 4147 spiritum
2105 4082 2320 4150 quidem
2346 4084 2415 4137 ob
2439 4098 2585 4154 spem
2617 4085 2811 4140 futura:
2834 4089 2954 4141 vita:
3010 4101 3312 4159 promptum
3345 4110 3361 4156 ;

1823 4186 2039 4226 carnem
2103 4182 2277 4227 autem
2346 4184 2561 4245 propter
2601 4187 2846 4247 expertas
2868 4190 2988 4234 ante
3016 4180 3362 4251 defectiones,

1827 4260 2093 4315 inlirmam
2149 4265 2400 4317 sentiant.
2451 4264 2563 4334 Ego
2592 4282 2717 4320 vero
2753 4282 2876 4321 cum
2904 4268 3003 4321 hoc
3023 4268 3363 4322 animadver-

1828 4364 2015 4418 terent,
2072 4356 2330 4423 medicos,
2380 4367 2439 4412 ut
2486 4359 2537 4412 id
2568 4359 2666 4412 sibi
2697 4359 3001 4427 persuaderi
3033 4369 3363 4427 paterentur,

1828 4444 2029 4499 induxi.
2062 4446 2376 4501 Animorum
2415 4449 2522 4502 dux
2552 4458 2604 4502 et
2630 4449 2931 4503 moderator
2958 4465 3058 4505 nec
3112 4451 3363 4506 omnibus

1828 4537 2125 4605 religiosam
2156 4542 2316 4590 vitam
2356 4530 2852 4606 complectentibus,
2924 4540 3063 4593 viam
3118 4558 3361 4609 asperam

1826 4639 1878 4680 et
1932 4636 2213 4696 angustam
2266 4628 2583 4702 plenamque
2619 4629 3000 4684 acerbitatibus
3030 4647 3150 4685 esse
3179 4640 3359 4684 osten-

1826 4717 1953 4781 det;
2020 4731 2119 4769 nec
2166 4726 2354 4769 contra
2396 4717 2621 4785 singulis
2646 4718 2832 4786 jugum
2865 4720 3077 4774 Domini
3097 4734 3278 4782 suave,
3308 4728 3363 4772 et

1828 4818 1965 4857 onus
2020 4802 2180 4866 leve;
2219 4802 2308 4854 sed
2370 4803 2642 4872 ingenium
2684 4806 2946 4875 cujusque
2975 4804 3277 4869 estimabit,
3307 4814 3361 4860 et
3400 4826 3401 4829 η

185 4901 319 4970 πρὸς
358 4901 421 4952 τὸ
438 4898 642 4968 ὑψηλὸν
674 4899 765 4951 καὶ
787 4899 1101 4968 οίηματικὸν
1129 4900 1377 4969 φρόνημα
1402 4900 1637 4954 κλίνουσι
1660 4903 1720 4968 η,

1826 4892 2135 4947 medicinam
2157 4891 2220 4943 ad
2243 4900 2446 4947 natura:
2477 4896 2755 4965 morbique
2781 4913 2945 4967 genus
2971 4894 3357 4962 attemperabit.

187 4989 487 5063 τὸπρῶτον
526 4987 777 5058 ἁρμόδιον
825 4987 1130 5058 φάρμακον.
1179 4988 1220 5039 Τ
1226 4988 1329 5050 ινές
1350 4988 1462 5040 ὁδὸν
1528 4988 1726 5041 ὁδεύειν

190 5082 405 5149 μακρὰν
460 5080 672 5150 ἔχοντες
720 5079 787 5146 ³⁸,
840 5080 933 5131 καὶ
957 5080 1322 5149 ἐρωτήσαντες
1385 5079 1505 5141 τοὺς
1564 5079 1725 5145 τινώ-

190 5186 438 5235 σδωντας.
498 5170 711 5224 εὐθεῖαν
758 5169 957 5240 ταύτην
1004 5170 1096 5222 καὶ
1152 5170 1318 5229 λείαν,
1374 5170 1466 5222 καὶ¹
1518 5169 1729 5223 ἀκίνδυ-

187 5276 274 5311 νον
297 5260 432 5329 παρ’
454 5259 641 5313 ἀὐτῶν
665 5254 803 5312 εἶναι
833 5260 1097 5328 ἀκηκόασι
1120 5276 1134 5289 ·
1160 5261 1250 5312 καὶ
1285 5259 1464 5328 μέντοι
1493 5261 1559 5328 τῇ
1592 5262 1727 5327 ἁκοῇ

189 5349 555 5416 χαυνιιιιθὲντες
604 5348 738 5419 πρὸς
781 5349 876 5419 τὴν
917 5350 1221 5419 ὁδοιπορίαν
1286 5350 1411 5419 περὶ
1468 5347 1536 5402 τὰ
1588 5348 1729 5416 μέσα

260 5522 295 5596 ἱ,
332 5522 538 5589 Ειεοιι,
564 5539 648 5607 ιιι,
682 5525 767 5580 19.

262 5679 309 5716 ⁸⁸
345 5678 496 5745 ῑσως
519 5677 809 5747 ἐπιμειδιῇ,
830 5679 868 5747 ἣ
893 5677 1163 5749 ἐπιμείνῃ,
1186 5675 1222 5746 ἣ
1241 5678 1505 5747 ἐπιμένει.

1582 5675 1619 5706 ¹⁷
1656 5673 1968 5747 προλήψεις.
2044 5677 2086 5710 ³⁸
2106 5676 2344 5745 ρἆουσι.

1827 4980 2031 5035 Etenim
2062 4990 2402 5048 peccatorum
2438 4983 2731 5054 ingentium
2788 4985 3017 5053 pondere
3066 4983 3358 5052 depressis,

1830 5083 1884 5127 et
1946 5071 2011 5124 ad
2061 5072 2479 5140 desperationem
2536 5076 2870 5144 vergentibus
2904 5076 3360 5145 posterius(leni-

1827 5162 1970 5226 tatis,
2002 5162 2218 5230 inquam
2243 5202 2259 5227 ,
2290 5163 2636 5232 pharmacum
2669 5168 2687 5235 )
2746 5164 3037 5217 adhibebit.
3098 5165 3357 5221 Sublimia

1826 5268 1954 5310 vero
1989 5252 2341 5323 cogitantibus
2371 5266 2422 5309 et
2458 5256 2619 5309 nimis
2662 5255 2767 5308 alta
2828 5256 3154 5324 sapientibus
3211 5258 3358 5325 prius

1828 5346 2119 5400 amuletum
2175 5344 2702 5400 accommodandum.
2742 5343 2994 5401 Nonnulli
3031 5348 3241 5418 longam
3275 5346 3356 5399 in-

2423 5680 2464 5711 "
2491 5677 2787 5745 μέλλοντες.
