4032 6340
698 402 834 470 1183

1902 418 1961 477 S.
1994 418 2310 480 JOANNIS
2363 420 2663 481 CLIMACI

3748 404 3893 482 nst'

696 534 933 590 gressurt
959 536 1122 588 Viam,
1169 525 1465 591 percontati
1494 541 1633 597 quos
1660 528 1759 583 via:
1793 545 1994 598 gnarus
2055 532 2240 587 ιιι-θύο-

2341 534 2562 606 ταύτης,
2594 533 2628 603 ἢ
2661 534 3055 601 ἐκινδύνευσαν,
3090 538 3132 606 ,ἦ
3154 540 3245 590 καὶ
3274 528 3638 609 ὑπέστρεψαν,
3664 536 3882 605 ἀπαρα-

696 610 847 676 bant,
876 626 997 666 cum
1027 613 1094 667 ab
1126 613 1194 669 iis
1224 618 1424 670 rec‘tam
1453 624 1774 689 planamque
1792 629 1848 675 et
1891 623 1960 677 ab
1989 624 2241 679 omnibus

698 707 868 753 tutam
920 701 1131 757 insidiis
1172 717 1293 757 esse
1351 706 1691 773 didicissent,
1742 724 1805 764 ea
1837 710 2243 769 denuntiatione

697 788 1039 845 remissiores
1065 790 1213 854 lacti,
1248 793 1300 846 in
1327 794 1504 851 medio
1532 812 1672 867 saepe
1696 815 1855 855 cursu
1893 799 2051 856 l'raeti
2093 818 2243 857 sum-

699 892 845 930 mum
909 881 1099 935 salutis
1144 884 1433 940 discrimen
1489 888 1689 956 adiere,
1736 901 1824 944 aut
1849 898 1995 947 certe
2015 893 2240 962 regressi

697 978 843 1032 sunt,
887 972 1030 1040 quod
1089 971 1154 1026 ad
1193 974 1508 1032 alllictiones
1542 979 1846 1035 tolerandas
1872 991 2053 1036 essent
2077 981 2244 1053 478

697 1056 968 1128 imparati.
1018 1060 1215 1119 Contra
1271 1081 1488 1122 rursum
1550 1068 1710 1124 velim
1776 1070 2044 1141 intelligas
2089 1088 2104 1126 :
2145 1072 2237 1127 ubi

697 1144 785 1201 l'ax
812 1151 1014 1207 amoris
1051 1152 1219 1208 divini
1246 1154 1299 1208 iu
1343 1166 1558 1225 pectore
1583 1159 1806 1226 exarsit,
1859 1160 1931 1216 ibi
1956 1161 2241 1217 verborum

696 1238 930 1294 tonitrua
951 1242 1027 1295 nil
1051 1244 1331 1309 territant;
1360 1254 1437 1310 et,
1466 1247 1555 1303 ubi
1585 1258 1763 1304 metus
1784 1250 2052 1305 ultricium
2100 1250 2240 1321 apud

695 1327 899 1387 inferos
946 1333 1282 1389 ﬂammarum
1327 1337 1523 1403 illuxit,
1577 1340 1654 1395 ibi
1704 1340 1950 1396 laborum
1999 1342 2241 1396 omnium

679 1437 909 1484 .summa
958 1426 1236 1494 patientia.
1285 1427 1386 1485 Ubi
1430 1431 1663 1500 denique
1690 1447 1814 1502 spes
1832 1432 1978 1502 regni
2008 1433 2242 1490 cmlcstis

695 1512 936 1584 mulget,
996 1517 1070 1572 ibi
1119 1534 1246 1574 mox
1284 1521 1527 1583 omnium
1552 1538 1730 1577 rerum
1758 1519 2119 1579 humanarum
2154 1541 2242 1580 se-

696 1604 883 1670 quitur
941 1609 1287 1678 contemptio.
1340 1608 1471 1671 Duci
1520 1610 1691 1680 peritu
1751 1612 2112 1682 subiecturum
2163 1611 2239 1666 illi

697 1694 929 1750 militum
976 1697 1143 1752 animi
1171 1708 1226 1754 et
1253 1701 1467 1755 ordines
1498 1701 1666 1771 probe
1691 1712 1817 1767 sunt
1839 1703 2191 1773 pernoscendi
2223 1720 2238 1757 :

698 1787 926 1847 fortasse
984 1791 1151 1848 latent
1194 1794 1249 1847 in
1306 1795 1461 1850 turba
1515 1795 1794 1852 fortissimi
1860 1813 1959 1867 pro
1999 1793 2239 1851 exercitu

2339 624 2623 679 σκεύαστοι
2652 626 2783 696 πρὸς
2804 627 2904 688 τάς
2951 625 3152 697 θλίψεις
3198 628 3540 698 εὑρεθέντεςθ
3563 627 3755 696 ὥσπερ
3789 625 3884 677 xui

2336 714 2399 767 τδ
2422 714 2655 785 ἔμπαλιν
2673 716 2785 770 νόει
2806 733 2916 785 μοι,
2946 717 3079 771 ὅπου
3106 716 3245 788 ἔρως
3274 719 3412 780 θεῖος
3436 716 3614 787 ἥψατο
3633 714 3883 787 καρδίας.

2337 804 2455 858 ἐκεῖ
2504 804 2665 873 φόϐος
2710 806 2969 876 ῥημάτων
2999 807 3096 859 οὐκ
3139 804 3325 877 ἴσχυσε
3346 824 3362 839 ·
3398 809 3492 861 καὶ
3542 809 3679 861 ὅπου
3720 805 3883 875 φόϐος

2337 894 2561 966 γεέννης
2615 896 2901 965 Ξπέφανεν,
2940 899 3054 950 ἐκεῖ
3077 896 3250 951 πόνων
3290 898 3555 952 παντοίων
3609 895 3881 967 ύπομονή.

2339 986 2510 1041 Ὅπου
2537 984 2597 1039 δὲ
2630 985 2903 1056 βασιλείας
2931 987 3085 1051 ἐλπὶς
3106 987 3448 1059 γνωρίζεται,
3474 989 3591 1040 ἐκεῖ
3616 986 3757 1040 ὅλων
3775 986 3885 1039 τῶν

2338 1075 2486 1129 κάτω
2527 1076 2941 1148 καταφρόνησις.
2972 1079 3064 1130 Δεῖ
3087 1077 3178 1131 τὸν
3206 1078 3366 1131 καλὸν
3413 1076 3736 1149 στρατηγὸν,
3782 1076 3884 1145 τὴν

2338 1162 2566 1218 ἑκάστου
2611 1164 2721 1219 τῶν
2751 1164 3064 1237 ἀρχομένων
3092 1168 3279 1222 στάσιν
3340 1169 3438 1222 καὶ
3481 1168 3633 1235 τάξιν
3694 1165 3883 1235 σαφῶς

2338 1255 2656 1310 ἐπίστασθαι
2686 1271 2702 1285 ·
2752 1256 2882 1320 ῐσως
2928 1256 3036 1326 γάρ
3074 1261 3211 1313 εἰσιν
3272 1259 3331 1313 ἐν
3373 1258 3452 1329 τῷ
3508 1257 3705 1327 πλήθει
3741 1255 3884 1317 τινὲς

2340 1347 2437 1400 σὺν
2464 1344 2610 1413 αὐτῷ
2628 1345 2767 1417 ὑπὲρ
2796 1345 2905 1400 τῶν
2937 1349 3347 1418 συστρατιωτῶν
3366 1348 3635 1418 πρόμαχοι
3661 1346 3761 1400 καὶ
3788 1362 3885 1416 p.0-

2337 1435 2562 1507 νομάχοι
2600 1437 2904 1507 ὀφείλοντες
2924 1438 2988 1490 ὲν
3034 1438 3233 1510 ἠσυχίᾳ
3257 1437 3615 1492 καθίστασθαι
3635 1453 3651 1466 ’
3698 1436 3763 1487 οὐ
3796 1434 3885 1487 δύ-

2337 1541 2492 1579 ναται
2556 1524 2715 1594 μόνος
2781 1524 3119 1596 κυϐερνήτης
3154 1524 3321 1596 χωρὶς
3370 1525 3468 1596 τῆς
3514 1523 3622 1579 τῶν
3672 1520 3885 1577 ναυτῶν

2338 1613 2674 1685 συνεργείας,
2732 1616 2830 1684 τὴν
2892 1614 3025 1670 ναῦν
3069 1615 3433 1681 διασώσασθαι
3461 1632 3477 1646 ·
3542 1615 3662 1669 οὐδὲ
3702 1613 3885 1683 ίατρός

2334 1704 2429 1758 τὸν
2465 1702 2738 1774 κάμνοντα
2770 1702 3043 1768 ίάσασθαι,
3072 1704 3121 1757 εί
3150 1703 3226 1775 μὴ
3255 1705 3518 1777 πρότερον
3553 1703 3682 1774 παρ’
3717 1700 3883 1754 αὐτοῦ
3928 1770 3931 1773 Α

2336 1794 2432 1850 τοῦ
2482 1794 2573 1849 διὰ
2625 1794 2987 1865 δυσωπήσεως
3030 1796 3078 1829 ⁸⁸
3131 1795 3225 1849 καὶ
3271 1795 3371 1867 τῆς
3428 1795 3523 1849 τοῦ
3574 1794 3883 1865 τραύματος

697 1896 821 1936 cum
844 1883 961 1952 ipso
989 1895 1412 1955 propugnatores
1429 1895 1484 1943 et
1536 1888 1893 1957 antesignani,
1925 1895 1982 1943 et
2012 1887 2109 1958 qui
2146 1887 2241 1942 ho-

2339 1883 2692 1955 φανερώσεως
2733 1887 3060 1956 προτραπεὶς
3110 1886 3423 1949 ὸλὸπίστως.
3485 1887 3551 1939 οι
3610 1884 3883 1938 αἰδεσθέν-

697 1981 834 2027 stem
874 1973 943 2028 ad
989 1974 1263 2046 singulare
1308 1985 1577 2034 certamen
1640 1979 1877 2034 audeant
1925 1992 2237 2048 provocare,

697 2067 791 2135 qui
846 2069 1063 2140 neglecti
1106 2072 1252 2126 domi
1298 2072 1352 2127 in
1376 2073 1493 2127 otio
1515 2073 1735 2143 degunt.
1772 2082 2110 2143 cessentque.
2135 2070 2242 2127 Na-

2339 1994 2431 2040 τες
2475 1973 2709 2044 ἰατροὺς,
2755 1975 3045 2045 σηπεδόνας
3086 1978 3411 2048 πεποιήκασι
3433 1992 3451 2007 ο
3488 1976 3673 2030 πολλοὶ
3695 1975 3759 2028 δὲ
3796 1974 3887 2028 καὶ

2343 2065 2600 2130 πολλάκις
2624 2065 2964 2134 τεθνήκασιν.

697 2161 929 2217 varchus
978 2154 1182 2233 absque
1232 2174 1520 2219 nautarum
1578 2180 1743 2235 opera
1791 2180 1980 2219 navem
2021 2181 2052 2219 e
2098 2159 2378 2230 naufragio
2440 2172 2548 2211 non
2599 2156 2851 2211 servabit.
2914 2154 3149 2211 Medicus
3209 2156 3397 2212 laesum
3460 2174 3568 2212 non
3634 2156 3869 2220 curabit.

699 2258 805 2312 nisi
836 2266 1091 2328 rogetur,
1126 2258 1283 2327 eique
1332 2258 1530 2313 vulnus
1570 2259 1858 2328 aperiatur,
1912 2266 1968 2312 ct
2017 2264 2127 2311 tota
2176 2248 2468 2308 curationis
2523 2246 2664 2301 ratio
2722 2245 2865 2301 illius
2914 2244 3201 2315 diligentia:
3252 2256 3307 2301 et
3336 2247 3454 2302 lidei
3512 2250 3870 2317 permittatur.

699 2349 888 2415 Quiex
919 2349 1235 2403 verecundia
1277 2333 1499 2403 vulnera
1525 2358 1724 2407 texere.
1766 2363 1978 2404 vermes
2020 2355 2076 2403 et
2140 2354 2241 2401 uult

2337 2359 2358 2398 ε
2424 2342 2625 2402 aluere,
2688 2351 2789 2394 nec
2834 2335 2959 2391 inde
3009 2336 3187 2406 pauci,
3221 2352 3324 2393 nec
3358 2352 3482 2392 raro
3532 2338 3765 2407 periere.

1285 2674 1508 2733 CAPUT
1542 2677 1672 2731 VIII.

2934 2658 3182 2717 ΚΕΦΑΛ.
3206 2658 3291 2714 ιιν.

1414 2789 1654 2845 Pastoris
1680 2786 1978 2840 adhortatio
1999 2786 2215 2840 assidua
2239 2783 2411 2847 utilis,
2434 2780 2550 2849 ejus
2585 2778 2882 2843 submissio,
2924 2776 3117 2847 fastus.

764 2893 823 2951 In
863 2898 1125 2966 pascendo
1149 2915 1308 2969 grege
1346 2901 1601 2971 magister
1630 2904 1841 2971 pecoris
1882 2902 2060 2957 listula
2119 2916 2237 2956 scr-

2403 2895 2733 2968 Νεμομένων
2757 2893 2870 2947 τῶν
2896 2889 3202 2965 προϐάτων,
3235 2893 3302 2963 τῇ
3336 2892 3557 2963 σύριγγι
3591 2893 3686 2948 τοῦ
3730 2892 3885 2962 λόγου

694 2987 876 3042 monis
931 2989 1145 3043 assidue
1191 2999 1391 3055 utatur,
1449 2993 1742 3059 przesertim
1763 2995 1983 3063 quando
2008 3007 2138 3046 oves
2167 2992 2237 3047 ad

2337 2989 2363 3041 ὁ
2394 2986 2595 3057 ποιμὴν
2625 2983 2956 3055 κεχρημένος
3012 2980 3088 3052 μὴ
3133 2980 3449 3053 παύσηταν
3504 2985 3599 3037 καὶ
3653 2983 3883 3054 μάλιστα

695 3077 930 3147 quietem
980 3079 1395 3147 proficiscuntur
1428 3099 1443 3135 :
1494 3083 1627 3136 nihil
1677 3084 1820 3137 enini
1846 3092 1954 3137 tam
1979 3084 2238 3139 formidat

2339 3076 2639 3147 μελλόντων
2670 3074 2872 3128 τούτων
2899 3074 2979 3136 είς
3031 3070 3197 3126 ὕπνον
3239 3071 3529 3142 ἔρχεσθαιο
3572 3074 3729 3127 οὐδὲν
3778 3075 3883 3143 γάρ

695 3170 874 3238 lupus,
909 3186 1067 3239 quam
1101 3174 1380 3241 pastoralis
1421 3189 1608 3229 canna:
1633 3190 1822 3229 stutum
1855 3194 1868 3230 :
1895 3192 2069 3246 neque
2100 3177 2119 3246 (
2149 3191 2236 3232 re-

2337 3167 2508 3231 οὕτως
2574 3166 2774 3219 δέδοικε
2828 3164 3009 3228 λύκος,
3038 3165 3113 3229 ὡς
3205 3163 3460 3236 σύριγγος
3528 3166 3885 3235 ποιμαντικῆς

693 3268 814 3313 ctor
882 3261 1228 3334 animarum)
1286 3280 1521 3333 unquam
1572 3266 1813 3322 Senimis
1847 3280 1898 3321 et
1928 3278 2116 3336 prteter
2146 3284 2236 3323 ra-

2339 3259 2609 3330 άπήχημα
2633 3272 2647 3287 ’
2701 3258 2821 3310 οὐδὲ
2865 3256 3095 3311 πάντοτε
3144 3256 3428 3310 ταπεινοῦν
3484 3255 3715 3323 ἀλόγως,
3772 3255 3885 3309 οὐδὲ

700 3350 904 3404 tionem
957 3353 1264 3408 submittat:
1322 3370 1421 3410 nec
1471 3372 1706 3426 unquam
1765 3374 1824 3413 se
1847 3358 2011 3430 479
2048 3361 2240 3415 stolide

2339 3348 2565 3401 πάντοτε
2595 3346 2762 3416 ὑψοῦν
2797 3345 3055 3417 ἀφρόνως
3112 3345 3299 3399 ἑαυτὸν
3352 3346 3381 3398 ὁ
3413 3344 3691 3415 προεστὼς
3739 3344 3883 3413 ὀφεί-

693 3442 932 3507 extollat,
985 3444 1077 3497 sed
1123 3444 1177 3498 in
1234 3457 1460 3516 utroque
1482 3445 1713 3502 Paulum
1742 3450 1933 3505 ducem
1964 3458 2236 3519 sequatur.

698 3530 841 3587 Deus
888 3535 1193 3602 l‘requenter
1252 3538 1438 3591 oculos
1487 3538 1851 3606 subiectorum
1881 3541 2039 3609 quasi
2078 3540 2242 3595 fasci-

698 3631 813 3685 nat,
871 3638 938 3676 ne
962 3625 1224 3692 majorum
1257 3641 1475 3679 suorum
1508 3628 1636 3681 vitia
1667 3630 2083 3697 deprehendant,
2123 3645 2244 3699 qua:

699 3712 746 3767 si
779 3721 960 3791 pastor
985 3715 1087 3768 illis
1108 3717 1330 3783 aperiat,
1367 3716 1611 3771 ﬁduciam
1644 3719 1856 3772 illorum
1887 3737 2010 3790 erga
2068 3722 2242 3789 ipsum

701 3804 855 3860 tollit.
919 3803 1033 3860 Vidi
1083 3822 1182 3876 ego
1233 3808 1512 3876 praesidem
1564 3810 1959 3877 religiosonun,
2003 3812 2094 3881 qui
2128 3814 2243 3867 suis

699 3896 875 3950 liliulis
934 3898 985 3950 in
1037 3898 1357 3967 quibusdam
1412 3903 1570 3953 rebus
1627 3916 1717 3968 per
1770 3917 2037 3955 summam
2078 3903 2243 3956 animi

602 3999 608 4004 ‘
699 3986 1077 4055 demissioncm
1119 3989 1317 4058 optime
1371 3991 1661 4045 consuluit.
1715 3990 1902 4047 Notavi
1953 3993 2117 4047 alium
2150 3996 2242 4064 qui

701 4078 917 4131 stultam
973 4094 1124 4133 suam
1190 4081 1506 4148 sapientiam
1556 4083 1620 4136 ad
1683 4083 2075 4140 conciliandam
2138 4087 2241 4143 sibi

703 4166 1147 4223 existimationem
1174 4171 1403 4238 aperuit,
1434 4186 1533 4226 nec
1559 4171 1769 4227 sincere
1797 4186 1923 4244 erga
1971 4176 2244 4245 subjectos

704 4247 970 4304 allectum.
1026 4250 1168 4306 Raro
1216 4253 1461 4322 quidem,
1516 4253 1611 4308 sed
1654 4262 1828 4309 tamen
1862 4272 1927 4310 ex
1953 4273 2117 4313 causa
2141 4259 2245 4313 ali-

2336 3440 2437 3503 λει,
2470 3439 2610 3509 ὀρῶν
2646 3436 2852 3492 Παῦλον
2875 3440 2934 3492 ὲν
2958 3437 3290 3508 ἀμφοτέροις
3338 3436 3589 3490 ὁδεύοντα
3608 3452 3625 3467 ·
3687 3436 3883 3506 Κύριος

2340 3528 2602 3590 πολλάκις
2627 3527 2955 3595 συνεκάλυψε
3003 3527 3133 3588 τοὺς
3157 3524 3464 3594 ὀφθαλμοὺς
3512 3525 3621 3579 τῶν
3656 3525 3886 3595 ἀρχομέ-

2339 3635 2444 3668 νων
2474 3617 2530 3669 ἔν
2582 3633 2690 3669 τισι
2736 3615 2830 3668 τοῦ
2892 3615 3238 3686 προεστῶτος
3276 3614 3667 3685 ἐλλείμμασιν·
3728 3617 3885 3678 αὐτὸς

2339 3706 2396 3759 δὲ
2426 3705 2594 3759 ταῦτα
2626 3705 2939 3777 φανερώσας
2964 3706 3215 3759 ἀπιστίαν
3231 3705 3535 3777 ἐγέννησεν.
3580 3703 3733 3759 Εἶδον
3760 3723 3886 3777 προ-

2345 3796 2553 3848 εστῶτα
2579 3796 2637 3860 ἐξ
2666 3797 2840 3867 ἄκρας
2893 3795 3271 3859 ταπεινώσεως
3296 3798 3411 3859 τοῖς
3454 3796 3664 3859 τέκνοις
3692 3795 3751 3849 ἓν
3778 3812 3885 3848 τισι

2343 3883 2832 3955 σνμϐουλευὸμενον
2862 3902 2877 3918 ο
2914 3886 3006 3940 καὶ
3036 3881 3170 3939 εἶδον
3198 3885 3382 3956 ἕτερον
3410 3887 3511 3956 τὴν
3543 3886 3886 3953 ίδίανισοφίαν

2342 3975 2541 4044 ἄσοφον
2568 3977 2627 4043 ἐξ
2676 3978 2902 4048 οἰήσεως
2930 3977 3111 4041 αὐτοῖς
3167 3976 3483 4047 ἐμφανίζειν
3538 3976 3882 4048 βουλόμενον

2308 4088 2311 4093 ’
2341 4066 2433 4121 καὶ
2458 4067 2755 4139 εἰρωνικῶς
2785 4069 3149 4139 διατιθέμενον
3185 4068 3320 4138 πρὸς
3372 4070 3587 4133 αὐτοὺς,
3652 4069 3885 4131 σπανίως

2343 4157 2461 4226 μὲν,
2493 4158 2641 4226 ὅμως
2679 4158 2818 4212 κατά
2838 4175 2955 4211 τινα
2977 4159 3285 4228 περίστασιν
3317 4154 3455 4212 εἶδον
3474 4156 3740 4227 ἐμπαθεῖς
3755 4159 3887 4210 άπα-

2341 4243 2447 4297 θῶν
2464 4245 2748 4315 ἄρξαντας,
2761 4246 2856 4298 καὶ
2884 4247 3021 4299 κατὰ
3037 4247 3224 4317 μικρὸν
3236 4248 3363 4308 τοὺς
3377 4247 3707 4325 ἀρχομένους
3749 4247 3887 4299 αἰδε-

704 4343 829 4397 qua,
876 4331 1153 4387 observavi
1200 4333 1488 4389 nonnullos
1535 4334 1923 4390 vitiositatibus
1978 4338 2145 4393 animi
2192 4349 2241 4394 et

2348 4333 2595 4398 σθέντας,
2635 4337 2731 4419 καὶ
2758 4335 2825 4389 τὰ
2857 4334 2965 4389 ἴδια
2997 4336 3142 4405 πάθη
3173 4336 3600 4405 περιπιιόιίιαντας⁸
3624 4335 3783 4389 τοῦτο
3834 4335 3887 4388 δὲ

706 4410 1192 4496 perturbationibus
1220 4415 1483 4470 obnoxios
1507 4430 1740 4484 praeesse
1770 4415 2021 4484 perlectis
2043 4427 2098 4472 et
2136 4434 2241 4473 om-

2345 4417 2517 4491 οἶμαι,
2545 4424 2575 4475 ὁ
2591 4410 2791 4493 ημίσθδς
2815 4423 2923 4478 τῶν
2949 4420 3270 4495 σωζομένων
3297 4424 3356 4478 ὲν
3383 4427 3564 4488 αὐτοῖς
3587 4425 3880 4496 ἐνήργησε.

708 4489 869 4544 nibus
920 4494 1268 4560 cupiditatum
1325 4497 1531 4555 merbis
1556 4497 1839 4567 expeditis,
1864 4500 1955 4568 qui
1987 4499 2241 4568 paulatim

2345 4489 2439 4561 καὶ
2499 4489 2716 4578 γέγονεν
2750 4511 2930 4577 αὐτοῖς
2973 4516 3008 4584 ἠ
3067 4489 3319 4584 ἐμπαθὴς
3363 4489 3704 4586 ἱγχείρησιςξ-
3736 4489 3884 4569 'a'm.

705 4591 775 4631 ex
824 4578 1189 4647 subiectorum
1240 4600 1461 4640 suorum
1517 4586 1715 4641 virtute
1749 4588 2115 4653 verecundati,
2153 4605 2241 4644 sua

2354 4594 2502 4660 θείας
2532 4599 2801 4665 ὑπόθεσις.

707 4668 950 4741 ipsorum
994 4673 1121 4725 vitia
1175 4689 1386 4744 quoque
1408 4679 1785 4744 emendarunt,
1838 4679 1983 4750 quod
2051 4681 2415 4750 subiectorum
2447 4688 2637 4760 opinor
2669 4692 2735 4748 ad
2794 4692 2990 4749 cadum
3038 4693 3427 4750 destinatorum
3450 4669 3619 4747 virtus
3670 4703 3729 4748 et
3768 4708 3885 4763 pro-

707 4762 899 4821 merita
976 4763 1031 4819 in
1077 4763 1207 4832 ipsis
1257 4766 1482 4824 cllicere.
1512 4766 1841 4840 Factumque
1897 4782 1983 4827 est
2020 4781 2081 4826 ut
2132 4773 2567 4839 administrandi
2598 4797 2797 4840 munus
2824 4785 3019 4841 vitioso
3069 4784 3328 4855 praeberet
3367 4784 3709 4841 occasionem

708 4854 978 4915 lectionis.

1330 5161 1554 5222 CAPUT
1591 5166 1682 5224 1X.

2937 5172 3185 5229 ΚΕΦΑΛ.
3230 5171 3291 5227 Θ⁹

1849 5282 2034 5339 Pastor
2059 5290 2198 5343 silirt
2223 5288 2449 5342 adversis
2483 5304 2744 5342 constans.

792 5384 1101 5442 Cavendum
1129 5403 1195 5443 uc
1218 5402 1526 5461 comparata
1554 5392 1607 5445 in
1647 5367 1824 5460 portu,
1852 5396 2173 5469 dissipemus
2199 5415 2241 5456 In

2431 5402 2761 5471 Προσεκτέον
2822 5406 2895 5469 μη
2950 5412 3067 5459 πως
3096 5396 3165 5450 τά
3193 5395 3524 5467 τουλιμένος
3575 5399 3642 5450 ἒν
3674 5399 3758 5471 τῷ
3792 5416 3878 5455 πε.

645 5524 656 5532 .
719 5478 926 5549 pelago.
960 5478 1262 5542 lntclliguut
1290 5482 1531 5554 [norunt]
1567 5482 1694 5551 quid
1747 5484 1848 5539 hoc
1875 5487 2001 5543 dicti
2033 5493 2133 5546 sibi
2163 5509 2241 5547 vc-

2360 5493 2510 5560 λάγει
2539 5493 2932 5562 σκορπίσωμεν
2957 5505 2972 5519 ·
2998 5487 3170 5542 οἴδασι
3200 5487 3263 5540 τὺ
3308 5488 3585 5558 εἰρημένον
3642 5490 3697 5544 οί
3754 5493 3878 5563 πρὶς

693 5567 806 5631 -lit,
834 5567 925 5639 qui
964 5567 1030 5622 ad
1069 5567 1254 5623 turbas
1297 5577 1350 5625 et
1382 5571 1644 5626 tumultus
1694 5586 1873 5627 rerum
1915 5586 2241 5636 externarum

2358 5585 2483 5647 τοὺς
2523 5581 2778 5655 θορύϐους
2823 5580 2948 5643 τοὺς
2996 5578 3159 5664 ἃκτδς.
3191 5576 3268 5633 ἔτι
3318 5578 3642 5667 ἀγύμναστοι
3689 5582 3875 5653 τυγχά-

757 5806 776 5815 _
793 5747 839 5780 '°
866 5743 1208 5814 δυσωπηθίίς.
