4032 6340
573 516 704 581 1187

1797 508 1854 566 S.
1894 505 2128 565 JOANN
2142 505 2210 562 IS
2238 501 2562 562 CLIMACI’

3655 495 3797 558 1185

569 643 718 687 ctare
747 628 886 683 inter
910 626 1160 697 gallinas.
1188 622 1328 689 Quid
1353 627 1531 675 autem
1561 616 1917 687 importunius
1943 626 2122 685 pasto-

2229 613 2319 682 ρία
2351 613 2410 665 ὲν
2459 611 2664 682 ὄρνισιν
2692 609 2915 680 ἀλώπηξ
2945 623 2960 639 ⁶
3012 609 3162 662 οὐδὲν
3203 608 3261 662 δὲ
3282 607 3644 678 ἁσεμνᾶτερον
3669 625 3798 661 ποι-

570 741 630 781 re
664 722 964 778 iracundo?
992 718 1193 787 Vulpes
1220 724 1416 770 mactat
1443 713 1669 783 gallinas
1705 725 1721 764 :
1764 710 1990 764 biliosus
2022 723 2120 779 pa—

570 823 686 869 stor
727 814 913 882 plenas
967 809 1194 863 rationis
1239 805 1448 860 animas
1495 800 1772 871 perturbat
1819 806 1874 852 et
1910 799 2124 852 occidit.

570 902 732 973 482
782 900 926 954 Cave
969 898 1021 952 in
1072 895 1294 950 minima
1328 893 1598 950 curiosius
1637 890 1878 959 inquiras
1904 931 1919 954 ,
1958 905 2127 957 neque

571 997 716 1048 enim
750 992 826 1062 (id
867 989 1133 1059 faciendo)
1186 988 1353 1042 Deum
1391 986 1669 1040 imitabere
1701 983 1748 1036 ι.
1793 982 1869 1036 Da
1900 998 2120 1051 operam

573 1087 651 1141 uti
685 1094 745 1140 tu
769 1099 983 1155 quoque
1019 1083 1184 1135 Deum
1212 1082 1357 1134 velut
1394 1091 1736 1133 meonomum
1779 1086 1833 1130 et
1863 1084 2124 1130 rectorem

537 1218 540 1221 -
573 1179 774 1233 habeas
799 1176 1074 1231 actionum
1102 1183 1313 1228 tuarum
1339 1172 1578 1227 omnium
1607 1170 1928 1224 interiorum
1955 1177 2009 1224 et
2036 1184 2129 1222 ex-

571 1271 854 1334 teriorum,
883 1269 970 1323 cui
1007 1267 1152 1322 velut
1174 1267 1376 1334 optimo
1396 1262 1738 1333 gubernatori
1767 1271 1860 1315 tua
1889 1262 2053 1315 animi
2075 1271 2128 1315 et

573 1357 868 1415 voluntatis
905 1359 1119 1412 decreta
1153 1357 1494 1418 committas,
1534 1370 1597 1409 ac
1632 1368 1725 1423 per
1767 1354 1945 1422 ipsqu
1971 1363 2125 1407 tuam

568 1452 740 1521 ipsius
768 1451 1097 1503 voluntatem
1126 1447 1434 1508 abscindas,
1469 1446 1540 1499 ita
1573 1429 1754 1500 ut'lias
1782 1447 1926 1499 velut
1951 1446 2128 1500 infans
2183 1493 2196 1510 ,

568 1555 664 1599 aut
691 1543 874 1598 fatuus
907 1542 1186 1597 soioillius
1212 1550 1343 1595 ntttu
1383 1541 1786 1611 gubernandus.
1827 1537 2128 1594 Videndum

567 1647 622 1692 et
653 1637 754 1690 hoc
787 1636 883 1690 tibi
918 1644 972 1688 et
994 1635 1202 1688 caeteris
1227 1633 1502 1695 omnibus,
1534 1647 1603 1686 ne
1631 1647 1698 1686 ex
1731 1633 1834 1686 lide
1869 1633 2046 1700 potius
2062 1633 2126 1686 ad

570 1744 673 1783 nos
699 1728 1065 1789 venientium,
1095 1741 1256 1794 quam
1304 1741 1398 1794 per
1429 1734 1667 1779 nostram
1717 1725 1988 1789 virtutem,
2039 1725 2127 1778 Dei

568 1821 853 1876 clementia
893 1820 1182 1887 singularia
1213 1818 1457 1886 quantam
1485 1817 1715 1871 voluerit
1742 1829 1970 1885 patrare.
2001 1816 2128 1871 Mul-

570 1914 609 1966 ti
638 1914 780 1967 enim
815 1912 960 1965 vitiis
984 1913 1056 1978 let
1101 1909 1377 1964 aﬂectibtts
1417 1909 1702 1978 inquinati,
1733 1924 1798 1963 eo
1831 1908 1954 1977 [quo
1984 1909 2127 1963 dixi-

2231 705 2386 774 μένος
2438 701 2821 774 ὀργιζομένου·
2853 703 2887 772 ἡ
2929 701 3026 772 μὲν
3067 703 3174 772 γὰρ
3199 700 3436 772 ὄρνιθας,
3467 704 3496 755 ὁ
3527 701 3582 753 δὲ
3607 699 3795 771 ψυχὰς

2227 794 2447 863 λογικὰς
2477 795 2738 865 ταράσσει
2791 793 2884 846 καὶ
2943 790 3256 845 ἀπόλλυσιν.
3305 791 3465 860 Ὅρα,
3510 791 3584 860 μὴ
3633 788 3793 857 γίνου

2226 886 2459 958 ἀκριϐὴς
2483 887 2591 939 τῶν
2627 885 2922 955 ἐλαχίστων
2957 883 3254 952 ἐξεταστὴς
3280 881 3380 952 (9.),
3412 882 3504 934 καὶ
3540 881 3640 934 οὐκ
3684 881 3793 952 ἔσῃ

2228 977 2412 1031 λοιπὸν
2461 976 2596 1030 θεοῦ
2647 977 2907 1048 μιμητής.
2949 977 3078 1047 Ἔχε
3109 973 3199 1028 τὸν
3220 973 3352 1026 Θεδν
3381 975 3472 1026 καὶ
3504 971 3664 1036 αὐτὸς
3705 973 3791 1024 oi-

2229 1070 2457 1139 κονὸμον
2507 1070 2601 1122 καὶ
2637 1070 2936 1139 ἡγούμενον
2959 1069 3176 1122 πάντων
3200 1082 3290 1119 σου
3331 1065 3439 1117 τῶν
3478 1063 3628 1126 ἐντὸς
3694 1064 3795 1116 καὶ

2228 1161 2380 1224 ἐκτὸς
2407 1161 2493 1214 ἐπ’
2526 1160 2698 1230 αὐτῷ,
2727 1160 2916 1233 ὥσπερ
2953 1159 3046 1213 ἐπί
3075 1175 3196 1212 τινα
3241 1157 3458 1229 ἄριστον
3522 1155 3796 1226 κυϐερνή-

2226 1272 2325 1323 την
2343 1271 2359 1284 ο
2389 1257 2481 1308 καὶ
2509 1253 2574 1306 δι’
2603 1253 2808 1306 ἐκείνου
2837 1254 2894 1307 τὺ
2923 1251 3145 1306 σεαυτοῦ
3188 1248 3512 1328 ἀποκόπτων
3543 1245 3814 1315 θέλημα..

2227 1346 2319 1398 καὶ
2360 1347 2563 1419 γενήσῃ
2595 1348 2688 1400 καὶ
2731 1347 2798 1400 σὺ
2829 1347 3015 1416 ἄφρων
3041 1363 3146 1410 τις,
3215 1342 3294 1413 τῷ
3346 1339 3573 1411 νεύματι
3619 1335 3792 1391 αὑτοῦ

2228 1438 2322 1490 καὶ
2367 1440 2512 1508 μόνῳ
2551 1436 2844 1532 ἀγόμενρς.
2888 1439 3153 1508 Ζητητέον
3198 1453 3278 1490 σοι
3319 1434 3414 1489 καὶ
3477 1431 3634 1484 τοῦτο
3692 1429 3796 1484 καὶ

2229 1532 2381 1594 πᾶσι,
2429 1532 2503 1601 μή
2556 1549 2668 1594 πως
2690 1525 2879 1602 ἐκτῆς
2909 1531 3016 1584 τῶν
3047 1527 3494 1600 προσερχομένων
3518 1525 3785 1585 πίστεως.

2228 1621 2322 1673 καὶ
2346 1622 2444 1674 οὐκ
2476 1621 2535 1687 ἐξ
2570 1623 2842 1694 ἡμετέρας
2888 1621 3257 1692 καθαρότητος
3290 1620 3360 1682 ³³,
3391 1620 3426 1688 ὴ
3449 1617 3606 1687 χάρις
3641 1614 3792 1668 πλεί-

2229 1730 2330 1766 στα
2383 1713 2448 1766 δι’
2506 1714 2665 1784 ἡμῶν
2725 1706 3074 1786 ᾠκονόμησεν
3119 1713 3383 1784 ἐνεργεῖν.
3437 1708 3632 1764 Πολλοὶ
3674 1707 3792 1778 γὰρ

2227 1806 2489 1877 ἐμπαθεῖς
2515 1807 2562 1839 ⁸⁵
2623 1807 2702 1878 τῷ
2743 1806 3119 1878 προειρημένῳ
3168 1805 3354 1876 τρότὶῳ
3417 1798 3794 1872 ὲθαυματοὺρτ

2232 1911 2427 1963 γησαν.
2473 1896 2540 1949 Ei
2589 1897 2825 1959 πολλοὶ,
2868 1897 3052 1966 φησιν,
3096 1894 3304 1965 ἐροῦσι
3321 1910 3423 1964 μοι
3473 1893 3543 1946 ἐν·
3583 1890 3790 1957 ἐκείνῃ

569 2020 695 2058 mus
722 2003 909 2065 modo,
948 2015 1110 2070 opera
1140 2000 1452 2054 admiranda
1483 1999 1699 2053 edidere
1728 2019 1740 2052 :
1773 1998 2015 2063 Quando,
2047 2000 2128 2053 in-

2233 1986 2307 2054 τῆ
2356 1987 2564 2056 ἡμέρῃ,
2624 1990 2820 2058 Κύριε,
2869 1989 3070 2062 Κύριαι
3117 1990 3190 2042 οὐ
3255 1984 3337 2052 τῷ
3387 1982 3478 2050 σῷ
3542 1983 3792 2051 ὀνόματι

567 2098 712 2166 quit,
747 2096 897 2148 multi
925 2096 1098 2148 dicent
1137 2093 1264 2146 mihi
1304 2093 1399 2146 illa
1443 2094 1546 2156 die,
1597 2093 1838 2153 Domine,
1890 2092 2130 2159 Domine,

2229 2081 2797 2149 προεφητεύσαμενς
2824 2083 2916 2134 καὶ
2940 2080 3008 2133 τὰ
3036 2078 3184 2146 ἑξῆς,
3215 2079 3315 2133 οὐκ
3345 2078 3570 2131 ἄπιστον
3616 2074 3678 2127 ἰδ
3709 2074 3793 2126 ει-

569 2165 736 2242 nonne
763 2190 815 2240 in
861 2188 1064 2240 nomine
1093 2197 1201 2248 tuo,
1236 2192 1290 2239 et
1336 2199 1455 2252 quae
1486 2195 1802 2253 sequuntur
1833 2181 1851 2221 ι
1883 2184 2128 2239 credibile

2233 2171 2464 2243 ρημένον
2495 2172 2820 2240 κεφάλαιον·
2858 2171 3061 2243 κυρίως
3108 2172 3138 2224 ὁ
3189 2168 3322 2224 Θεὸν
3350 2169 3525 2240 ἐαυτῷ
3566 2165 3791 2230 ὲξιλεω-

570 2276 628 2329 fit
661 2275 800 2344 quod
829 2281 954 2327 ante
983 2273 1244 2326 diximus.
1289 2268 1427 2326 Vere
1454 2270 1546 2339 qui
1603 2270 1766 2325 Deum
1804 2271 1904 2324 sibi
1950 2273 2128 2327 conci-

2232 2267 2482 2336 σάμενος,
2530 2269 2621 2319 καὶ
2661 2267 3068 2336 ἀνεπαισθήτως
3093 2264 3202 2319 τῶν
3254 2263 3572 2334 καμνόντων
3624 2263 3792 2330 εὐερ-

569 2368 699 2431 [inre
736 2365 932 2430 studet,
967 2362 1432 2434 potestsulijectis
1459 2363 1509 2416 in
1549 2363 1840 2417 certamine
1868 2362 2045 2428 fessis,
2079 2380 2128 2420 e-

2232 2364 2408 2428 γετεῖν
2435 2363 2618 2424 αὐτοῖς
2647 2362 2866 2415 δύναται
2887 2379 2902 2394 ο
2933 2361 3026 2414 δύο
3039 2359 3108 2414 τὰ
3135 2360 3362 2429 μέγιστα
3394 2355 3792 2429 πραγματευό-

569 2458 697 2510 tiam
735 2471 842 2509 non
875 2455 1374 2516 sentientibusillis,
1405 2451 1676 2524 suppetias
1709 2455 1868 2518 ferre,
1902 2471 2006 2524 qua
2028 2471 2126 2525 ope

2236 2469 2418 2521 μενος,
2475 2454 2663 2507 ἑαυτὸν
2726 2455 2824 2525 μὲν
2869 2455 2932 2507 ὲκ
2971 2454 3068 2524 τῆς
3117 2453 3294 2524 δόξης.
3326 2453 3401 2514 ὡς
3429 2451 3537 2505 ἀπὸ
3559 2452 3658 2522 τῆς
3698 2451 3795 2504 λε-

566 2549 698 2603 duas
726 2548 886 2602 simul
917 2562 1003 2600 res
1033 2545 1508 2616 praestantissimas
1553 2545 1732 2600 cllieit.
1773 2544 2012 2599 Primum
2043 2561 2128 2600 se-

2231 2549 2469 2621 γομένης
2497 2551 2754 2622 ἐρυσίϐης
2788 2551 2995 2621 ἀϐλαϐῆ
3043 2549 3328 2619 διατηρῶν,
3356 2548 3482 2610 τοὺς
3526 2546 3586 2600 δὲ
3631 2547 3796 2600 ίλεω-

569 2654 745 2709 ipsnm
789 2640 890 2693 bac
918 2639 1125 2693 ratione
1152 2654 1181 2692 a
1214 2637 1397 2707 gloriae
1423 2651 1573 2692 vana:
1600 2636 1846 2706 rubigine
1871 2638 2126 2691 intactum

2236 2641 2426 2711 μένους
2453 2643 2530 2713 τῷ
2560 2645 2680 2714 Θεῷ
2725 2643 2869 2715 μόνῳ
2921 2644 3256 2714 εὐχαριστεῖν
3326 2637 3795 2712 παρασκευάζων.

577 2740 788 2796 servat;
820 2732 1014 2786 deinde
1057 2740 1249 2786 auctor
1273 2739 1358 2786 est
1395 2730 1460 2784 iis
1495 2745 1631 2799 quos
1663 2728 1766 2786 Deo
1809 2720 2138 2800 propitiavit,
2178 2744 2236 2786 ut
2295 2730 2666 2790 misericordia
2691 2734 2799 2790 Deo
2823 2736 2923 2791 soli
2952 2735 3160 2790 debitas
3184 2735 3482 2804 gratiarum
3540 2732 3796 2786 actionis

576 2829 905 2900 persolvant.

1150 2938 1240 2994 AD
1269 2937 1420 2993 CAP.
1455 2938 1544 2991 ΧΙ.

1190 3031 1434 3086 Scholion
1461 3031 1511 3086 1.

640 3125 720 3179 Ab
754 3125 970 3194 impuro
1002 3122 1132 3192 quid
1163 3125 1356 3192 poterit
1392 3124 1705 3193 repurgari?
1736 3132 1790 3177 et
1815 3139 1846 3177 a
1885 3123 2126 3176 mendaci

568 3219 700 3289 quid
729 3217 841 3271 veri
879 3203 1256 3286 exspectabis?
1283 3225 1338 3272 et
1369 3217 1462 3287 qui
1492 3216 1594 3272 sibi
1627 3231 1878 3286 nequam,
1908 3215 1994 3270 cui
2025 3215 2130 3270 erit

573 3311 785 3366 bonus?

1285 3403 1466 3457 Aliud.

643 3497 913 3570 Spoliatus
947 3497 1015 3553 ab
1034 3495 1336 3554 latronibus
1362 3497 1501 3566 quod
1526 3496 1678 3551 alteri
1703 3495 1790 3551 det
1818 3510 1922 3551 non
1945 3495 2123 3551 habet.

1093 3657 1255 3731 483
1295 3655 1544 3729 Scholion
1577 3655 1633 3710 2.

646 3752 746 3820 Qui
777 3752 843 3807 ad
875 3753 1111 3822 primum
1152 3753 1373 3806 verbum
1411 3752 1508 3806 tibi
1547 3767 1655 3805 non
1695 3759 1868 3820 paret,
1900 3767 1967 3806 ne
2014 3753 2127 3806 vio-

574 3847 747 3902 lenter
783 3861 905 3901 cum
947 3846 1291 3900 contentione
1327 3858 1480 3914 coge,
1506 3843 1598 3898 sed
1632 3843 1838 3897 lucrum
1862 3844 2007 3913 quod
2040 3859 2125 3898 re—

571 3938 702 4009 iecit
753 3939 876 4001 ille,
938 3946 1088 3994 tuum
1135 3935 1340 4002 facias,
1397 3935 1602 4004 tibique
1663 3936 2011 3989 accommoda
2073 3945 2128 3990 et

574 4046 798 4100 usurpa.
850 4029 976 4083 Plus
1037 4029 1180 4082 enim
1251 4027 1520 4083 commodi
1571 4043 1638 4083 ex
1694 4033 1786 4082 tua
1830 4028 2124 4097 patientia,

577 4135 742 4190 quam
771 4119 916 4173 illius
943 4117 1314 4172 emendatione
1347 4117 1668 4185 rcportabis.

758 4267 766 4272 κ
1259 4207 1439 4262 Aliud.

645 4301 748 4369 Qui
775 4301 1002 4356 docendi
1045 4301 1277 4356 oilicium
1321 4300 1546 4357 sortitus
1589 4314 1648 4355 es
1687 4309 1742 4354 et
1785 4314 1892 4356 non
1922 4301 2125 4356 audiris

573 4392 837 4466 (nihilque
874 4391 1134 4463 proﬁcis),
1165 4391 1286 4445 dole
1326 4407 1394 4446 ex
1435 4393 1637 4456 animo,
1671 4390 1763 4445 sed
1794 4390 1968 4460 palam
2005 4393 2126 4444 nul-

575 4487 680 4540 lam
706 4485 1123 4556 perturbationis
1148 4484 1360 4555 signum
1393 4484 1590 4553 profer.
1622 4482 1754 4537 Nam
1798 4485 1846 4539 si
1885 4485 2124 4558 dolueris

2745 2947 2852 3000 ΕΙΣ
2887 2947 3131 3001 ΚΕΦΑΛ.
3169 2947 3270 3001 IA'.

2817 3043 2864 3093 Σ
2865 3041 3075 3108 χόλιον
3122 3037 3190 3094 α’.

2312 3131 2444 3183 Ἀπδ
2501 3130 2808 3201 ἀκαθάρτου
2861 3130 2913 3183 τί
2983 3129 3472 3201 καθαρισθήσεται;
3535 3125 3632 3179 καὶ
3675 3125 3793 3178 ἀπὸ

2225 3222 2452 3292 ψευδοῦς
2499 3223 2552 3277 τί
2612 3220 2938 3294 ἀληθεῦσει;
2987 3221 3082 3276 καὶ
3126 3221 3155 3276 ὁ
3186 3218 3419 3291 πονηρὸς
3467 3217 3792 3289 ἑαυτῷςτίνι

2151 3325 2196 3386 c
2227 3316 2456 3385 ἀγαθὸςς

2801 3421 2804 3424 ’
2894 3410 3093 3462 Ἄλλο.

2801 3421 2804 3424 ’
2894 3411 2916 3430 ’
3040 3425 3093 3462 o.

2308 3500 2366 3554 'o
2399 3500 2505 3554 ἀπὸ
2538 3500 2645 3552 τῶν
2675 3499 2892 3573 λῃστῶν
2912 3411 3206 3570 ignem.
3260 3483 3578 3568 μεταδοῦναι
3637 3498 3789 3562 τινδς

2190 3629 2204 3642 .
2227 3588 2407 3653 ἄλλοις
2441 3591 2542 3643 οὐκ
2568 3588 2702 3660 ἔχει.

2829 3682 2874 3733 Σ
2876 3680 3084 3748 χόλων
3110 3679 3178 3750 β’.
3251 3692 3267 3704 ·

2295 3773 2397 3827 Τὸν
2425 3773 2532 3827 ἀπὸ
2575 3772 2692 3836 ἑνὸς
2730 3770 2888 3841 λόγου
2919 3770 2993 3843 μὴ
3023 3769 3361 3824 ὑπακούοπά
3390 3787 3490 3833 σοι,
3520 3768 3596 3840 μὴ
3643 3767 3787 3840 βιά-

2227 3865 2319 3929 ζου
2371 3865 2510 3936 μετὰ
2555 3865 2904 3936 φιλονεικίας,
2941 3862 3078 3918 ἀλλὰ
3121 3864 3183 3918 τὸ
3231 3863 3440 3935 κέρδος,
3486 3861 3517 3915 δ
3566 3862 3784 3916 ἁπέσαο

2225 3953 2313 4008 λεν
2362 3957 2580 4022 ἐκεῖνος,
2629 3957 2694 4009 σὺ
2745 3942 3096 4026 περιποίησαι
3149 3953 3377 4026 σεαυτῷ.
3431 3953 3620 4008 Πλείον
3664 3956 3784 4028 γὰρ

2222 4044 2320 4110 τῆς
2351 4043 2558 4098 ἐκείνου
2609 4044 2944 4124 διορθῴσεως
2989 4045 3258 4117 ὠφελήσει
3293 4061 3352 4097 σε
3401 4045 3435 4114 ή
3484 4044 3550 4115 σὴ
3596 4045 3785 4110 ἀνεξι-

2225 4137 2408 4190 κακία.

2243 4215 2250 4221 ’
2901 4233 3098 4284 Ἄλλο.

2292 4321 2568 4375 Διδάσκειν
2620 4323 2678 4373 ὲν
2711 4321 2896 4393 Κυρίῳ
2941 4319 3140 4393 λαχὼν,
3172 4323 3264 4376 καὶ
3308 4325 3777 4396 παρακουόμενος,

2225 4407 2406 4462 ολίδου
2436 4407 2658 4479 νοερῶς,
2706 4408 2798 4462 καὶ
2841 4410 2914 4480 μὴ
2946 4411 3214 4478 ταράσσου
3243 4414 3550 4484 προφανῶς.
3579 4413 3778 4468 81M-

2227 4516 2383 4569 μενος
2414 4497 2512 4569 μὲν
2542 4501 2667 4570 γὰρ,
2689 4500 2748 4553 οὐ
2765 4502 3249 4576 συγκαταριθμὴσῃ
3277 4501 3357 4574 τῷ
3371 4503 3737 4573 παρακούοντι
3756 4521 3775 4537 ο

574 4593 738 4650 super
767 4589 1104 4643 contumaee,
1137 4592 1243 4632 non
1286 4576 1663 4645 damuaberisr,
1697 4578 1744 4632 si
1779 4588 1960 4632 autem
2000 4593 2121 4647 per-

2227 4590 2617 4663 ταρασσόμενος
2673 4594 2730 4647 δὲ
2793 4595 2851 4648 ἐν
2901 4592 2980 4664 τῷ
3035 4594 3182 4668 αὐτῷ
3239 4597 3521 4667 πράγματι
3577 4613 3778 4669 πειρα-

573 4670 822 4725 turbatus
854 4668 1020 4724 fueris
1057 4670 1110 4724 in
1149 4669 1334 4724 eadem
1375 4667 1532 4737 culpa
1579 4669 1783 4722 versari
1823 4667 2120 4738 depreh'en-
2151 4672 2196 4726 D
2226 4683 2382 4756 θήσῃ,

572 4764 721 4820 dere.

1259 4851 1447 4906 Marci.

645 4948 748 5015 Qui
798 4964 994 5003 munus
1052 4945 1349 5015 imperandi
1399 4945 1655 5002 fratribus
1697 4949 1985 5018 accepisti,
2037 4947 2122 5003 fac

2763 4867 2937 4921 Ἄλλο
2971 4870 3227 4934 Μάρκου.

2291 4957 2544 5012 Κελεύειν
2573 4957 2816 5025 ἀδελφοῖς
2844 4956 3041 5026 λαχὼν,
3074 4955 3305 5023 φύλαττε
3335 4955 3436 5027 τὴν
3458 4957 3611 5021 τάξιν
3645 4971 3775 5025 σου,

574 5043 801 5097 oﬂicium
839 5041 1141 5103 tuum,‘:uec
1187 5047 1400 5107 propter
1441 5038 1810 5107 obstrepentes
1857 5041 1973 5105 tibi,
2005 5055 2123 5110 qua!

2227 5052 2314 5104 καὶ
2369 5051 2444 5120 μὴ
2492 5049 2577 5101 διὰ
2624 5051 2746 5114 τοὺς
2799 5047 3171 5115 ἀντιλέγοντας
3222 5049 3651 5120 παρασιωπήσῃς
3696 5049 3776 5104 τὰ

572 5137 795 5190 dicenda
844 5145 900 5190 et
935 5132 1138 5203 agenda
1187 5142 1334 5199 sunt,
1376 5133 1634 5200 reticeas;
1667 5150 1789 5188 nam
1822 5135 1874 5188 in
1914 5137 2114 5206 quibus

2227 5143 2420 5195 δέοντα.
2470 5141 2554 5192 Ἐν
2592 5136 2678 5204 οἷς
2705 5142 2803 5211 μὲν
2853 5141 2963 5212 γὰρ
2999 5139 3350 5203 ὑπακούουσι,
3397 5139 3584 5209 μισθὸν
3618 5137 3776 5206 ’ἕξεις

575 5229 668 5283 tibi
715 5228 1098 5296 obsequemur,
1140 5227 1420 5295 praemium
1450 5226 1655 5282 referes
1698 5237 1911 5297 propter
1954 5231 2124 5284 virtu-

2219 5232 2358 5302 ὑπὲρ
2385 5231 2482 5301 τῆς
2529 5231 2750 5285 ἐκείνων
2780 5230 3010 5301 ἀρετῆς·
3048 5232 3105 5285 ἐν
3129 5225 3210 5294 οἷς
3238 5231 3294 5285 δὲ
3338 5229 3772 5300 παρακούσουσι,

575 5332 680 5375 tem
718 5321 952 5374 illorum.
985 5320 1085 5384 Qui
1127 5329 1218 5373 tua
1265 5320 1484 5387 imperia
1522 5321 1868 5384 recusabant,
1903 5321 2124 5376 omnino

2227 5323 2430 5387 πάντως
2464 5326 2694 5395 ἀφήσεις
2723 5323 2920 5386 αὐτοῖς,
2952 5323 3046 5379 καὶ
3075 5323 3220 5398 λήψῃ
3260 5323 3329 5378 τὰ
3366 5323 3454 5377 ἶσα
3489 5324 3640 5392 παρὰ
3668 5324 3774 5378 τοῦ

575 5414 810 5467 dimittes
852 5413 976 5476 illis,
1014 5423 1067 5466 et
1114 5428 1295 5482 parem
1347 5413 1645 5467 mercedem
1689 5413 1920 5483 accipies
1958 5416 2028 5469 ab
2060 5429 2125 5469 eo

575 5507 667 5575 qui
707 5506 840 5560 dixit
875 5525 886 5558 :
924 5505 1154 5568 Dimitte,
1192 5515 1238 5558 et
1261 5504 1560 5558 dimittetur
1591 5507 1732 5560 vobis
1751 5516 1811 5557 ω.

2147 5641 2214 5655 _

2219 5415 2516 5486 εἰρηκότος
2557 5419 2778 5484 Ἄφετε,
2809 5415 2907 5470 καὶ
2935 5415 3295 5485 ἀφεθήσεται
3322 5413 3480 5483 ὑμῖν.
3543 5431 3557 5446 '

641 5792 670 5831 ι
702 5792 878 5847 Eum
908 5791 1283 5856 misericordes,
1310 5793 1440 5845 sicut
1469 5804 1518 5846 et
1548 5791 1706 5844 Pater
1736 5801 1895 5846 vester
1924 5791 2210 5848 misericors
2236 5805 2328 5847 est.
2359 5792 2487 5848 Luc.
2514 5793 2690 5859 vr,56.
2774 5793 2790 5831 ι
2844 5792 3028 5847 Matth.
3060 5806 3154 5859 νη,
3182 5789 3269 5846 εξ.
3345 5786 3541 5844 ειυς.
3561 5803 3642 5859 γι,
3665 5791 3770 5854 37.

639 5922 688 5955 ³⁸
715 5923 1051 5993 καθάρσεως.
1130 5922 1174 5952 ’δ
1209 5917 1315 5972 τῶν
1349 5922 1626 5990 ἐμπαοὼν.
