4032 6340
603 441 733 505 1191
817 404 826 413 ’

1803 439 1859 497 S.
1891 436 2203 499 JUANNIS
2239 437 2538 501 CLIMACI

3683 450 3827 515 1193

600 556 810 620 peccat.
875 545 1105 600 llortare
1162 546 1434 615 subjectos
1492 554 1576 624 uti
1626 546 1805 598 carnis
1857 547 2040 613 lapsus
2097 555 2151 599 et

2255 544 2462 599 οανέτω
2507 566 2569 600 σε
2613 554 2642 605 ὁ
2689 553 2794 607 τῶν
2830 555 3115 624 προϐάτων
3159 560 3355 623 amnt;
3399 563 3492 614 ἐπὶ
3531 567 3653 629 ταῖς
3690 571 3820 636 σχέ-

603 638 832 694 Veneris
875 637 1140 693 desideria
1192 651 1297 690 non
1347 637 1421 689 ita
1464 635 1781 689 amussalim
1821 636 2150 701 exprimant,

603 741 794 786 cetera
850 742 978 782 vero
1025 727 1216 781 delicta
1269 726 1546 795 speciatim
1597 736 1652 778 et
1700 726 2008 795 singulatim
2059 725 2149 780 diu

604 831 875 888 noctuque
915 820 1219 873 revolvant.
1264 819 1406 872 Cura
1457 827 1517 871 ut
1559 817 1698 870 inter
1743 833 1800 870 se
1838 818 2064 880 candide
2100 827 2153 871 et

605 918 798 975 aperte-
813 915 996 975 agant,
1023 917 1182 975 atque
1221 907 1454 975 teipsnm
1486 905 1560 959 rei
1592 904 1815 958 formam
1845 906 2056 960 exhibe.
2089 906 2154 961 Et

605 1012 733 1049 Vt'I'O
765 996 1058 1064 prmsertim
1087 996 1348 1049 adversus
1378 996 1681 1049 dzemonnm
1712 996 1935 1049 insidias
1966 1007 2151 1052 cautos

605 1097 657 1138 et
691 1085 978 1154 prudentes
1013 1085 1178 1138 ellice.
1222 1083 1566 1153 Exploratam
1609 1083 1807 1138 habeas
1839 1093 2071 1138 mentem
2100 1095 2154 1141 et

609 1178 766 1230 tinem
815 1192 908 1229 seu
963 1191 1183 1245 scopum
1229 1176 1557 1244 allectusque
1606 1189 1794 1228 omnes
1836 1177 2012 1245 gregis
2053 1177 2150 1240 tui,

607 1284 712 1335 quo
763 1267 1053 1320 collineent
1081 1287 1095 1319 :
1127 1271 1297 1320 studet
1343 1268 1485 1320 enim
1524 1267 1626 1320 hoc
1655 1267 1962 1337 (tartareus)
1997 1268 2154 1336 lupus

609 1359 681 1411 uti
716 1373 809 1427 per
853 1359 1072 1422 inertes,
1109 1359 1410 1413 laboriosos
1457 1359 1618 1410 etiam
1648 1343 1874 1427 frangzﬁ,
1919 1367 1972 1412 et
2001 1358 2152 1429 igna-

606 1464 702 1503 vos
738 1447 942 1502 reddat.
975 1447 1050 1502 Nc
1097 1460 1354 1503 cunetare
1405 1448 1612 1518 precari
1656 1451 1709 1502 e‘t
1738 1449 2022 1503 obsecrare
2059 1465 2155 1518 pro

605 1538 830 1594 omnino
861 1539 1028 1593 etiam
1053 1540 1243 1593 solutis
1269 1549 1322 1593 et
1349 1542 1704 1607 cessantibus,
1737 1556 1843 1595 non
1867 1554 1925 1595 ut
1946 1543 2153 1598 cmlesti

2255 653 2410 691 σεσιν
2437 641 2671 695 ὲαυτῶνο
2721 647 2921 709 σκοπὸς
2976 647 3081 717 γὰρ
3124 652 3237 713 τοῖς
3271 651 3451 716 λύκοις
3488 659 3615 721 τοὺς
3646 676 3823 714 σπου-

2252 729 2436 794 δαίους
2497 731 2586 786 διὰ
2634 735 2918 808 ῥᾳθύμωνῖ
2936 740 3243 797 καταλύειν.
3296 744 3386 814 Μὴ
3444 746 3592 800 ὃκνει
3630 751 3824 805 αἰτοῦ-

2256 838 2434 890 μενος,
2492 827 2583 877 καὶ
2629 827 2768 898 ὑπὲρ
2830 830 3006 902 πάντη
3067 832 3280 903 ἀμελῶν
3332 840 3767 908 προσευχόμενος
3799 862 3821 880 σ

2253 918 2351 987 ob]
2381 919 2465 972 ἶνα
2501 921 2788 992 ἐλεηθῶσιν
2812 929 2988 996 (τοῦτο
3011 931 3115 1000 γὰρ
3143 932 3276 1006 τέως
3300 932 3575 997 ἀδύνατον,
3592 938 3822 994 ἐκείνων

2257 1008 2332 1078 μὴ
2362 1011 2777 1084 συνεργούντων)
2802 1056 2817 1080 ,
2847 1017 2961 1070 ἀλλ’
2990 1019 3136 1083 ὅπως
3154 1021 3241 1074 διὰ
3259 1023 3391 1076 Θεοῦ
3412 1026 3714 1097 ὲγεροῶσιν
3732 1031 3821 1094 εἰς

2249 1100 2507 1170 σπουδήν.
2540 1102 2802 1169 ’Λσοενεῖς
2818 1109 3107 1178 αἱρετικοῖς
3127 1111 3201 1182 μὴ
3232 1115 3656 1172 συνεσοιὲτωσαν
3676 1137 3690 1150 ·
3713 1137 3822 1174 κα-

2257 1187 2489 1252 οὼς,καὶ
2506 1193 2563 1244 ἐν
2589 1195 2701 1256 τοῖς
2728 1195 2940 1249 κανόσιν
2967 1198 3178 1270 εἴρηται
3194 1218 3209 1229 '
3237 1202 3448 1257 δυνατοὶ
3462 1205 3521 1258 δὲ
3539 1208 3597 1259 ἐν
3611 1210 3819 1281 καιρῷ,

2257 1277 2348 1330 ἐὰν
2384 1279 2488 1334 ὑπὸ
2515 1281 2757 1337 ἀπίστων
2785 1286 2964 1340 πίστει
3002 1291 3435 1360 προτρέπωνται,
3461 1296 3554 1347 καὶ
3585 1277 3821 1351 θέλωσιν

2257 1370 2604 1442 πορευθῆναι,
2659 1377 3092 1446 πορευέσθωσαν.
3144 1382 3286 1450 Πρὸς
3315 1385 3413 1453 τὴν
3461 1385 3553 1438 τοῦ
3603 1389 3821 1458 Κυρίου

2256 1459 2409 1524 δόξαν
2441 1462 2516 1532 μὴ
2566 1465 2899 1534 προφασίζου
2928 1469 3176 1537 ἄγνοιανο
3217 1475 3246 1526 ὁ
3276 1474 3383 1545 γὰρ
3414 1475 3488 1545 μὴ
3520 1476 3678 1542 εἰδὼς
3711 1479 3817 1549 (5),

2259 1551 2352 1602 καὶ
2374 1553 2604 1622 ποιήσας
2645 1556 2770 1619 ἄξια
2802 1557 3043 1628 πληγῶν,
3073 1559 3386 1634 δαρήσεται,
3416 1566 3512 1627 ὅτε
3527 1567 3592 1620 οὐ
3635 1570 3822 1639 μεμά-

607 1629 970 1683 misericordia
1015 1630 1323 1700 dignentur,
1373 1631 1476 1685 hoc
1508 1631 1649 1686 enim
1704 1631 1805 1685 illis
1843 1648 1949 1685 non
1995 1634 2150 1704 adju-
2198 1641 2448 1711 Βοηκεν.

607 1720 858 1775 vantibus
889 1720 1358 1794 [allaborantibus]
1386 1715 1786 1792 tantisper‘lieri
1813 1737 1918 1776 ncn
1943 1735 2116 1794 potest
2144 1746 2158 1783 :
2192 1731 2290 1786 sed
2316 1741 2377 1786 ut
2417 1747 2446 1786 a
2486 1733 2596 1790 Deo
2624 1735 2691 1791 ad
2728 1737 2978 1794 virtutem
3013 1742 3335 1798 excitentur.
3363 1744 3499 1799 Cum
3547 1746 3820 1802 hmreticis

608 1812 712 1869 lide
768 1830 878 1869 non
919 1815 1060 1868 ﬁrmi
1107 1827 1161 1870 et
1206 1817 1459 1871 ardentes
1495 1832 1562 1871 ne
1591 1816 1912 1873 occumbant
1958 1829 2055 1874 aut
2105 1826 2528 1895 communicent,
2581 1840 2640 1884 ut
2668 1842 2752 1886 est
2783 1832 2836 1886 in
2868 1834 3040 1890 sacris
3095 1837 3396 1892 canonibus
3443 1857 3458 1893 :
3497 1847 3819 1896 constantes

609 1917 785 1961 autent
832 1917 886 1961 et
919 1905 1210 1971 ferventes,
1244 1923 1366 1962 cum
1403 1924 1534 1963 usus
1566 1907 1758 1977 exiget,
1790 1919 1844 1963 et
1887 1925 1917 1963 a
1952 1910 2170 1979 perﬁdis
2215 1915 2616 1989 ineredulisque
2647 1922 2700 1976 in
2731 1922 2852 1977 lidei
2885 1939 3048 1980 causa
3085 1919 3437 1997 urgebuntur,
3477 1930 3526 1984 si
3555 1931 3610 1985 in
3640 1942 3818 1988 certa-

609 2014 734 2052 men
789 1998 1116 2054 descendere
1158 2000 1451 2065 voluerint,
1515 2001 1815 2054 mittantur.
1867 1999 1964 2055 Ubi
2004 2002 2071 2056 de
2102 2004 2194 2059 Dei
2239 2007 2408 2074 gloria
2433 2009 2599 2081 486
2635 2013 2852 2082 agitur,
2901 2017 3258 2086 ignorantiam
3299 2035 3368 2076 ne
3393 2035 3642 2079 excuses.
3676 2022 3818 2079 Nam

608 2089 706 2158 qui
756 2104 825 2144 ex
879 2090 1090 2146 inscitia
1134 2091 1400 2169 peccarit,
1472 2090 1746 2160 punietur,
1781 2093 1890 2160 qud
1931 2091 2160 2150 dicenda
2187 2113 2294 2153 non
2341 2099 2631 2156 didiscerit.

1168 2308 1259 2362 AD
1293 2309 1445 2364 CAP.
1489 2309 1600 2364 XII.

1214 2463 1464 2518 Scholion
1505 2465 1554 2518 1.

679 2558 938 2613 Existimo
991 2557 1142 2612 illum
1194 2557 1300 2613 hoc
1337 2557 1536 2622 dicere,
1588 2558 1732 2627 quod
1779 2559 1846 2613 ad
1912 2560 2156 2614 scholam

609 2649 935 2720 religiosam)
976 2648 1318 2703 venientibus
1363 2637 1425 2702 ut
1475 2648 1844 2718 spiritualium
1887 2651 2155 2705 seminum

611 2741 844 2796 fructum
871 2742 1123 2801 relerant,
1149 2754 1254 2793 non
1283 2738 1512 2792 debeant
1545 2739 1799 2796 omnibus
1828 2740 2154 2795 indiscrimi-

613 2833 778 2885 natim
819 2830 1004 2884 eadem
1054 2843 1152 2883 nec
1195 2829 1380 2882 eodem
1423 2829 1584 2882 modo
1633 2829 1792 2892 tradi,
1822 2831 1917 2884 sed
1947 2831 2157 2887 doctori

613 2922 913 2976 habendam
959 2934 1078 2974 esse
1116 2919 1378 2973 rationem
1419 2933 1680 2988 personae,
1725 2921 2004 2989 temporis,
2053 2922 2159 2977 ala-

610 3014 820 3068 critatis
843 3022 899 3066 et
924 3010 1282 3065 multitudinis
1308 3025 1494 3065 eorum
1525 3010 1618 3080 qui
1645 3009 1988 3078 erudiuntur.

857 3152 862 3156 .
1216 3099 1464 3155 Scholion
1498 3101 1555 3155 2.

679 3194 792 3250 lloc
819 3193 969 3258 dicit,
1000 3207 1121 3247 esse
1151 3193 1438 3249 nonnullos
1467 3193 1745 3263 religiosos
1770 3204 2034 3264 pastores,
2060 3199 2152 3267 qui

609 3302 748 3340 onus
779 3285 1105 3355 iudiciorum
1139 3285 1366 3338 aliorum
1417 3285 1472 3338 in
1513 3286 1767 3354 subjectis
1811 3289 1984 3342 nolint
2014 3289 2154 3343 reci-

609 3391 768 3444 pere,
815 3385 1030 3445 propter
1067 3375 1363 3439 delectum,
1412 3386 1490 3430 ut
1517 3377 1648 3431 dicit
1689 3378 2050 3490 maenis.
2096 3379 2151 3435 ld

616 3467 746 3490 .-.ηλ
803 3479 849 3490 -.
908 3481 1049 3490 _.__-
1101 3467 1152 3490 ε..
1196 3481 1301 3490 ..η
1350 3468 1532 3490 _-_--=-
1581 3469 1690 3490 ,εμπ
1739 3470 1981 3490 -.μιμμη
2062 3472 2145 3490 --με

609 3467 751 3536 quod
800 3479 854 3520 et
908 3481 1052 3521 nunc
1101 3467 1155 3519 in
1195 3481 1304 3520 non
1350 3468 1536 3535 paucis
1581 3467 1719 3521 lieri’
1739 3470 2005 3536 videmus,
2055 3472 2148 3540 qui

610 3556 974 3625 subiectorum
1003 3556 1105 3610 sibi
1131 3556 1503 3626 religiosorum
1536 3572 1695 3611 curas
1719 3567 1774 3611 et
1800 3559 2150 3628 cogitationes

609 3647 800 3702 nolunt
828 3647 1065 3715 recipere
1097 3645 1177 3699 vel
1214 3645 1424 3708 audire,
1454 3661 1576 3701 cum
1617 3647 1828 3701 interim
1853 3650 2000 3717 quod
2045 3649 2149 3719 ipsi

608 3738 927 3809 praecipiunt
959 3751 1143 3792 severe
1186 3736 1444 3806 exigant:
1478 3735 1564 3790 iSti
1608 3737 1867 3792 rationem
1906 3740 2149 3806 reddent,

539 3817 575 3843 ‘
605 3839 661 3885 et
695 3844 832 3884 onus
883 3828 1245 3891 sustinebunt,
1295 3828 1461 3897 utqui
1489 3828 1744 3901 subjectis
1788 3843 1950 3884 causa
1989 3831 2152 3885 detri-

607 3920 792 3984 menti,
817 3919 959 3989 quod
989 3918 1280 3988 accipiunt,
1308 3918 1431 3973 facti
1461 3921 1599 3985 sint;
1627 3929 1720 3974 aut
1760 3920 1966 3976 fructus
1989 3937 2148 3992 quem

605 4021 813 4067 tantum
837 4026 904 4066 ex
942 4009 1229 4074 mandatis,
1261 4019 1320 4064 nt
1345 4011 1450 4065 illis
1474 4009 1753 4078 mandant,
1783 4009 2064 4068 hauriunt.

821 4144 832 4152 .
864 4161 875 4171 ι
1205 4100 1453 4156 Scholion
1485 4103 1539 4157 3.
1882 4134 1884 4136 τ
1910 4106 1916 4115 ’

674 4188 792 4246 Non
825 4205 979 4260 posse
994 4191 1181 4261 iuvare
1209 4192 1402 4262 inopia:
1425 4203 1538 4259 est;
1568 4194 1712 4252 nolle
1741 4203 1994 4254 extrema:
2026 4213 2138 4253 ma-

579 4281 756 4335 litis.
1177 4324 1184 4328 .
1464 4270 1466 4272 ’
1567 4355 1570 4357 Α

1205 4372 1449 4428 Scholion
1484 4375 1540 4429 4.

675 4461 869 4530 Ingens
896 4475 963 4515 ex
990 4476 1048 4516 re
1075 4464 1418 4518 commodum
1445 4475 1498 4519 et
1522 4466 1823 4523 valentibus
1849 4483 1935 4525 res
1963 4485 2140 4540 agere,

604 4562 665 4609 ut
697 4554 838 4607 idem
859 4561 915 4608 et
942 4567 1144 4621 aegrum
1168 4562 1339 4608 sanet.
1373 4563 1427 4608 et
1453 4545 1643 4610 sanum
1667 4557 1736 4612 ad
1757 4557 2143 4628 perfectionem

601 4648 850 4705 deducat.

1202 4731 1446 4791 Scholion
1485 4738 1540 4794 5.

665 4831 734 4888 Si
775 4832 892 4904 quis
932 4837 1107 4884 autem
1145 4842 1257 4883 cute
1309 4828 1488 4883 domui
1535 4847 1750 4898 prceue
1791 4851 1892 4891 non
1931 4849 2097 4906 potest
2120 4879 2138 4906 ,

603 4923 854 4990 qumodo
892 4920 1139 4977 Ecclesiae
1161 4917 1259 4975 Dei
1283 4919 1563 4988 providebit
1582 4929 1612 4974 ς
1640 4923 1664 4978 1

1173 5270 1398 5330 CAPUT
1431 5272 1567 5328 XIII.

2783 2325 2886 2378 ΕΙΣ
2917 2325 3162 2380 ΚΕΦΔΛ.
3193 2335 3288 2390 ω’,

2860 2483 2904 2532 Σ
2907 2483 3114 2548 χόλιον
3139 2490 3206 2536 α’.

2325 2562 2494 2634 Οἶμαι
2521 2568 2672 2622 τοῦτο
2713 2569 2908 2637 λέγειν,
2934 2575 3014 2626 ὃτι
3046 2576 3158 2637 τοῖς
3189 2576 3503 2644 ἐρχομένοις
3540 2578 3634 2631 ἐπὶ
3669 2579 3791 2632 διδα

2257 2657 2503 2711 σκαλείον
2549 2663 2683 2728 πρὸς
2725 2664 2785 2715 τὸ
2826 2665 2934 2716 τῶν
2965 2668 3360 2736 πνευματικῶν
3392 2670 3726 2740 σπερμάτων
3754 2674 3812 2726 ὲν

2256 2752 2455 2820 μετοχῇ
2485 2753 2752 2818 γενέσθαι,
2783 2755 2878 2824 οὐχ
2923 2756 3108 2821 ἁπλῶς
3150 2759 3254 2828 χρὴ
3302 2761 3435 2813 πᾶσι
3461 2760 3809 2829 διαλέγεσθαι

2253 2838 2374 2892 οὐδὲ
2401 2839 2686 2904 ὡσαύτως·
2712 2843 2849 2896 ἀλλὰ
2871 2845 3011 2899 κατὰ
3043 2848 3106 2900 τὸ
3137 2849 3422 2919 πρόσωπον
3451 2849 3549 2902 καὶ
3571 2849 3662 2905 τὸν
3686 2868 3809 2904 και-

2255 2927 2371 2997 ρδν,
2401 2931 2494 2982 καὶ
2534 2931 2632 3001 τὴν
2665 2933 2989 3003 προθυμίαν,
3023 2937 3114 2990 καὶ
3153 2939 3214 2991 τὸ
3256 2937 3456 3009 πλῆθος
3485 2941 3594 2994 τῶν
3627 2942 3807 3012 3:491;-

2253 3022 2572 3090 τευομένων.

2845 3121 3095 3186 Σχόλιον
3138 3121 3196 3192 β’.
3286 3175 3290 3178 .

2329 3207 2496 3262 Τοῦτο
2541 3206 2705 3276 λέγει,
2747 3211 2827 3264 ὃτι
2856 3207 2963 3263 είσὶ
2992 3213 3243 3282 ποιμένες
3285 3215 3460 3279 τινες,
3496 3216 3663 3287 βάρος
3703 3217 3809 3288 μὲν

2257 3299 2535 3368 χριμάτων
2578 3300 2779 3369 ἐτέρων
2832 3300 2932 3354 οὐκ
2973 3302 3358 3372 ἀναδεχόμενοι
3422 3307 3484 3357 ἐν
3543 3308 3656 3369 τοῖς
3697 3305 3805 3358 ὑπο

2255 3387 2458 3454 ηκόοις,
2484 3388 2549 3441 δι’
2579 3390 2820 3454 ἔνδειαν,
2840 3391 2913 3454 ὥς
2941 3408 3094 3461 φησι,
3121 3392 3470 3463 τελειότητος.
3503 3395 3684 3466 Ὅπερ
3709 3396 3805 3448 καὶ

2253 3475 2347 3528 νῦν
2373 3477 2584 3547 ὁρῶμεν
2624 3481 2684 3532 ὲν
2710 3481 2942 3543 πολλοῖς,
2977 3481 3052 3550 μὴ
3094 3483 3537 3552 καταδεχομένοις
3564 3486 3690 3549 τοὺς
3713 3486 3806 3539 λο-

2252 3568 2481 3634 γισμοὺς
2511 3568 2616 3620 τῶν
2660 3569 2764 3622 ὑπὸ
2806 3571 2960 3638 χεῖρα
3007 3571 3253 3640 μοναχῶν
3272 3587 3288 3603 ο
3335 3572 3444 3626 τῶν
3484 3573 3541 3626 δὲ
3585 3575 3806 3629 οίκείων

2257 3659 2687 3727 προσταγμάτων
2739 3661 2952 3723 πάντως
2970 3678 2984 3691 ·
3040 3655 3182 3716 οὗτοι
3242 3663 3334 3717 τὸν
3385 3663 3541 3733 λόγον
3588 3667 3683 3720 καὶ
3742 3668 3807 3721 τὸ

2255 3747 2418 3816 βάρος
2451 3749 2750 3815 ὑφέξουσιν,
2792 3751 2865 3815 ὼς
2895 3753 3056 3807 αἴτιοι
3087 3755 3358 3824 γινόμενοι
3398 3759 3510 3818 τοῖς
3539 3757 3804 3826 ὑπηκόοις

2253 3837 2454 3908 βλάϐης
2481 3839 2514 3909 ἢ
2563 3840 2821 3909 ὠφελείας
2847 3843 2954 3897 ἀπὸ
2995 3845 3171 3915 μόνων
3194 3845 3290 3915 τῆς
3323 3846 3368 3880 ³⁷
3410 3847 3804 3918 ἐπιταγμάτων

2239 3930 2326 3994 ’ὡς
2355 3931 2533 3994 αὐτοῖς
2578 3933 2971 3989 ὲπιτάσσουσιν.

2828 4119 3080 4187 Σχόλιον
3129 4124 3198 4187 γ’.

2317 4209 2390 4263 Τὸ
2451 4209 2548 4278 μὲν
2593 4209 2848 4264 δύνασθαι
2902 4209 3132 4280 βοηθεῖν,
3180 4209 3451 4283 ἀπορίας*
3500 4212 3561 4267 τδ
3608 4213 3665 4268 δὲ
3719 4213 3801 4289 μὴ

2248 4295 2550 4368 βούλεσθαι,
2577 4298 2771 4362 κακίας
2806 4297 3062 4368 μεγίστης
3099 4298 3265 4356 ἐστίν.

2249 4382 2256 4389 “
2340 4402 2342 4405 ·
2589 4455 2598 4462 _
2848 4390 3101 4456 Σχόλιον
3137 4386 3197 4443 δ’.
3369 4444 3383 4452 _

2311 4478 2470 4544 Μέγα
2499 4478 2559 4532 τὸ
2585 4479 2648 4531 ἔκ
2677 4476 2770 4532 τοῦ
2816 4478 3133 4548 πράγματος
3159 4476 3369 4546 ὄφελος,
3417 4477 3513 4531 καὶ
3553 4479 3666 4542 τοῖς
3697 4481 3798 4552 ep.

2245 4569 2503 4640 ρωμὲνοις
2547 4569 2673 4639 περὶ
2699 4569 2796 4632 τὰς
2846 4568 3100 4638 πράξεις·
3145 4567 3286 4623 ὥστε
3313 4568 3375 4622 τὸ
3400 4567 3530 4623 αὐτὸ
3564 4569 3659 4623 καὶ
3699 4588 3795 4626 νο-

2243 4659 2438 4714 σοῦντα
2467 4660 2630 4723 ίᾶται,
2657 4658 2748 4712 καὶ
2777 4657 3082 4725 ὑγιαίνοντα
3103 4657 3319 4714 τελειοῇ

2834 4748 2879 4800 Σ
2880 4746 3089 4814 χόλων
3134 4746 3197 4802 ι’.

2314 4838 2378 4892 EI
2411 4837 2468 4890 δέ
2506 4853 2592 4900 τις
2631 4835 2725 4890 τοῦ
2768 4836 2897 4890 ἰδίου
2925 4835 3075 4890 οἴκου
3103 4837 3401 4909 προστῆναι
3436 4839 3502 4897 οὗ
3542 4829 3792 4913 δύναται,

2244 4928 2360 4993 tu};
2399 4927 2716 4996 Ἑκκλησίας
2739 4925 2875 4982 Θεοῦ
2897 4926 3317 5000 ιπιμελήσεταις

2814 5283 3068 5344 ΚΕΦΔΔ.
3096 5281 3191 5342 Il".

1939 5367 2098 5429 Varia
2126 5378 2452 5442 documenta.

670 5473 850 5544 Turpe
883 5480 969 5527 est
1013 5474 1265 5542 magistro
1294 5479 1527 5544 virtutis,
1559 5489 1785 5535 mortem
1830 5482 2139 5556 formidare,

604 5567 819 5642 quando
842 5562 1145 5620 obedientia
1162 5566 1353 5622 mortis
1381 5570 1644 5625 securitas
1666 5586 1786 5629 esse
1806 5575 2138 5644 perhibetur.

671 5689 701 5730 ⁴ι
726 5678 748 5734 1
769 5677 910 5734 Tim.
943 5693 1024 5743 tn,
1054 5675 1105 5731 5.

681 5789 724 5820 ⁸⁷
757 5790 883 5853 ἴσως
928 5791 1024 5857 τῆς
1064 5789 1170 5842 ἀπὸ
1215 5787 1406 5856 μόνων.
1483 5788 1525 5821 ³⁸
1549 5790 1853 5848 δεδοικέναι.

2313 5493 2548 5563 Αίσχύνη
2608 5494 2823 5564 ποιμένι
2869 5492 3092 5547 θάνατον
3129 5492 3352 5546 δεδιέναι
3398 5495 3462 5570 ³⁸,
3522 5497 3656 5552 ὅπου
3714 5517 3784 5571 γε

2201 5619 2205 5623 -
2247 5581 2341 5636 καὶ
2383 5583 2539 5638 τοῦτο
2569 5582 2778 5655 ὑπακοὴ
2800 5580 3038 5653 ὁρίζεται
3069 5579 3272 5635 “ulla
3304 5565 3548 5644 θανάτου.
3589 5565 3782 5662 Ζήτει,
