4032 6340
166 404 296 471 1193

1380 409 1611 471 LIBER
1637 373 1736 468 At)
1759 402 2178 467 PAS‘I'OREM.

3266 411 3395 475 lilii

156 515 204 573 ὦ
226 520 433 591 μάκαρ,
459 518 622 584 ποίας
649 518 759 572 τῶν
788 517 996 590 ἀρετῶν
1027 518 1193 590 χωρὶς
1219 518 1391 581 οὐδεὶς
1412 520 1601 589 ὄψεται
1630 517 1724 571 τὸν

1828 512 1994 584 487
2028 511 2241 582 Cogita,
2274 511 2451 580 beate,
2501 514 2621 569 sine
2672 531 2774 586 qua
2823 517 3162 587 potissimum
3203 522 3399 577 virtute

162 611 387 683 Κύριον,
416 610 682 681 κάκείνην
712 610 820 681 πρὸ
847 609 1065 663 πάντων
1100 609 1383 680 περιποιοῦ
1417 612 1527 673 τοῖς
1565 609 1726 677 ἐγγό-

158 718 293 765 νοις·
340 700 490 763 λείας
525 718 583 754 τε
624 701 717 753 καὶ
752 699 1125 771 θηλυκοειδοῦς
1151 700 1323 769 ὅψεως
1348 701 1427 762 εἰς
1459 700 1602 753 ἅπαν
1620 698 1726 751 λυ-

154 791 455 864 τρούμενος
473 792 575 860 (I).
604 791 884 845 Ἔστωσαν
908 791 1039 845 πᾶσι
1056 792 1167 853 τοῖς
1186 790 1275 858 ὑφ’
1291 788 1437 860 ήμᾶς
1460 790 1517 840 ἐν
1538 788 1727 859 Κυρίῳ

158 883 299 954 πρὸς
322 884 420 947 τὰς
448 883 762 953 σωματικάς
786 882 1003 953 ήλικίας
1024 882 1078 934 αἱ
1099 881 1459 944 καταστάσεις
1489 881 1581 934 καὶ
1602 897 1729 933 κατ-

152 976 398 1046 οικήσεις
452 976 714 1046 διάφοροι.
750 975 826 1028 Οὐ
861 974 982 1029 δέον
1025 973 1134 1043 γάρ
1177 991 1297 1026 τινα
1339 973 1447 1027 τῶν
1494 970 1727 1041 λιμένων

153 1067 605 1138 ἀποπέμπεσθαι,
635 1066 740 1137 πρὸ
767 1066 1083 1137 φρονήσεως
1114 1065 1214 1135 τῆς
1241 1064 1381 1118 κατὰ
1407 1063 1610 1132 κόσμον
1636 1063 1725 1116 ὲν-

153 1158 349 1228 νόμου.
374 1158 577 1227 Χεῖρας
606 1158 680 1229 μὴ
702 1158 907 1228 ταχέως
933 1158 1039 1213 τινὶ
1066 1158 1417 1229 ἐπιθήσομεν,
1441 1156 1637 1228 μήπως
1668 1159 1725 1211 ὲν

155 1248 354 1317 ἀγνοίᾳ⁵
386 1248 771 1319 προσαγόμενά
797 1266 918 1302 τινα
954 1248 1060 1302 τῶν
1100 1248 1406 1320 προϐάτων,
1442 1251 1501 1301 ὲν
1526 1246 1725 1316 γνώσει

153 1338 344 1393 λοιπὸν
387 1341 647 1409 γινόμενα
670 1340 764 1393 καὶ
803 1340 866 1393 τὺ
892 1341 1075 1411 βάρος,
1111 1341 1206 1393 καὶ
1232 1341 1321 1393 τὸν
1359 1338 1615 1394 καύσωνα
1645 1342 1722 1413 μὴ

154 1431 517 1500 ὑπομένοντα,
546 1431 640 1484 ἐπὶ
686 1432 778 1485 τὸν
825 1434 1027 1503 κόσμον
1072 1431 1530 1503 αὑτομολήσωσινο
1588 1432 1725 1503 ὅπερ

152 1526 271 1587 τοῖς
291 1523 894 1594 προκεχειροτονηκόσιν
916 1524 1017 1578 οὐκ
1034 1523 1314 1577 ἀκίνδυνον
1338 1524 1489 1594 παρά
1511 1522 1588 1593 τῷ
1607 1523 1724 1594 Θεῷ

154 1615 513 1687 καθέστηκεν.
545 1616 642 1680 Τίς
674 1616 783 1686 ἄρα
818 1614 1055 1680 τοιοῦτος
1101 1615 1437 1685 καθέστηκεν
1477 1616 1543 1669 ἐκ
1586 1615 1723 1670 Θεοῦ

153 1710 455 1776 οξκονόμος,
478 1706 539 1771 6;
562 1706 670 1760 τῶν
690 1707 881 1760 ἑαυτοῦ
904 1706 1091 1776 πηγῶν
1113 1706 1208 1760 καὶ
1228 1706 1447 1776 μόχθων
1473 1704 1724 1777 ἀνενδεὴς

153 1797 514 1868 καθέστηκεν,
544 1797 639 1851 καὶ
681 1796 818 1868 πρὸς
841 1797 942 1868 τὴν
974 1796 1177 1867 ἑτέρων
1200 1796 1467 1868 κάθαρσιν
1500 1796 1724 1861 ταύταις

157 1887 298 1959 πρὸς
345 1887 477 1941 Θεδν
526 1886 759 1956 ἀφειδῶς
803 1888 1089 1957 κέχρηται,
1126 1886 1325 1956 ψυχὰς,
1360 1887 1454 1940 καὶ
1497 1886 1725 1957 σώματα

157 1977 398 2047 μάλιστα
457 1976 819 2048 ὲρῤυπωμένα
884 1976 1219 2045 ἀποσμήχων
1269 1976 1345 2046 μή
1404 1991 1534 2027 ποτε
1585 1974 1725 2028 παύ-

158 2085 223 2138 ση
254 2067 361 2138 (Ξ),
409 2068 496 2121 ἵνα
544 2067 619 2138 μή
672 2066 831 2138 μόνον
863 2066 1096 2128 οἰκείων,
1136 2064 1272 2119 ἀλλά
1308 2066 1400 2119 καὶ
1432 2065 1727 2136 ἀλλοτρίων

152 2160 346 2229 ψυχῶν
374 2159 669 2227 στεφάνους
695 2157 846 2227 παρά
883 2156 979 2211 τοῦ
1008 2157 1172 2211 καλοῦ
1212 2156 1550 2226 ἀγωνοθέτου
1585 2159 1726 2228 παῤ-

158 2249 328 2319 ρησίᾳ
364 2250 716 2320 ὲκξητήσειςς
747 2246 899 2302 Εἶδον
932 2247 1133 2317 ἀσθενῆ
1160 2247 1443 2302 ἀσθένειαν
1468 2249 1727 2313 ἀσθενοῦς

156 2342 220 2394 ἐκ
264 2340 504 2405 πίστεως
552 2341 868 2411 καθάραντα
906 2340 1148 2413 ἀναιδείᾳ
1183 2339 1545 2411 ἐπαινουμένη
1590 2339 1727 2409 πρὸς

155 2432 291 2487 Θεδν
319 2432 464 2503 ὑπὲρ
486 2430 695 2485 ἐκείνου
724 2429 1089 2502 χρησάμενον,
1125 2431 1220 2483 καὶ
1247 2430 1348 2498 τὴν
1379 2428 1555 2498 ψυχὴν
1586 2428 1725 2496 ὑπὲρ

153 2520 340 2598 ψυχῆς
387 2519 569 2581 θέντα,
605 2520 663 2573 ἐν
699 2517 1025 2572 ταπεινώσει
1071 2516 1254 2598 μέντοι
1294 2518 1359 2572 ἐκ
1388 2517 1486 2586 τῆς
1518 2515 1724 2569 ἐκείνου

157 2594 381 2678 ίάσειιίς,
410 2611 507 2665 καὶ
548 2610 737 2665 ἑαυτὸν
779 2609 964 2663 λοιπὴν
1014 2594 1324 2679 ἰασάμενον·
1354 2608 1446 2661 καὶ
1491 2602 1630 2660 εἶδον
1666 2606 1727 2671 ἐξ

152 2704 389 2774 οἰήσεως
434 2701 632 2772 ὁμοίως
663 2700 1017 2772 πεποιηκότα,
1045 2702 1159 2765 καὶ,
1212 2700 1411 2767 Ἰατρέ,
1441 2698 1725 2767 θεράπευ⁸

154 2808 275 2847 σον
310 2792 610 2856 σεαυτὸν,
651 2794 770 2862 μετ’
800 2792 1171 2862 ἐπιτιμήσεως
1211 2790 1537 2845 ἀκούσαντα.
1569 2789 1726 2841 Ἐστι

157 2880 602 2954 παραιτήσασθαι
644 2882 867 2950 ἀγαθὸν,
893 2882 981 2936 διὰ
1011 2882 1196 2952 μεῖζον
1223 2882 1444 2950 ἀγαθὸν,
1479 2881 1554 2943 ὠς
1594 2883 1622 2934 6
1665 2880 1726 2945 τὸ

157 2974 464 3044 μαρτύριον
489 2972 591 3026 οὐκ
619 2973 682 3025 ὲκ
707 2972 909 3036 δειλίας
931 2972 1205 3041 διαφυγὼν
1230 2972 1329 3042 (4),
1356 2972 1491 3025 άλλά
1519 2971 1604 3024 διά
1628 2970 1726 3039 τὴν

152 3065 264 3119 τῶν
301 3066 396 3119 ὑπ’
424 3064 589 3119 αὐτοῦ
634 3062 953 3133 σωζομένων
1010 3064 1106 3115 καὶ
1160 3062 1544 3132 φωτιζομένων
1583 3060 1725 3129 ὠφέ-

1756 1839 1798 1895 Β

152 3155 329 3209 λειανο
364 3153 511 3207 εστιν
554 3153 586 3206 6
625 3151 818 3206 ἑαυτὸν
858 3151 1050 3221 άτιμίᾳ
1076 3150 1165 3205 διὰ
1195 3151 1293 3221 τὴν
1330 3151 1532 3219 ἑτέρων
1560 3149 1723 3219 τιμήν
1750 3168 1795 3228 α

153 3243 494 3307 ἐκδεδωκὼς,
529 3245 623 3297 καὶ
661 3240 814 3312 παρά
849 3240 1063 3304 πολλοῖς
1096 3241 1172 3303 ὡς
1206 3240 1481 3311 φιλήδονος
1510 3238 1722 3307 λογιζό-

154 3352 345 3404 μενος,
400 3334 550 3405 ὅμως
597 3333 674 3397 ὡς
707 3333 905 3396 πλάνος
934 3332 1028 3386 καὶ
1054 3330 1262 3402 ἀληθὴς
1304 3332 1579 3401 τυγχάνειο
1617 3330 1665 3382 εί
1696 3330 1725 3382 6

151 3426 315 3494 λόγον
343 3425 611 3494 ὡφελείας
642 3424 887 3494 κατέχων
911 3423 1011 3493 (5),
1036 3422 1130 3493 καὶ
1158 3422 1235 3495 μὴ
1264 3420 1450 3475 τοῦτον
1480 3419 1725 3491 ἀφθόνως

152 3516 497 3587 μεταδιδοὺς,
542 3515 643 3569 οὐκ
684 3513 1049 3587 ἀτιμώρητος
1077 3513 1248 3578 ἔσται,
1305 3512 1489 3577 πόσος,
1528 3514 1652 3577 οἴει,
1681 3507 1726 3565 ὦ

149 3607 303 3674 φίλε,
330 3606 587 3677 τυγχάνει
616 3606 645 3657 6
662 3606 903 3668 κίνδυνος
925 3605 971 3638 ³³
999 3606 1105 3658 τῶν
1128 3604 1439 3675 δυναμένων
1468 3605 1511 3636 ⁵ο
1540 3605 1633 3657 καὶ
1656 3604 1726 3656 δι’

151 3697 359 3765 ἑαυτῆς
384 3696 493 3749 τῶν
522 3694 697 3764 ἔργων
745 3692 1031 3764 συνεργίας
1068 3696 1180 3758 τοῖς
1206 3694 1561 3764 κακουμένοις
1595 3710 1726 3761 συγ-

150 3787 410 3855 κάμνειν,
460 3786 553 3839 καὶ
597 3785 674 3855 μὴ
714 3784 1191 3854 συγκοπουμένοιςο
1239 3784 1402 3854 ῥῦσαι
1431 3787 1460 3837 6
1490 3787 1555 3836 ὲκ
1591 3783 1727 3836 Θεόὖ

152 3878 403 3949 ῥυσθεὶς,
437 3876 532 3929 καὶ
562 3874 735 3927 σῶσον
761 3874 790 3925 6
811 3873 1021 3936 σωθεὶς,
1051 3872 1351 3941 ἀγομένους
1370 3873 1450 3936 είς
1475 3872 1724 3932 θάνατον,

150 3968 250 4021 καὶ
294 3966 665 4035 ικπριάμενος
705 3964 773 3995 ⁸⁸·
808 3963 1182 4033 κτεινομένους
1204 3962 1308 4015 ὑπὸ
1338 3962 1606 4031 δαιμόνων
1649 3960 1727 4030 μὴ

149 4057 344 4128 φιίσῃ,
374 4055 547 4108 Τοῦτο
572 4053 680 4123 γάρ
708 4053 891 4124 πάσης
931 4054 1097 4123 πνοῆς
1127 4052 1430 4123 δυναμένης
1473 4051 1535 4104 τὸ
1582 4051 1727 4121 μέγα

146 4147 396 4201 ιπαθλον
424 4145 576 4215 παρά
601 4144 719 4215 Θεῷ
737 4144 876 4215 ὑπὲρ
900 4146 1078 4199 πᾶσαν
1098 4144 1357 4215 ἐργασίαν
1384 4144 1477 4198 καὶ
1496 4142 1726 4212 θεωρίαν

151 4240 372 4311 βροτῶν
410 4240 506 4292 καὶ⁵
533 4237 797 4309 ἀϐρότων,
835 4238 1098 4307 συνεργὸν
1140 4237 1328 4309 ὥσπερ
1356 4237 1464 4291 τῶν
1503 4237 1727 4306 ἀσωμά-

1828 618 1989 657 nemo
2024 604 2091 658 ad
2122 602 2217 658 Dei
2247 614 2601 674 conspectum
2634 606 2982 674 admittatur;
3021 625 3253 681 eamque
3288 630 3395 682 qua

1826 701 1984 761 potes
2026 702 2145 746 arte
2176 692 2416 748 alumnis
2463 695 2569 771 tuis
2596 694 2818 763 instilla,
2864 696 3069 754 formas
3103 716 3394 771 corporum

1823 783 2231 838 emendatiores
2264 794 2315 838 et
2342 784 2636 841 muliebres
2666 787 2735 841 ab
2763 800 2951 843 eorum
2985 796 3206 859 aspectu
3246 794 3397 861 peni-
3500 844 3505 849 .

1825 879 1916 927 tus
1955 887 2194 928 remove.
2240 873 2365 929 Siut
2392 877 2669 941 erunibus,
2704 879 2797 947 qui
2844 880 2950 935 sub
2997 881 3164 951 signis
3192 882 3394 939 Christi

1825 963 1969 1034 apud
2001 980 2101 1021 nos
2129 966 2390 1029 militant,
2425 983 2539 1022 suae
2570 984 2667 1037 pro
2688 970 2863 1025 aetatis
2894 973 3106 1026 ratione
3135 974 3395 1031 stationes

1827 1055 2088 1127 (ordines)
2134 1064 2190 1111 et
2227 1056 2525 1114 domicilia.
2565 1057 2759 1115 Nullus
2792 1060 2935 1115 enim
2983 1063 3143 1118 nobis
3176 1079 3204 1117 a
3238 1076 3396 1135 portu

1826 1145 2107 1216 religionis
2134 1158 2262 1202 ante
2290 1148 2589 1204 adhibitam
2624 1152 2789 1205 etiam
2819 1152 3024 1209 mundo
3060 1155 3397 1224 probandam

1825 1236 2171 1305 prudentiam
2216 1238 2547 1307 rejiciendus
2591 1252 2698 1297 est.
2754 1240 2967 1297 Nemini
3018 1244 3127 1298 cito
3178 1246 3285 1302 nisi
3329 1248 3398 1303 de

1825 1342 1980 1382 more
1996 1328 2248 1397 probato,
2265 1345 2463 1385 manus
2488 1331 2837 1402 imponemus
2854 1334 3393 1410 (tondebimusque);

1825 1433 1894 1473 ne
1920 1434 2027 1489 qua
2063 1423 2251 1474 ovium
2302 1436 2397 1489 per
2443 1422 2830 1493 ignorantiam,
2873 1426 3216 1495 disciplinam
3275 1430 3397 1485 reli-

1823 1508 2036 1579 giosam
2089 1512 2390 1580 cemplexa,
2440 1514 2663 1584 cognito
2704 1524 2892 1584 postea
2941 1533 3124 1571 rerum
3162 1530 3305 1573 statu
3345 1533 3398 1576 et

1822 1599 2140 1656 difﬁcultate
2168 1602 2234 1657 ad
2266 1618 2409 1659 onus
2450 1613 2506 1658 et
2532 1616 2725 1660 aestum
2772 1605 3052 1675 religionis
3082 1609 3394 1677 impatiens.

1824 1701 1971 1747 retro
1994 1706 2102 1761 qua
2128 1703 2348 1748 venerat
2380 1694 2449 1748 ad
2475 1696 2735 1771 sazculum
2762 1706 3090 1765 revertatur,
3109 1702 3254 1769 quod
3288 1718 3395 1756 non

1823 1797 2051 1851 parvum
2103 1784 2384 1852 magistris
2429 1785 2687 1851 illorum,
2736 1796 2789 1843 et
2830 1789 3203 1845 initiatoribus
3257 1795 3396 1862 apud

1828 1871 2002 1927 Deum
2034 1873 2339 1943 perieulum
2380 1876 2613 1930 creabit.
2655 1877 2792 1943 Quis
2836 1895 2999 1949 porro
3028 1882 3133 1936 erit
3181 1884 3398 1937 divinus

1825 1962 1914 2017 ille
1958 1978 2303 2030 (economus,
2351 1966 2445 2036 qui
2491 1966 2720 2023 fontium
2774 1985 3001 2025 suorum
3050 1982 3107 2026 et
3150 1973 3397 2028 laborum

1827 2053 1970 2109 haud
1996 2054 2235 2125 indigus,
2267 2058 2433 2112 etiam
2461 2060 2529 2114 ad
2551 2060 2784 2115 aliorum
2818 2064 3129 2133 purgandos
3158 2081 3187 2118 a
3214 2069 3395 2122 Sordi-

1824 2145 1928 2201 bus
1960 2147 2195 2212 animos,
2236 2148 2475 2219 copiosis
2505 2166 2537 2204 a
2579 2151 2689 2206 Deo
2721 2153 3087 2224 laerytnarnm
3134 2157 3398 2215 imbribus

1825 2236 2085 2307 irrigatus
2115 2238 2381 2305 abundat,
2427 2250 2483 2296 et
2521 2241 2621 2297 has
2653 2243 2721 2296 ad
2750 2245 2984 2300 aliorum
3021 2247 3397 2304 lustrationem

1823 2341 1919 2382 seu
1950 2328 2384 2397 puriﬁcationem
2413 2331 2742 2403 laudemque
2772 2334 2866 2389 Dei
2907 2337 3205 2393 liberaliter
3241 2341 3398 2395 adhi-

1825 2417 1934 2473 bet.
1985 2417 2193 2476 Mentes
2228 2429 2283 2477 et
2309 2436 2542 2493 corpora
2585 2434 2933 2494 peccatorum
2972 2429 3398 2498 inquinamentis
3448 2461 3451 2463 -

1823 2504 2023 2561 (redata
2053 2509 2333 2580 detergere
2358 2527 2427 2565 ne
2457 2527 2635 2579 cessa,
2668 2515 2749 2567 uti
2774 2531 2880 2569 non
2917 2526 3133 2574 tuarum
3165 2528 3395 2585 tantum,

1828 2598 1922 2651 sed
1953 2598 2258 2654 alienarum
2287 2616 2509 2671 quoque
2540 2605 2852 2659 animarum
2896 2607 3169 2664 laureolas
3197 2625 3227 2664 a
3265 2613 3397 2665 libo-

1830 2691 1932 2744 rali
1959 2694 2275 2749 munerario
2305 2704 2360 2750 et
2398 2698 2727 2764 agonothcta
2760 2716 2955 2769 magna
2992 2716 3088 2771 spe
3116 2713 3169 2757 et
3198 2706 3395 2761 ﬁducia

1826 2794 2045 2848 poscas.
2092 2780 2214 2836 Vidi
2262 2798 2364 2854 ego
2394 2787 2649 2841 morbum
2688 2790 2816 2859 aegri
2866 2790 2935 2845 ab
2982 2792 3093 2846 alio
3121 2810 3267 2862 tugro
3304 2812 3401 2865 per

1829 2871 1989 2924 Iidem
2021 2872 2202 2928 curari
2232 2874 2500 2931 laudanda
2533 2893 2665 2933 sane
2692 2878 3026 2950 impudentia
3056 2887 3196 2953 apud
3232 2885 3397 2941 Deum

1828 2976 1928 3030 pro
1962 2962 2075 3023 illo.
2109 2980 2231 3031 uso,
2278 2967 2633 3039 animamque
2661 2985 2760 3041 pro
2807 2973 2989 3027 anima
3019 2986 3275 3044 ponente,
3304 2983 3399 3047 qni

1826 3068 1892 3106 ex
1933 3054 2043 3109 alta
2078 3056 2278 3112 mentis
2306 3057 2647 3117 demissione
2689 3073 2911 3133 propter
2944 3066 3170 3121 alterius
3199 3085 3398 3137 proru-

1827 3153 1999 3199 ratam
2053 3149 2369 3215 sanitatem,
2417 3151 2532 3219 ipse
2568 3152 2737 3223 5.88
2772 3170 2990 3225 quoque
3031 3160 3261 3214 salutem
3318 3176 3403 3217 est

1826 3247 2179 3294 consecutus.
2212 3239 2334 3295 Vidi
2366 3244 2458 3312 qui
2489 3244 2631 3300 idem
2662 3262 2729 3301 ex
2763 3249 2932 3303 animi
2954 3237 3191 3308 elatione
3223 3264 3399 3310 tenta-

1825 3336 1929 3392 ret,
1975 3320 2307 3398 qui’merito
2332 3335 2701 3402 reprehensus
2747 3339 2925 3394 audiit
2961 3358 2975 3395 :
3011 3340 3236 3408 Medica,
3266 3362 3401 3401 cura

1823 3419 2049 3487 teipsum
2071 3421 2113 3473 '.
2143 3419 2305 3476 Juvat
2321 3438 2714 3496 nonnunquam
2742 3429 2939 3489 bonum
2965 3433 3212 3502 (majoris
3232 3452 3399 3494 causa
3492 3460 3496 3464 θ

1824 3508 1973 3579 boni)
2015 3510 2317 3577 declinare,
2350 3516 2535 3582 decus,
2570 3517 2816 3587 inquam,
2858 3526 3135 3594 martyrii,
3181 3544 3288 3581 non
3335 3546 3399 3584 ex

1825 3599 1995 3654 animi
2022 3600 2396 3659 imbecillitate
2421 3621 2519 3660 seu
2550 3607 2767 3674 timore,
2804 3613 2895 3666 sed
2929 3625 3149 3683 propter
3169 3618 3400 3683 aliorum

1827 3691 2117 3747 utilitatem
2146 3692 2252 3749 ﬁde
2278 3695 2677 3752 illustratorum
2720 3702 2836 3756 sive
2859 3705 3197 3761 credentium
3232 3720 3285 3763 et
3311 3726 3402 3765 sa-

1826 3782 1995 3836 lutem
2024 3784 2123 3852 (a).
2158 3783 2257 3839 Est
2286 3788 2381 3855 qui
2404 3787 2648 3856 seipsum
2683 3792 2755 3844 ob
2776 3793 3006 3849 alterius
3034 3798 3267 3853 salutem
3300 3817 3400 3855 et-

1825 3872 1979 3940 ponit
2005 3873 2337 3941 ignominiaa,
2367 3886 2420 3931 et
2442 3891 2473 3930 a
2505 3874 2693 3933 multis
2720 3895 2817 3949 pro
2848 3883 3070 3940 homine
3100 3888 3402 3957 voluptario

1820 3961 2098 4030 iudicatur
2128 3973 2185 4017 et
2225 3965 2539 4033 damnatur,
2586 3977 2778 4038 estque
2823 3975 2978 4041 quasi
3036 3979 3300 4045 seductor,
3350 3994 3399 4035 ct

1826 4060 2002 4105 tamen
2034 4069 2213 4109 veram.
2242 4055 2301 4111 Si
2330 4058 2425 4128 qui
2453 4060 2578 4115 aliis
2612 4063 2898 4131 profutura
2932 4069 3102 4136 novit,
3126 4081 3182 4125 et
3207 4072 3402 4131 docere

1824 4155 1951 4231 cum
1975 4145 2171 4213 possit,
2197 4156 2443 4215 recusat,
2474 4151 2528 4206 id
2550 4152 2693 4208 haud
2716 4154 2939 4225 impune
2963 4158 3128 4227 feret;
3152 4162 3203 4216 in
3228 4180 3401 4231 quan-

1825 4230 1964 4297 tum,
1995 4243 2176 4303 putas,
2209 4239 2404 4306 amice,
2437 4255 2499 4296 se
2526 4243 2825 4312 periculum
2852 4248 3069 4315 animae,
3100 4230 3404 4323 conjiciunt
3484 4278 3491 4287 ·

147 4347 265 4382 των
309 4329 410 4381 καὶ
445 4326 647 4397 νοερῶν
684 4326 965 4398 δυνάμεων
999 4327 1191 4381 ἑαυτὸν
1218 4326 1564 4413 ἀποδείκνυσι
1600 4328 1629 4380 6
1656 4328 1723 4397 τῇ

1828 4322 1891 4389 ii,
1924 4326 2021 4395 qui
2056 4340 2224 4396 opera
2262 4345 2361 4386 sua
2392 4341 2448 4388 et
2480 4334 2700 4392 virtutis
2743 4336 3014 4396 industria
3052 4322 3402 4405 alioslevare

148 4421 217 4475 ὲκ
251 4418 397 4473 Θεοῦ
444 4417 659 4488 δοθείσῃ
687 4416 836 4487 αὐτῷ
862 4417 1212 4506 καθαρότητι,
1248 4418 1339 4471 τὸν
1375 4418 1483 4471 τῶν
1524 4418 1726 4488 ἑτέρων

1826 4415 2096 4506 θιΔῙιινατε
2119 4430 2368 4489 possunt,
2403 4432 2459 4479 et
2486 4428 2748 4483 auxilium
2777 4438 2954 4486 tamen
2980 4432 3196 4506 negant.
3236 4438 3402 4495 Serva

150 4511 336 4581 ῥύπον
358 4509 717 4587 ἀποσμήχων,
750 4507 843 4560 καὶ
869 4505 929 4570 ἐξ
954 4505 1254 4577 ἐπιμωμων
1280 4508 1484 4578 ἄμωμα
1506 4509 1583 4579 τῷ
1609 4509 1728 4580 Θεῷ

1829 4502 1970 4559 alios
1999 4513 2056 4560 et
2084 4504 2205 4577 ipse
2234 4523 2265 4562 a
2296 4507 2409 4564 Deo
2430 4518 2701 4580 servatus,
2735 4517 2887 4587 eripe
2912 4494 3103 4577 ductos
3126 4523 3192 4577 ad
3216 4494 3400 4580 necent

145 4602 306 4675 δῶρα
336 4584 686 4671 προσφέρων.
722 4598 891 4652 Τοῦτο
919 4598 1026 4669 γάρ
1055 4598 1149 4651 καὶ
1175 4598 1337 4667 μόνον
1363 4600 1449 4652 ἀεὶ
1479 4600 1542 4653 τὸ
1566 4600 1727 4671 ἔργον
1764 4670 1767 4675 ι

146 4692 264 4744 τῶν
304 4687 474 4742 θείων
500 4686 849 4757 λειτουργῶν.
888 4687 1118 4752 Πάντες
1151 4687 1261 4756 γὰρ
1298 4690 1351 4741 οι
1378 4689 1583 4755 κύκλῳ
1621 4694 1729 4745 αὺ-

147 4781 265 4835 τοῦ
306 4780 561 4835 οῑσουσι
596 4778 778 4847 δῶρα,
819 4777 1043 4847 ψυχάς.
1072 4778 1239 4832 Οὐδὲν
1278 4778 1420 4831 οὕτω
1446 4778 1546 4849 τὴν
1590 4781 1729 4852 πρὸς

146 4871 307 4941 ήμᾱς
337 4868 436 4923 τοῦ
466 4868 769 4932 πλάσαντος
808 4870 955 4939 ἡμᾶς
995 4868 1289 4921 ὲνδείκνυσι
1318 4867 1728 4939 φιλανθρωπίαν

146 4963 249 5017 καὶ
276 4960 623 5032 ἀγαθότητα,
646 4960 723 5024 ὡς
746 4961 806 5013 τὸ
836 4959 1151 5015 καταλιπεῖν
1177 4959 1246 5012 τά
1270 4961 1618 5030 ἐννενήκοντα
1644 4963 1728 5017 έν-

146 5049 252 5105 νια
281 5048 569 5121 πρόὸατα,
601 5048 693 5101 καὶ
715 5048 774 5102 τὸ
802 5047 1219 5118 πεπλανημένον
1269 5046 1521 5118 ζητῆσαι.
1555 5051 1731 5121 Πρόσ-

147 5156 246 5210 εχε
280 5120 495 5202 τοίνυν,
535 5132 581 5193 ὧ
610 5139 799 5192 πίσυνε
820 5138 887 5204 δί,
918 5140 1013 5193 καὶ
1044 5138 1223 5192 πᾶσάν
1254 5154 1347 5191 σου
1371 5139 1469 5209 τὴν
1495 5141 1731 5213 σπουδὴν

147 5229 254 5283 καὶ
300 5227 417 5296 τὴν
452 5228 696 5297 ἀγάπην,
739 5228 839 5299 τήν
870 5227 1098 5300 θέρμην,
1127 5228 1228 5299 τήν
1262 5229 1600 5298 ἐπιμέλειαν,
1634 5234 1734 5303 τὴν

1827 4603 1884 4649 et
1929 4595 2001 4650 ab
2028 4597 2282 4655 hostibus
2325 4600 2516 4660 inferis
2559 4608 2856 4675 necandos,
2901 4619 2957 4666 et
2993 4611 3106 4682 ipse
3137 4616 3401 4671 aChristo

1827 4699 2071 4759 ereptus.
2100 4690 2213 4749 Hoc
2244 4694 2377 4751 illud
2400 4698 2593 4769 iugem
2619 4711 2703 4757 est
2725 4719 2925 4761 munus
2951 4720 2982 4761 a
3010 4704 3119 4760 Deo
3146 4711 3388 4777 proposi-

1828 4790 1945 4835 tum
1986 4784 2245 4840 omnibus
2283 4789 2541 4856 spiritum
2587 4791 2915 4852 habentibus
2950 4812 3115 4866 supra
3153 4801 3398 4857 omnium

1830 4873 2144 4928 mortalium
2173 4883 2229 4928 et
2251 4876 2643 4936 immortalium
2673 4882 2816 4940 facta
2839 4896 2894 4941 et
2914 4902 3103 4957 opera,
3127 4904 3250 4944 cum
3276 4896 3399 4961 quis

1828 4964 2070 5033 seipsum
2102 4965 2344 5021 ctelitum
2375 4977 2431 5024 et
2472 4974 2737 5029 mentium
2769 4977 2837 5031 ab
2877 4980 3025 5034 omni
3054 4985 3400 5040 concretione.

1830 5070 2120 5125 corporum
2168 5056 2461 5115 liberarum
2504 5078 2602 5133 per
2648 5078 2925 5137 acceptam
2982 5086 3014 5126 a
3064 5073 3175 5129 Deo
3227 5078 3391 5131 animi

1832 5147 2189 5219 corporisque
2251 5152 2539 5220 puritatem
2584 5158 2795 5214 socium
2847 5156 3092 5222 laborum
3128 5169 3396 5230 ostendit,

1832 5236 1982 5293 labes
2023 5239 2255 5296 aliorum
2299 5246 2606 5314 emaculat;
2653 5261 2709 5305 et
2736 5266 2803 5307 ex
2836 5254 3066 5325 impuris
3111 5274 3245 5328 pura
3291 5258 3400 5311 Deo

146 5321 301 5390 πρὸς
330 5318 471 5372 Θεὸν
504 5320 712 5375 ἱκεσίαν
744 5321 839 5375 ἰπὶ
873 5320 980 5376 τῶν
1001 5320 1120 5375 λίαν
1166 5322 1597 5392 πεπλανημένων
1639 5325 1728 5379 καὶ

1836 5343 2066 5385 munera
2107 5331 2261 5387 libat.
2304 5333 2422 5392 Hoc
2468 5338 2615 5395 enim
2660 5352 2746 5398 est
2790 5354 3053 5403 aeternum
3091 5318 3395 5404 divinorum

143 5410 652 5497 ¹συντετριμιιλνιιιιν
672 5411 923 5479 ινδειξαι.
950 5414 1125 5468 Ὅπου
1162 5412 1270 5484 γάρ
1304 5412 1537 5483 μεγάλαι
1563 5416 1621 5468 αἱ
1650 5415 1728 5469 νό-

1840 5431 2141 5491 mystarum
2161 5426 2435 5487 ollicium:
2465 5430 2659 5491 Omnes
2690 5436 2743 5490 in
2767 5440 2995 5496 circuitu
3017 5442 3130 5510 ejus
3159 5456 3398 5505 ικκιιεναν

225 5593 260 5635 ιι
284 5580 435 5637 Luc.
459 5597 536 5649 tv,
565 5583 681 5640 23.”

229 5676 281 5745 ξ’
318 5671 496 5734 πόσον
560 5675 638 5727 ἔτι
688 5680 951 5735 κίνδυνον.

1052 5683 1097 5716 ⁸ο
1150 5685 1545 5755 ὑποστήσονται
1574 5687 1624 5739 οἱ
1663 5687 1975 5759 δυνάμενοι.
2053 5695 2119 5727 ⁵⁸⁸
2149 5698 2502 5770 ἐκπρίασθαι.
2583 5706 2624 5736 ⁸⁸
2658 5705 2951 5777 θαυμάσιε.

227 5788 318 5862 (α)
382 5785 497 5842 Iloc
536 5787 829 5858 Gregorius
876 5795 1316 5869 'I‘haumaturgns
1345 5802 1487 5869 lccit,
1521 5792 1648 5858 fecit
1686 5812 1739 5858 ct
1769 5804 2123 5877 Athanasius,
2166 5823 2217 5869 et
2243 5831 2349 5871 non
2393 5819 2548 5885 pauri
2578 5820 2688 5873 alii.

470 5880 733 5946 ΡΑι-ιιοι.
766 5884 883 5946 Gn.
908 5887 1313 5955 LXXXVIII.
