4032 6340
666 403 798 468 1195

1897 403 1957 462 s.
1980 401 2296 463 JOANNIS
2332 402 2634 464 CLIMACI
2709 357 2712 361 ’

3743 402 3877 468 1196

663 514 885 573 animus,
919 511 1156 578 inquam,
1182 509 1394 576 o/ferent
1423 517 1466 570 τ,
1498 505 1640 560 Nihil
1666 505 1737 561 ita
1765 507 2061 562 conditoris
2091 520 2216 573 erga

2322 523 2402 560 σοι
2433 511 2525 560 καὶ
2570 511 2619 560 οἱ
2654 507 2938 579 μώλωπες,
2979 509 3358 578 ἀναμφιϐόλως
3400 511 3494 563 καὶ
3525 498 3754 580 μεγάλοι
3799 530 3874 579 μι-

663 619 761 656 nos
802 599 1143 654 commendat
1209 599 1462 667 pietatem
1516 609 1570 653 et
1631 597 1997 660 clementiam,
2049 610 2212 664 quam

598 729 603 734 η
662 693 804 761 quod
850 691 1052 746 relictis
1087 689 1164 757 (in
1217 689 1373 756 ccelo)
1425 691 1715 757 nonaginta
1764 701 1955 742 novem
2021 685 2214 740 ovibus

661 781 1039 844 errabundam,
1071 794 1233 834 unam
1257 778 1423 850 489
1443 778 1714 848 ᾳυαιεὶοτίι
1742 778 1796 831 ἱη
1821 776 2003 832 terris.
2024 776 2214 830 Atten-

664 875 808 930 desis
845 873 1212 938 animum,vir
1250 871 1588 937 admirande,
1630 881 1683 926 et
1713 885 1876 925 omne
1899 878 2050 923 tuum
2102 877 2216 921 stu-

659 965 836 1029 dium,
881 979 1137 1030 amorem,
1173 961 1442 1027 arderent,
1483 976 1668 1016 curam
1690 1000 1704 1024 ,
1739 974 1926 1031 preces
1962 957 2029 1013 ad
2060 968 2213 1013 ovem

667 1056 936 1124 palantem
984 1069 1047 1108 ac
1089 1054 1352 1124 perditam
1397 1051 1739 1122 quaerendam
1781 1058 2035 1106 converte
2071 1067 2086 1104 :
2125 1050 2215 1101 ubi

665 1146 808 1198 enim
859 1154 1048 1200 curato
1083 1143 1327 1199 difﬁciles
1377 1142 1553 1197 morbi
1601 1148 2051 1212 praegnantesque
2086 1153 2216 1193 san-

661 1219 828 1305 guine
867 1233 1073 1287 vibices
1121 1247 1214 1286 seu
1262 1230 1584 1285 exulcerata
1625 1229 1936 1291 cicatrices,
1981 1226 2055 1280 ibi
2102 1227 2220 1280 sine

667 1323 772 1377 ulla
803 1322 1137 1376 dubitatione
1171 1321 1406 1390 ingentia
1445 1318 1782 1374 medentibus
1829 1317 2050 1386 praemia
2093 1325 2221 1371 sunt

662 1408 930 1476 deposita.
973 1407 1364 1486 observemus,
1406 1401 1824 1468 conservemus,
1887 1403 2216 1457 laboremus.

667 1497 784 1551 Non
819 1511 1027 1564 semper
1059 1511 1329 1550 summum
1368 1495 1458 1565 jus
1505 1494 1758 1564 religioso
1798 1493 1969 1562 judici
2002 1501 2221 1562 prepter

654 1586 1090 1642 imbecillitatem
1125 1585 1253 1656 agri
1279 1595 1361 1641 est
1403 1583 1856 1654 persequendum.
1885 1580 2008 1636 Vidi
2042 1597 2222 1653 quon-

667 1679 793 1734 dam
834 1693 863 1730 a
904 1677 1306 1746 sapientissimo
1337 1675 1544 1730 arbitro
1590 1674 1729 1729 duos
1767 1673 2028 1743 quosdam
2073 1673 2220 1742 judi-

645 1771 894 1835 i-candos,
923 1768 1016 1837 qui
1050 1782 1200 1821 reum
1232 1774 1290 1820 ut
1320 1765 1664 1820 infirmiorem
1695 1762 1954 1830 absolvit,
1981 1769 2036 1818 et
2058 1763 2217 1818 inno—

668 1866 878 1913 centem
916 1865 973 1910 ut
996 1856 1398 1926 generosiorem
1431 1855 1674 1923 beneque
1705 1853 1959 1910 affectum
1989 1855 2216 1908 damna-

665 1952 785 2003 vit:
830 1964 896 2003 ne
941 1949 984 2002 si
1039 1949 1205 2020 legem
1249 1947 1518 2016 aequitatis
1579 1946 1823 2000 ultimam
1881 1957 2217 2014 sequeretur,

667 2040 899 2108 majores
950 2038 1072 2092 inde
1112 2038 1282 2092 turbae
1336 2023 1677 2091 exsisterent.
1731 2036 1995 2090 Privatim
2042 2046 2217 2090 tamen

668 2138 959 2198 utrumque
999 2137 1058 2182 ut
1087 2142 1268 2183 causa:
1295 2126 1524 2196 aequitas
1564 2125 1890 2194 postulabat,
1934 2127 2219 2190 tractabat,

670 2221 905 2274 maxime
938 2218 1110 2283 illum,
1142 2218 1235 2286 qui
1265 2217 1333 2270 ab
1373 2215 1556 2269 animo
1591 2214 1796 2269 fractus
1828 2223 1883 2269 et
1910 2216 2106 2284 a'grior
2130 2231 2224 2284 ap-

670 2309 915 2378 parebat.
949 2309 1122 2363 ‘Prata
1155 2307 1383 2360 virentia
1429 2320 1556 2360 oves
1601 2305 1830 2358 invitant
1885 2323 1898 2359 :
1959 2316 2222 2374 przecepta

659 2415 800 2454 vero
831 2408 884 2452 et
908 2398 1162 2467 subjecta:
1190 2397 1406 2451 assiduo
1431 2395 1618 2450 mortis
1654 2395 1910 2459 memoria
1934 2397 2222 2464 plurimum

671 2489 921 2560 gregibus
967 2489 1175 2543 ratione
1205 2487 1380 2541 ductis
1411 2489 1475 2541 ad
1517 2501 1731 2539 omnem
1773 2488 1840 2540 ab
1885 2487 2066 2541 animo
2099 2489 2228 2542 abs—

673 2582 978 2650 tergendam
1031 2579 1265 2634 scabiem
1317 2583 1562 2646 prosunt.
1627 2575 1806 2645 Delige
1849 2592 2138 2646 generosos
2172 2588 2225 2632 ct

671 2679 1004 2732 constantes,
1044 2683 1249 2737 eosque
1290 2667 1646 2737 praesentibus
1675 2668 2000 2738 quandoque
2034 2670 2224 2722 imbel-

655 2760 814 2814 libus
863 2761 1099 2829 (arrepta
1139 2772 1303 2812 causa
1341 2756 1458 2809 sine
1497 2755 1681 2824 causa)
1733 2755 1978 2824 objurga,
2017 2757 2090 2808 uti
2131 2771 2224 2824 per

674 2847 896 2901 alterius
924 2846 1269 2908 medicinam,
1301 2843 1520 2897 alterius
1545 2856 1703 2897 cures
1739 2847 1983 2910 vulnera,
2031 2843 2226 2898 fortes-

675 2951 780 3004 que
823 2936 890 2990 ad
933 2935 1211 3004 obsequia,
1247 2941 1304 2988 et
1341 2931 1623 3002 expeditos
1656 2933 1871 2988 reddas.
1908 2933 2223 2988 inauditum

675 3033 759 3079 est
807 3039 837 3077 a
892 3023 1000 3078 Deo
1045 3032 1261 3092 peccata
1306 3038 1404 3091 per
1451 3022 1850 3078 confessionem
1897 3025 2079 3080 audita
2125 3025 2220 3094 (ιι),

677 3111 846 3165 fuisse
873 3124 1109 3178 unquam
1143 3109 1475 3178 provulgata,
1505 3123 1575 3164 ne
1613 3124 1707 3178 per
1736 3111 1881 3164 illam
1925 3113 2221 3167 traductio-
2249 3150 2293 3210 ο

677 3216 799 3254 nem
843 3199 1082 3268 reliquos
1109 3197 1177 3252 ab
1204 3196 1564 3264 exoinologesl
1606 3207 1950 3264 peccatorum
1987 3201 2224 3254 deterre-

679 3300 781 3350 ret,
810 3299 1137 3356 omnemque
1163 3298 1313 3354 spem
1347 3283 1594 3338 sanitatis
1625 3285 2004 3352 recuperanda:
2037 3287 2226 3353 praeci-

674 3381 842 3433 deret.
893 3377 1014 3442 Nos,
1045 3390 1260 3444 quoque
1305 3373 1518 3429 tametsi
1559 3371 1723 3443 5.90
1766 3373 1948 3440 lapsus
1995 3375 2224 3430 aliorum

677 3467 1075 3538 (undecunque)
1111 3466 1419 3534 cognitione
1448 3463 1880 3532 praeceperim“,
1906 3472 2227 3519 cunctamur

677 3569 854 3613 tamen
883 3557 1228 3625 peccantibus
1255 3568 1467 3610 errores
1498 3554 1786 3622 objectare,
1815 3555 1945 3624 quin
1984 3569 2078 3624 per
2108 3570 2225 3609 am-

677 3651 842 3716 bages
881 3656 935 3701 et
991 3644 1279 3714 aenigmata
1319 3644 1500 3713 potius
1544 3643 1663 3698 illos
1704 3644 2222 3709 circumveniamus,

673 3747 729 3793 et
766 3739 833 3792 ad
880 3736 1224 3806 aperiendam
1271 3734 1658 3788 conscientiam
1699 3733 2081 3803 impellamus:
2125 3735 2233 3790 do-

676 3840 871 3884 nantur
894 3827 1034 3881 enim
1057 3841 1105 3880 ιιι
1133 3824 1239 3878 Deo
1271 3825 1421 3878 venia
1457 3839 1563 3878 non
1592 3838 1774 3894 parva,
1806 3840 1928 3879 cum
1954 3826 2094 3895 apud
2127 3839 2227 3879 nos

677 3920 845 3974 animi
887 3933 1058 3972 noxas
1097 3925 1396 3985 exponunt.
1442 3914 1572 3970 Post
1605 3915 2000 3970 confessionem
2041 3923 2223 3970 autem

678 4011 867 4079 majori
908 4024 1069 4077 Quam
1111 4017 1268 4062 antea
1314 4021 1443 4061 cura
1467 4015 1522 4060 et
1565 4006 1927 4071 familiaritate
1950 4021 2044 4062 eos
2072 4021 2222 4061 corn-

674 4104 1012 4170 plectemur:
1059 4099 1351 4168 plurimum
1394 4100 1539 4152 enim
1574 4097 1675 4151 hac
1721 4099 1933 4152 ratione
1981 4113 2085 4167 qua
2118 4097 2224 4153 fide

675 4205 802 4261 erga
845 4204 965 4255 nos,
1011 4204 1114 4258 qua
1137 4189 1416 4243 ‘charitatc
1467 4187 1778 4257 proficiunt.
1842 4186 2222 4242 Exhibendum

680 4283 788 4337 illis
824 4281 987 4335 etiam
1027 4294 1058 4333 a
1091 4277 1250 4333 nobis
1294 4279 1570 4334 altissimae
1613 4279 1996 4332 submissionis
2040 4293 2224 4333 exem-

674 4373 850 4442 plum,
902 4377 957 4424 et
1001 4368 1227 4422 docendi
1273 4369 1434 4422 simul
1472 4368 1552 4420 uti
1594 4368 1826 4421 revereri
1862 4382 2080 4436 quoque
2123 4381 2226 4422 nos

2317 603 2432 656 600‘.
2456 603 2706 656 δίδονται.
2741 604 3109 674 Σκοπήσωμεν
3136 604 3230 657 καὶ
3252 605 3574 674 τηρήσωμεν
3605 604 3703 657 καὶ
3728 607 3874 671 ποιή-

2317 709 2497 762 σωμεν
2520 692 2586 746 ⁸⁸.
2626 693 2687 745 οὑ
2738 695 2851 763 ,γὰρ
2920 695 3147 746 πάντοτε
3179 693 3239 746 τὸ
3281 693 3484 747 δίκαιον
3530 697 3556 745 ὀ
3601 694 3875 763 προεστὼς

2316 778 2627 851 προκρίνειν
2651 782 2873 850 ὀφείλει,
2908 782 2995 834 διὰ
3023 784 3118 850 τὴν
3148 783 3447 836 ἀσθένειαν.
3479 780 3626 836 Εἶδον
3649 785 3763 853 ἐγὼ
3789 786 3875 837 δύο

2313 869 2698 940 δικαζομένους
2747 871 2896 941 παρὰ
2931 874 3188 942 πανσόφῳ
3226 877 3407 943 κριτῇ,
3441 875 3532 925 καὶ
3576 875 3666 927 τὸν
3693 875 3871 929 ἄδικον

2316 959 2390 1022 ὡς
2425 959 2749 1028 κουφότερον
2795 959 3002 1012 δίκαιον
3054 962 3406 1030 ἀνηγόρευσε,
3451 963 3538 1014 τὸν
3583 963 3639 1015 δὲ
3671 964 3872 1018 δίκαιον

2316 1049 2521 1111 ἄδικον,
2563 1048 2638 1112 ὡς
2682 1049 2939 1120 ἀνδρεῖον,
2977 1053 3069 1104 καὶ
3100 1051 3335 1120 εὔψυχον
3378 1053 3755 1117 κατεδίκασεν,
3793 1057 3870 1106 ἵνα

2320 1137 2396 1208 μὴ
2427 1139 2516 1192 διὰ
2543 1139 2885 1210 δικαιοσύνης
2915 1141 3081 1194 πλείω
3113 1142 3156 1173 ⁸³
3181 1143 3242 1194 τὸ
3268 1143 3470 1211 σχίσμα
3495 1143 3742 1213 γένηταιο
3776 1145 3872 1214 ίδὶᾳ

2321 1227 2501 1296 μέντοι
2531 1229 2624 1281 καὶ
2651 1229 2816 1300 χωρὶς
2845 1229 2914 1282 τὰ
2937 1233 3106 1283 οἰκεῖα
3139 1232 3352 1300 ἑκάστῳ
3381 1231 3602 1300 ἔφησεν,
3635 1233 3732 1285 καὶ
3773 1235 3870 1301 μά-

2317 1317 2474 1369 λιστα
2495 1317 2572 1386 τῷ
2593 1317 2997 1388 ψυχονοσοῦντι.
3021 1320 3207 1373 Πεδίον
3234 1321 3330 1390 μὲν
3353 1323 3645 1391 χλοηφόρον
3675 1323 3868 1391 πρόὸα-

2321 1423 2404 1460 σιν
2450 1409 2615 1462 πᾶσιν
2654 1409 2930 1478 ἁρμόδιον·
2962 1409 3274 1463 διδασκαλία
3318 1413 3374 1464 δὲ
3406 1415 3497 1465 καὶ
3537 1413 3718 1476 ἐξόδου
3747 1415 3872 1466 ὑπό-

2324 1512 2539 1564 μνησις,
2572 1497 2706 1548 πᾶσι
2736 1495 2970 1563 λογικοῖς
3000 1498 3410 1569 προσφυεστέρα
3439 1499 3739 1568 καθέστηκε
3769 1503 3870 1552 πᾶα

2321 1601 2419 1639 σαν
2473 1585 2662 1656 ψώραν
2718 1585 2966 1639 ἰάσασθαι
3021 1587 3310 1656 δυναμένη.
3383 1583 3700 1658 Ἐπῐσκεψαι
3753 1593 3874 1652 τοὺς

2319 1676 2606 1745 εὐψύχους,
2657 1676 2751 1728 καὶ
2795 1675 3023 1745 ἀτίμαζε
3058 1677 3179 1744 εἰκῆ
3216 1678 3545 1746 stagnosi?“
3582 1679 3690 1732 τῶν
3719 1681 3876 1734 ἀσθε-

2321 1765 2446 1831 νῶν,
2483 1766 2568 1820 ἵνα
2588 1765 2682 1818 καὶ
2709 1766 2776 1819 δι’
2798 1766 2984 1835 ἑτέρου
3013 1769 3326 1838 φαρμάκου,
3360 1768 3418 1820 τὸ
3443 1769 3626 1839 ἐτέρου
3658 1770 3877 1840 τραῦμα

2321 1858 2684 1930 θεραπεύσῃς,
2737 1859 2832 1912 καὶ
2885 1858 3184 1928 βασταγοὺς
3212 1861 3257 1892 ⁵⁵
3296 1861 3421 1923 τοὺς
3446 1858 3700 1923 ἐκλύτους
3740 1856 3878 1913 εἶναι

2321 1950 2636 2017 παιδεύσῃς·
2676 1949 2912 2018 οὐδαμοῦ
2958 1949 3089 2013 Θεὸς
3128 1951 3562 2020 ἐξομολογήσεως
3615 1951 3874 2014 ἀκούσας,

2320 2039 2682 2108 δημοσιεύσας
2714 2038 2980 2106 φαίνεται,
3007 2040 3092 2092 ἵνα
3122 2041 3197 2111 μὴ
3224 2041 3350 2103 τοὺς
3370 2039 3675 2112 ὲξωμολογη
3686 2042 3878 2110 μένους

2321 2128 2408 2180 διὰ
2442 2127 2535 2179 τοῦ
2559 2127 2822 2198 Θριὰμσου
2855 2128 3116 2200 ἀνακὸψῃ,
3149 2130 3242 2182 καὶ
3265 2130 3448 2184 λοιπὸν
3469 2130 3662 2194 αὐτοὺς
3685 2132 3878 2184 ἀνίατα

2323 2220 2496 2270 νοσεῖν
2523 2219 2932 2292 παρασκευάζῃ.
2963 2219 3078 2273 Κᾶν
3113 2218 3220 2290 γάρ
3249 2219 3604 2290 προγνώσεως
3635 2221 3878 2289 μετέχω-

2327 2323 2444 2375 μεν.
2471 2307 2546 2375 μὴ
2569 2309 2727 2377 ἡμεῖς
2750 2310 2860 2369 τοῖς
2885 2307 3265 2377 σφαλλομένοις
3294 2307 3579 2376 σφάλματα
3606 2310 3879 2378 προείπω-

2325 2413 2444 2465 μεν,
2474 2395 2609 2448 ἀλλὰ
2642 2397 2838 2466 μᾶλλον
2866 2397 2931 2448 δι’
2959 2397 3291 2466 αἰνιγμάτων
3318 2398 3512 2460 αὐτοὺς
3539 2398 3628 2451 ἐπὶ
3659 2399 3763 2467 τὴν
3795 2401 3878 2464 ἐξ·

2322 2485 2644 2556 ομολόγησιν
2681 2484 3132 2556 προτρεψώμεθα·
3183 2486 3391 2552 γίνεται
3441 2486 3546 2556 γὰρ
3594 2488 3780 2552 αὐτοῖς
3819 2491 3880 2542 ἐκ

2321 2576 2419 2646 τῆς
2442 2575 2575 2647 πρὸς
2602 2577 2746 2647 ἡμᾶς
2765 2575 3184 2645 ὲξαγορεύσεως,
3211 2576 3271 2629 ού
3299 2575 3491 2646 μετρία
3513 2578 3878 2648 συγχώρησις·

2323 2666 2717 2736 περισσοτέρας
2754 2665 2810 2718 δὲ
2860 2667 3055 2729 αὐτοὺς
3088 2666 3184 2734 τῆς
3217 2665 3406 2738 πρώην
3439 2668 3531 2720 καὶ
3561 2669 3881 2737 ἐπιμελείας

2323 2759 2414 2810 καὶ
2440 2759 2748 2828 παρρησίας
2772 2758 2869 2827 τῆς
2895 2758 3026 2829 πρὸς
3047 2758 3195 2828 ἡμᾶς
3223 2758 3358 2828 μετὰ
3377 2759 3474 2828 τὴν
3500 2757 3883 2830 ἐξομολόγησιν

2321 2846 2660 2918 ἀξιώσωμεν·
2698 2849 2945 2918 μεγάλως
2986 2849 3096 2918 γὰρ
3153 2850 3216 2901 ἐκ
3268 2850 3459 2902 τούτου
3506 2851 3586 2913 είς
3616 2849 3716 2921 τὴν
3751 2852 3884 2921 πρὸς

2322 2938 2469 3006 ἡμᾶς
2493 2938 2672 2990 πίστιν
2707 2939 2800 2990 καὶ
2835 2937 3054 3006 ἀγάπην
3083 2937 3467 3006 προκόπτουσιο
3499 2941 3589 2991 καὶ
3614 2939 3884 2992 δεικνύειν

2322 3027 2501 3088 αὐτοῖς
2524 3025 2694 3079 τύπον
2718 3026 3092 3090 ταπεινώσεως
3117 3028 3289 3098 ἄκρας
3319 3028 3623 3099 ὀφείλομεν·
3658 3032 3754 3083 καὶ
3791 3032 3885 3097 φό-

2323 3116 2416 3169 εον
2441 3115 2498 3169 δὲ
2527 3117 2660 3186 πρὸς
2683 3117 2827 3186 ἡμᾶς
2855 3115 2996 3186 ἔχειν
3021 3118 3214 3181 αὐτοὺς
3244 3103 3707 3190 ἐκπαιδεύσωμεν.
3743 3120 3884 3190 Ὅρα

2327 3206 2400 3275 μή
2433 3222 2549 3268 πως
2582 3207 2615 3275 ἡ
2646 3207 2785 3275 ὑπὲρ
2815 3206 3003 3276 χρείαν
3030 3223 3122 3259 σου
3155 3207 3214 3260 ὲν
3241 3210 3354 3270 τοῖς
3394 3211 3505 3270 σοῖς
3528 3209 3883 3271 ταπείνωσις,

2323 3294 2596 3364 ἄνθρακας
2645 3295 2813 3363 πυρὸς
2852 3296 2944 3346 ἐπὶ
2983 3294 3081 3364 τὴν
3111 3295 3350 3365 κεφαλὴν
3385 3296 3494 3349 τῶν
3519 3297 3729 3350 τέκνων
3761 3313 3888 3350 συν-

2324 3385 2524 3454 αγάγῃ·
2567 3385 2625 3436 ὲν
2673 3383 2843 3436 ἅπασί
2889 3401 2948 3460 σε
2998 3385 3393 3454 ὑπομονητικὸν
3432 3386 3551 3438 δέον
3593 3387 3885 3457 ὑπάρχειν,

2327 3470 2464 3540 πλὴν
2502 3471 2601 3539 τῆς
2642 3470 2749 3523 τῶν
2793 3470 3097 3540 λεγομένων
3125 3473 3425 3542 παρακοῆς·
3465 3472 3764 3540 ἐπίσκεψαι
3811 3475 3886 3544 μή

2324 3577 2441 3622 πως
2467 3561 2523 3612 ὲν
2555 3559 2632 3629 τῷ
2661 3559 2738 3628 σῷ
2760 3560 2912 3630 ἀγρῷ
2939 3559 3056 3628 ὄψει
3075 3559 3264 3630 δένδρα
3291 3559 3390 3629 τὴν
3411 3559 3515 3629 γῆν
3545 3561 3889 3631 καταργοῦν-

2323 3668 2414 3713 τα,
2444 3651 2502 3701 ἐν
2528 3651 2690 3721 ἑτέρᾳ
2721 3650 2778 3703 δὲ
2807 3652 2934 3712 ῐσως
2954 3649 3379 3720 ,καρποφορῆσαι
3415 3649 3711 3719 δυνάμενα,
3741 3650 3889 3721 ἅπερ

2324 3741 2390 3795 δι’
2418 3741 2761 3810 ἀγαπητικῆς
2789 3738 3144 3800 ἀναπαύσεως
3162 3737 3208 3768 ⁵⁸
3231 3737 3615 3807 μεταφυτεύειν
3643 3741 3716 3810 τῇ
3750 3756 3889 3808 συμ-

2327 3831 2487 3901 ϐουλῇ
2521 3829 2594 3899 μὴ
2617 3827 3079 3900 παραιτησώμεθα
3104 3828 3164 3881 τὸ
3192 3829 3470 3898 παράπαν.
3504 3829 3695 3881 Ἔστιν
3717 3832 3813 3883 ὅτε
3835 3834 3888 3882 ἐν

2324 3921 2610 3984 ἀνοικείοις
2647 3920 2739 3974 καὶ
2772 3917 3071 3988 φιληδόνοις
3113 3917 3298 3982 τόποις
3438 3918 3889 3989 πολιτικωτέρας

2323 4011 2422 4081 τὴν
2469 4011 2668 4080 ἀρετὴν
2718 4010 2747 4062 ὁ
2793 4006 3070 4077 προεστὼς
3114 4007 3507 4076 κατεργάζεται
3553 4008 3886 4068 ἀκινδύνως.

2324 4103 2602 4158 Σκοπείτω
2627 4100 2802 4152 τοίνυν
2837 4099 2929 4151 ἐπὶ
2956 4099 3050 4167 τὴν
3086 4099 3193 4151 τῶν
3227 4098 3555 4168 θρεμμάτων
3583 4099 3886 4169 ὑποδοχήν-

2323 4193 2385 4246 of:
2418 4180 2526 4261 γὰρ
2568 4190 2714 4243 πᾶσα
2744 4187 3023 4258 ἀποτροπὴ
3063 4187 3508 4259 καὶὴ-παραίτησις
3560 4187 3722 4257 παρὰ
3768 4188 3890 4254 Θεῷ

2324 4280 2634 4348 ἀπείρηται.
2661 4279 2723 4330 Εἰ
2753 4277 2853 4346 μὲν
2884 4277 3112 4346 ἡσυχίας
3145 4275 3380 4347 ψυχικῆς
3414 4279 3445 4330 ὁ
3493 4275 3679 4346 ἰατρὸς
3720 4278 3886 4329 eom-

2329 4373 2433 4441 ρεῖ,
2472 4369 2532 4445 οὐ
2573 4367 2823 4421 τοσοῦτον
2861 4361 2979 4437 τῆς
2999 4367 3316 4438 σωματικῆς
3345 4367 3480 4439 πρὸς
3513 4363 3608 4436 τὴν
3647 4366 3769 4418 τῶν
3806 4384 3890 4417 νο-

668 4465 907 4518 discant.
939 4459 1080 4515 Cave
1123 4466 1303 4512 tamen
1338 4458 1392 4511 in
1428 4468 1522 4510 tuo
1558 4456 1754 4518 ofﬁcio,
1801 4469 1867 4509 ne
1896 4464 1949 4510 te
1976 4457 2116 4511 intra
2143 4457 2222 4512 le-

2329 4459 2560 4514 σούντων
2623 4457 2798 4511 δέεται
2866 4457 3214 4527 ἐπιμέλειανο
3275 4458 3325 4510 εί
3375 4457 3433 4510 δὲ
3470 4456 3566 4527 τῆς
3602 4458 3889 4527 προτέρας

671 4569 797 4624 gem
832 4561 886 4606 et
931 4564 1091 4604 usum
1121 4548 1363 4618 abjicias,
1389 4556 1444 4600 et
1473 4546 1742 4600 carbones
1780 4545 2029 4600 ardentes
2065 4561 2227 4614 super

671 4652 839 4715 caput
879 4642 1112 4696 filiorum
1159 4638 1416 4709 congeras
1437 4634 1839 4690 '.-Paticntiam
1882 4636 1934 4688 in
1978 4638 2229 4692 omnibus

675 4750 900 4800 exerce;
929 4746 1202 4802 nunquam
1226 4740 1403 4784 tamen
1439 4728 1582 4781 feras
1621 4720 2041 4781 contumaciam.
2087 4727 2228 4782 Cave

672 4843 747 4882 .ne
774 4828 957 4881 videas
994 4826 1046 4879 in
1083 4825 1238 4878 horto
1280 4829 1372 4874 tuo
1411 4819 1606 4888 stirpes
1636 4831 1757 4888 quae
1788 4825 1984 4870 terram
2025 4817 2228 4872 frustra

681 4929 963 4988 occupent,
996 4932 1130 4987 qua!
1153 4912 1350 4969 alicubi
1394 4911 1626 4966 fortasse
1676 4909 1886 4965 feraces
1919 4908 2114 4964 futurae
2150 4910 2234 4963 vi-

2326 4550 2542 4621 ἀμοιρεί
2580 4551 2647 4620 τῇ
2673 4547 2899 4620 δευτέρᾳ
2932 4549 3190 4618 χρήσεται
3229 4548 3294 4602 δ’.
3326 4546 3491 4602 Ούδὶν
3539 4547 3686 4600 οὕτω
3734 4549 3890 4616 παρά

2305 4638 2444 4710 ’Θεῷ
2469 4640 2639 4710 δῶρον
2665 4639 2794 4710 παρ’
2821 4637 2978 4708 ἡμῶν
3013 4638 3387 4701 εὐαπόδεκτον,
3406 4636 3484 4700 ὡς
3503 4636 3563 4690 τδ
3582 4635 3776 4707 ψυχὰς
3798 4638 3888 4689 αὑ-

2326 4729 2404 4800 τῷ
2423 4729 2642 4797 λογικὰς
2663 4729 2749 4782 διὰ
2785 4727 3070 4797 μετανοίας
3098 4725 3454 4798 προσφέρειν·
3481 4727 3586 4788 πᾶς
3614 4729 3659 4778 ὀ-
3678 4729 3890 4793 κόσμος

2326 4816 2502 4887 ψυχῆς
2542 4818 2640 4870 οὐκ
2678 4815 2941 4880 ἀντάξιοςο
2989 4815 3019 4866 ὁ
3066 4813 3166 4882 μὲν
3207 4813 3316 4882 γὰρ
3363 4813 3713 4883 παροίχεται·
3745 4816 3783 4883 ἠ
3832 4815 3890 4882 δὲ

2335 4910 2605 4978 ἄφθαρτος
2638 4908 2732 4960 καὶ
2755 4905 2907 4958 ,ἔστιν
2932 4905 3024 4956 καὶ
3054 4903 3320 4972 διαμένει.

682 5008 924 5074 deantur,
973 5011 1066 5062 has
1107 5017 1404 5076 opportune
1442 5013 1496 5061 et
1534 5003 1742 5074 placide
1783 5017 1907 5058 cum
1951 5000 2339 5071 significatione
2380 5001 2580 5054 amoris
2634 4999 2861 5050 evellere
2900 5005 2954 5046 et
3014 4992 3312 5045 transferre
3377 4992 3578 5044 mrliori
3648 4997 3893 5050 consilio

681 5113 748 5148 ne
771 5097 1093 5151 dubitemus.
1143 5095 1237 5150 Est
1281 5112 1402 5150 cum
1451 5098 1498 5150 is
1549 5095 1641 5163 qui
1685 5101 1897 5163 praeest,
1945 5092 2000 5146 in
2051 5106 2234 5161 parum
2293 5092 2434 5159 aptis
2479 5086 2711 5160 [alienis]
2761 5093 2817 5138 ct
2869 5079 3256 5136 ammoioribns
3306 5081 3891 5154 eamnwdioribusqoe

679 5188 818 5241 Jocis
844 5185 1091 5241 virtutem
1123 5203 1371 5241 exercere
1398 5187 1735 5240 commodius
1765 5194 1819 5239 et
1845 5185 1961 5239 sine
1983 5185 2220 5254 periculo
2255 5194 2447 5256 potest.
2494 5180 2748 5236 Attendat
2798 5190 2925 5242 ergo
2983 5180 3164 5240 pastor
3232 5172 3279 5221 iu
3324 5169 3561 5224 alumnis
3597 5177 3889 5246 ‘rmzipieu-

748 5373 772 5401 ι·
832 5359 972 5413 Psal.
1023 5371 1184 5419 ωιτν,
1207 5356 1300 5409 .19..
1374 5367 1395 5392 ³
1450 5355 1606 5409 Βοιιι.
1663 5372 1758 5418 xu,
1811 5325 1899 5408 2f).

751 5517 795 5548 δ’
841 5517 987 5567 πότε.
1059 5514 1104 5545 ⁸³
1154 5511 1334 5563 πλεῖον
1380 5492 1684 5580 πλειόνων.
1747 5508 1800 5538 ⁴¹⁵³
1839 5511 1896 5560 ὲν
1939 5509 2223 5580 παρουσίᾳ.

2326 5510 2344 5538 δ
2373 5506 2649 5577 στερῤούς.
2725 5505 2770 5535 ιθ
2814 5496 3166 5560 ἀναπαύσεως
3213 5497 3321 5550 duo
3382 5497 3620 5564 codices,
3690 5505 3890 5558 melius

686 5589 870 5639 tertius
896 5583 1272 5650 ἁνασπάσεως.
1344 5579 1388 5610 ⁸⁷
1418 5577 1724 5645 κεχρήσοω.

757 5749 829 5818 (ιι)
855 5746 1007 5812 Quod
1059 5742 1198 5796 Deus
1243 5753 1363 5793 eum
1396 5735 1548 5803 cujus
1592 5735 1982 5788 confessionem
2040 5738 2226 5803 audiit,
2263 5739 2472 5806 publice
2500 5737 2826 5792 traduxerit.
