4032 6340
583 511 592 522 .
637 453 770 516 1199

1878 429 1936 490 S.
1969 426 2284 492 IOANNIS
2311 423 2614 488 CLIMACI

3728 414 3868 479 1200

631 578 760 618 num
800 553 1117 612 tumultibus
1159 548 1477 619 eripiamus,
1518 540 1608 596 ubi
1651 537 1948 594 viderimus
2001 536 2124 591 illos
2163 550 2199 588 at

2299 534 2494 597 αὐτοὺς
2523 533 2628 586 ὑπὸ
2649 530 2741 584 τοῦ
2773 530 2928 600 ὄχλου
2953 529 3061 583 τῶν
3093 525 3401 599 ἐμποδίζειν
3432 526 3632 589 αὐτοὺς
3671 526 3866 595 βουλο-

629 651 838 714 turbis,
877 655 932 701 ct
974 643 1198 712 strepitu
1239 637 1426 693 mundi
1468 648 1579 704 quo
1621 633 1979 696 vehementer
2019 628 2194 696 impe-

614 747 872 810 diuntur,
902 737 1140 808 graviter
1160 730 1325 799 afﬂigi
1355 738 1407 783 et
1425 723 1713 786 retardari,
1748 721 1926 791 quoad
1957 720 2012 774 in
2041 719 2194 775 atriis

634 835 843 890 Domini
878 836 1186 887 versentur.
1217 824 1370 889 Quod
1407 820 1455 874 si
1488 818 1580 888 qui
1623 815 1802 870 adhuc
1835 813 1997 867 nimis
2022 811 2194 866 teneri

633 939 725 981 aut
755 925 882 995 aegri
915 898 1080 976 nimis
1106 918 1448 972 videbuntur.
1476 921 1697 964 necesse
1723 907 1826 960 crit
1852 905 1974 958 illos
2004 903 2058 957 in
2090 903 2192 956 bu-

636 1033 813 1072 meros
838 1032 869 1070 a
902 1014 1058 1069 nobis
1092 1009 1335 1065 sublatos
1377 1003 1504 1057 l'erri
1538 1010 1593 1056 et
1631 997 1852 1069 gestari,
1883 997 2056 1050 donec
2101 1009 2194 1062 per

634 1121 861 1181 augusta
906 1107 1260 1161 al'tiietionum
1303 1097 1658 1170 penetrarint.
1702 1094 1780 1147 lbi
1812 1092 1958 1146 enim
2004 1090 2194 1159 ingens

637 1207 787 1259 labor
843 1209 897 1257 et
948 1199 1103 1253 elisio
1159 1196 1300 1248 inter
1346 1199 1494 1244 arcta
1543 1187 1752 1241 viarum
1802 1199 1922 1238 esse
1959 1197 2192 1236 consue-

635 1304 734 1363 vit,
783 1299 850 1352 de
896 1311 1003 1364 qua
1049 1290 1248 1345 cecinit
1292 1285 1554 1354 quidam:
1599 1277 1913 1335 [laetabor
1956 1282 2030 1328 est
2075 1282 2194 1325 ante

637 1393 825 1459 [varient
868 1401 1057 1446 meam,
1099 1383 1258 1433 donec
1291 1379 1480 1430 intrent
1524 1376 1578 1426 in
1623 1368 1985 1424 sanctuarium
2018 1364 2114 1418 Dei
2144 1373 2191 1417 ν.

634 1458 796 1553 493
839 1478 1046 1530 Dictum
1080 1485 1182 1534 est,
1218 1486 1252 1523 0
1293 1467 1528 1522 maxime
1553 1463 1812 1523 Patrum,
1854 1461 1906 1512 itt
1947 1458 2192 1525 superio-

639 1547 788 1624 ribus
824 1565 1039 1635 scriptis
1073 1563 1140 1616 de
1193 1560 1285 1612 illo
1327 1555 1544 1609 Patrum
1586 1561 1735 1621 patre
1759 1589 1774 1613 ,
1817 1557 1871 1601 et
1911 1547 2191 1600 doctorum

630 1661 927 1729 magistro,
962 1654 1054 1722 qui
1089 1652 1170 1704 vir
1207 1658 1260 1702 et
1290 1655 1526 1716 quantus
1564 1641 1758 1704 fuerit,
1802 1647 1946 1691 totus
1984 1636 2191 1691 cmlesti

635 1748 894 1820 sapientia
924 1753 1167 1804 ornatus,
1197 1739 1466 1798 sincerus,
1481 1731 1812 1800 ingeniosus,
1827 1742 1970 1791 acer,
1989 1736 2194 1794 tempe-

637 1819 761 1896 rans
787 1851 840 1893 et
860 1838 1156 1896 modestus,
1185 1830 1357 1885 facilis
1382 1826 1448 1881 ad
1480 1825 1713 1879 dandam
1752 1822 1984 1884 veniam,
2016 1819 2191 1871 alacer
2224 1858 2267 1916 Β

633 1933 845 1995 animo;
869 1937 922 1982 et
937 1913 1082 1995 quod
1106 1921 1276 1990 magis
1292 1920 1509 1978 misere.
1524 1914 1738 1984 quando
1750 1912 1938 1965 salutis
1950 1923 2062 1963 sua:
2079 1917 2194 1961 stu-

634 2023 819 2074 diosos
830 2016 1040 2083 aliquos
1059 2009 1296 2070 notabat,
1313 2006 1569 2075 majorem
1588 2012 1640 2055 et
1655 2002 1962 2069 ipsecuram
1981 1996 2199 2050 iilisim—

634 2109 840 2180 pendit.
858 2107 1005 2172 Quos
1020 2116 1144 2156 vero
1162 2099 1499 2160 cerebrosos,
1515 2108 1611 2148 sua
1627 2093 1900 2145 voluntate
1914 2086 2200 2141 addeside—

633 2177 713 2254 ria
751 2211 847 2252 sua
867 2193 1015 2250 abuti
1034 2189 1303 2252 cernebat,
1329 2187 1399 2240 ita
1429 2185 1496 2238 ab
1525 2184 1723 2251 impetu
1757 2177 2044 2232 atl‘ectuum
2065 2190 2196 2229 suo-

632 2304 756 2344 rum
799 2284 1144 2355 reprimebat,
1171 2289 1228 2332 ut
1257 2276 1437 2331 caeteri
1472 2285 1796 2342 magnOpere
1835 2275 2106 2328 caverent,
2132 2281 2198 2319 ne

639 2379 837 2434 indicia
860 2377 1050 2431 darent
1089 2373 1237 2426 nulla
1285 2368 1351 2421 ad
1415 2380 1500 2420 res
1551 2363 1749 2433 quibus
1806 2358 2193 2414 adiciebantur.

635 2472 776 2537 Quin
803 2476 855 2521 et
883 2466 1011 2520 illud
1050 2464 1138 2517 ille
1161 2474 1374 2529 semper
1394 2441 1852 2510 celebratissimus
1876 2449 2196 2512 afﬁrmabat,

636 2569 891 2630 prmstare
916 2552 1188 2621 subjectos
1224 2566 1253 2602 ι·
1287 2546 1535 2602 cmnobio
1560 2542 1754 2613 pellere
1776 2583 1791 2606 ,
1839 2552 2002 2609 quam
2049 2551 2199 2591 com-

637 2651 854 2703 mittere
885 2647 957 2700 uti
997 2660 1096 2699 suo
1131 2641 1367 2711 judicio,
1417 2650 1625 2705 suoque
1656 2649 1816 2688 sensu
1855 2641 1908 2686 et
1935 2630 2198 2684 arbitratu

637 2743 818 2795 vivere
857 2739 1312 2809 jxu'mitterentur.
1337 2729 1456 2784 Non
1498 2742 1620 2781 raro
1645 2727 1790 2780 enim
1825 2729 1924 2778 u'su
1955 2723 2099 2776 venit
2141 2730 2201 2776 ut

638 2835 730 2904 qtti
755 2834 981 2886 alterum
1013 2827 1238 2896 expulit,
1273 2821 1496 2892 expulso
1528 2829 1718 2874 auctor
1747 2826 1890 2871 esset
1925 2814 2200 2868 modestia:

639 2927 930 2986 discendae,
966 2932 1020 2977 et
1044 2920 1227 2991 iudicii
1260 2918 1345 2972 sui
1374 2914 1776 2980 voluntatisque
1809 2910 2024 2980 penitus
2045 2907 2201 2961 abdi-

636 3019 850 3073 candm.
885 3013 989 3078 Qui
1021 3021 1199 3066 autem
1240 3024 1333 3077 per
1362 3005 1596 3074 speciem
1631 3002 1980 3055 humanitatis
2009 3009 2063 3053 et
2089 2998 2200 3052 cle-

641 3107 852 3162 mentia:
883 3105 990 3158 illis
1018 3100 1278 3161 contrivit,
1309 3094 1529 3165 etquod
1561 3093 1788 3146 avebant
1814 3105 1918 3143 non
1952 3089 2197 3158 negavit,

641 3204 719 3265 is,
753 3217 875 3254 cum
915 3205 1133 3266 agerent
1173 3194 1442 3260 animam,
1484 3186 1552 3240 ab
1603 3186 1666 3237 iis
1708 3182 2101 3236 Iamentabilem
2143 3180 2195 3233 itt
2225 3186 2266 3241 c

643 3291 860 3344 modum
891 3285 1145 3338 omnibus
1187 3282 1321 3335 diris
1367 3286 1420 3333 et
1456 3275 1755 3329 maledictis
1788 3274 2036 3326 cenlixus
2074 3280 2156 3325 est
2181 3310 2198 3335 ,

637 3380 785 3450 quod
822 3375 1094 3446 deceperit
1144 3371 1319 3442 magis
1353 3368 1627 3438 subjectos
1652 3407 1666 3430 ,
1709 3379 1870 3433 quam
1916 3361 2198 3429 profuerit.

642 3475 772 3526 lirat
801 3471 968 3540 igitur
999 3466 1179 3520 videre
1223 3463 1483 3535 eximium
1530 3459 1678 3512 illum
1725 3455 2005 3524 priesulem
2032 3493 2048 3517 ,
2082 3460 2204 3522 post

642 3562 976 3631 vespertinas
1028 3570 1213 3626 preces
1257 3555 1310 3606 in
1362 3551 1498 3605 solio
1539 3555 1863 3616 (extrorsum
1916 3545 2132 3612 quidem
2172 3559 2202 3598 e

645 3651 870 3705 materia
927 3653 1222 3707 contexto,
1271 3643 1565 3695 introrsum
1627 3650 1753 3688 vero
1801 3635 1946 3687 velut
1985 3635 2204 3685 numine

645 3738 801 3805 pleno
843 3743 895 3787 et
922 3731 1234 3787 caelestibus
1262 3727 1450 3796 gratiis
1491 3721 1865 3791 redundante),
1905 3723 2009 3774 ritu
2047 3721 2202 3790 quasi

646 3823 784 3890 regis
810 3821 1165 3879 residentem,
1205 3831 1363 3886 quem
1397 3813 1625 3868 solertes
1658 3809 1880 3876 apicula:
1905 3851 1918 3874 ,
1950 3810 2050 3863 hoc
2081 3803 2200 3872 est,

646 3915 930 3982 religiosus
959 3913 1181 3965 fratrum
1210 3918 1384 3963 conus
1413 3908 1714 3976 stipabant,
1751 3907 1844 3974 qui
1876 3920 1979 3956 non
2008 3917 2200 3965 secus,

647 4022 709 4058 ac
752 4004 796 4058 si
846 4001 934 4056 Dei
975 4015 1158 4055 vocem
1205 3998 1490 4060 audirent,
1525 3995 1645 4064 ejus
1669 3995 1838 4063 jussis
1865 3994 2203 4060 obtempera-

648 4100 792 4148 bant.
822 4094 1119 4147 .Iubebatur
1149 4090 1237 4144 bic
1276 4089 1593 4159 priusquam
1629 4100 1687 4138 se
1719 4083 1882 4153 quieti
1921 4082 2083 4152 494
2108 4082 2204 4134 da-

647 4194 729 4237 ret
753 4223 768 4246 ,
802 4183 1127 4251 psalmorum
1172 4178 1361 4232 odaria
1392 4175 1745 4245 pronuntiare
1774 4169 2201 4240 quinquaginta:

646 4276 735 4327 ille
779 4270 995 4343 triginta
1023 4310 1036 4333 ,
1087 4270 1225 4322 alius
1257 4277 1470 4321 centum
1501 4280 1516 4328 ;
1561 4263 1784 4317 totidem
1824 4259 2035 4314 vicibus
2067 4256 2206 4309 alius

646 4366 697 4417 in
729 4379 901 4432 genua
931 4359 1302 4430 procumbere,
1333 4357 1470 4410 alius
1497 4351 1800 4408 sessitando
1830 4364 2079 4405 somnum
2111 4362 2204 4402 ca-

645 4475 798 4529 pere;
831 4460 1017 4511 ltoram
1049 4456 1186 4509 alius
1219 4451 1432 4507 lectioni
1472 4450 1731 4512 tribuere,
1763 4463 1858 4516 per
1888 4446 2031 4499 idem
2065 4453 2205 4497 tem-

643 4565 744 4619 pus
777 4549 912 4602 alius
944 4547 1193 4617 precibus
1224 4544 1469 4598 insistere
1495 4581 1510 4605 ,
1551 4540 1798 4608 duosque
1837 4536 1902 4590 ad
1933 4551 2051 4591 eam
2090 4551 2201 4590 rem

641 4661 707 4699 ex
735 4639 920 4698 eor'um
954 4653 1179 4695 numero
1206 4646 1482 4691 curatores
1517 4632 1859 4698 nominavit,
1894 4629 1984 4700 qui
2016 4630 2083 4683 de
2118 4628 2205 4682 die

643 4740 992 4792 observarent
1020 4746 1382 4804 congerrones
1407 4771 1422 4794 ,
1454 4739 1508 4784 et
1539 4730 1678 4783 male
1711 4727 1932 4783 feriatos
1965 4723 2204 4792 corrige-

647 4839 767 4884 rent
806 4847 819 4884 :
863 4829 928 4883 de
961 4838 1116 4881 nocte
1149 4839 1277 4880 vero
1312 4822 1717 4890 intempestivas
1743 4820 1974 4890 vigilias,
2005 4827 2204 4886 etquae

645 4921 836 4974 litteris
857 4917 1180 4985 consignarc
1207 4911 1528 4968 verecundia
1570 4920 1672 4965 est.
1703 4910 1813 4964 Nec
1842 4909 1928 4962 ltic
1956 4922 2102 4964 cura:
2131 4907 2198 4960 il-

646 5016 748 5067 lius
780 5014 901 5068 linis
934 5028 947 5063 :
983 5010 1209 5080 singulis
1238 5019 1438 5063 certam
1467 5021 1684 5077 quoque
1713 5005 1925 5058 diaetam
1954 5003 2205 5073 priescri-

647 5106 840 5169 bcbat,
873 5119 1047 5173 neque
1079 5101 1221 5155 enim
1252 5102 1439 5155 eodem
1472 5115 1662 5154 omnes
1699 5097 1838 5151 victu
1876 5097 2162 5150 utebantur
2187 5133 2204 5157 ,

646 5212 738 5265 sed
772 5225 869 5279 pro
897 5211 1155 5277 cujusque
1180 5205 1420 5278 profectu
1456 5201 1921 5278 [constitutione]
1953 5211 2204 5270 statuque

647 5316 838 5371 salutis
865 5354 881 5378 ,
924 5329 1108 5369 mensa
1157 5313 1587 5384 temperabatur,
1639 5309 1845 5364 aridior
1882 5307 2037 5369 aliis,
2084 5306 2206 5360 aliis

651 5419 899 5489 pinguior
915 5418 1069 5473 cibus
1095 5433 1122 5470 a
1151 5419 1291 5474 bono
1315 5419 1406 5473 illo
1429 5413 1818 5487 patrelamilias
1843 5411 2202 5480 praebebatur.

721 5581 740 5603 ν
797 5570 936 5624 Psal.
970 5585 1138 5636 Lutt,
1178 5569 1257 5624 l6.

718 5689 762 5718 ⁸⁰
785 5686 1093 5751 έλεγκτικὺς
1110 5681 1342 5751 ἀκριϐὴς
1367 5680 1596 5751 σώφρων
1638 5672 2153 5751 συγκαταϐ-ατικὸςι,
2179 5666 2398 5736 φαιδρὸς
2431 5671 2495 5735 τῇ
2524 5667 2691 5737 ψυχῇ.

1177 5739 1422 5806 inpiast;
1447 5739 1829 5806 ἐπαιδαγώγει,
1910 5745 1952 5773 ⁵¹
1980 5742 2189 5793 σννοδία
2235 5741 2324 5790 καὶ
2369 5739 2730 5806 συνάθροισις.

651 5745 1010 5825 ροτρισσοτὲρᾳ
1049 5745 1113 5821 τῇ
1165 5745 1422 5820 ἀκριβείᾳ.
1447 5745 1829 5814 ἐπαιδαγώγει.

649 5827 692 5856 ⁵⁸
722 5819 953 5876 animas:
989 5819 1059 5851 ‘57
1089 5819 1427 5891 παρακαλῶ.

2296 626 2496 696 μένων,
2523 621 2871 693 θλιϐομένους
2895 622 2989 675 καὶ
3019 617 3574 689 στενοχωρουμένους,
3610 618 3715 686 τῆς
3744 635 3867 689 χει-

2295 716 2389 786 ρὸς
2415 715 2622 768 τούτων
2666 712 2742 776 ὡς
2775 711 2982 783 νηπίων
3007 709 3406 777 ἐπιλαϐόμενοι,
3429 708 3523 761 τοῦ
3559 707 3724 776 δχλου
3751 708 3867 761 τῶν

2292 804 2565 876 λογισμῶν
2615 793 3084 874 ἐλευθερώσωμεν.
3135 800 3198 852 Et
3243 799 3301 852 δὲ
3344 799 3439 852 καὶ
3487 799 3675 869 νήπιοί
3714 815 3866 862 τινες

2293 895 2458 959 πάνυ,
2497 893 2530 964 ἢ
2573 892 2816 968 ἀσθενεῖς
2873 891 3226 962 ὑπάρχουσιν,
3281 888 3374 942 ἐπὶ
3417 887 3524 940 τῶν
3571 887 3867 958 ἡμετέρων

2293 985 2460 1054 ῶμων
2510 983 2721 1052 ἀνάγκη
2777 981 3061 1051 βαστάσαι,
3119 978 3216 1031 καὶ
3267 975 3550 1045 ἀνυψῶσαι
3610 975 3863 1036 τούτους,

2292 1078 2451 1145 ἄχρις
2497 1070 2558 1128 οὗ
2583 1073 2682 1142 τὴν
2713 1070 2883 1141 θύραν
2925 1071 3022 1138 τῆς
3052 1067 3258 1121 εἰσόδου
3284 1067 3383 1137 τῆς
3407 1065 3622 1136 ἀληθῶς
3661 1068 3868 1132 στενῇ

2295 1164 2652 1235 παρέλθωσιν.
2699 1162 2846 1214 Ἐκεῖ
2885 1161 2994 1230 γὰρ
3051 1159 3161 1220 πᾶς
3213 1159 3242 1210 6
3282 1155 3515 1226 πνιγμὸς
3555 1157 3648 1209 καὶ
3679 1158 3713 1225 ἡ
3742 1171 3866 1206 στε-

2294 1255 2525 1325 νοχωρία
2562 1252 2773 1321 πέφυκε
2809 1250 3072 1319 γίνεσθαν
3130 1247 3210 1300 διὸ
3259 1246 3353 1300 καὶ
3395 1245 3548 1315 ἔλεγέ
3591 1264 3676 1308 τις
3730 1246 3866 1317 περὶ

2295 1347 2482 1416 αὐτῆς.
2544 1343 2714 1397 Τοῦτο
2774 1341 2940 1404 κόπος
2995 1339 3142 1393 ἐστὶν
3197 1337 3425 1391 ἐνώπιόν
3465 1355 3588 1408 μου,
3629 1337 3740 1400 ἓως
3801 1332 3867 1389 οὗ

2295 1436 2518 1487 εἰσέλθω
2573 1435 2653 1497 εἰς
2697 1433 2760 1485 τὸ
2814 1431 3164 1500 ἀγιαστήριον
3209 1428 3303 1482 τοῦ
3348 1427 3506 1482 Θεοῦ.
3547 1429 3657 1481 Καὶ
3699 1429 3867 1497 μόνον

2297 1528 2505 1596 εἴρηται
2529 1526 2626 1595 μὲν
2651 1526 2800 1594 ἡμῖν,
2821 1517 2866 1574 ὦ
2892 1521 3145 1587 Πατέρων
3165 1519 3358 1586 πάτερ,
3380 1519 3471 1570 καὶ
3491 1518 3550 1569 έν
3575 1521 3690 1578 τοῖς
3720 1518 3865 1583 φθά-

2299 1634 2420 1670 σασι
2443 1633 2507 1668 πε
2516 1615 2568 1684 pi.
2592 1615 2817 1676 ἐκείνου,
2841 1610 2934 1663 τοῦ
2955 1610 3062 1662 τῶν
3085 1607 3341 1677 Πατέρων
3362 1607 3583 1676 πατρὸς,
3601 1606 3698 1658 καὶ
3714 1591 3865 1657 διδά-

2298 1709 2496 1762 σκάλου
2513 1707 2620 1758 τῶν
2642 1701 2991 1763 διδασκάλων,
3012 1693 3120 1761 οἷός
3135 1715 3193 1750 τε
3211 1693 3297 1768 ἦν,
3313 1700 3390 1766 ,τῇ
3410 1696 3568 1764 σοφίᾳ
3589 1696 3724 1757 ἀνω,
3739 1695 3866 1756 ὅλος

2293 1798 2682 1870 ἠμφιεσμένος,
2724 1793 3100 1860 ἀνυπόκριτος,
3155 1787 3468 1848 ὲκλεκτικδς
3488 1788 3555 1848 ⁵ο,
3596 1785 3865 1854 φαιδρόςο

2296 1890 2356 1941 τὸ
2380 1889 2436 1941 δὲ
2463 1889 2527 1956 δὴ
2559 1879 2774 1939 πάντων
2803 1877 3264 1950 θαυμασιώτερον,
3302 1878 3390 1929 ὅτι
3418 1877 3550 1929 ὅπου
3578 1892 3640 1942 γε
3672 1873 3865 1925 θέλον-

2297 1996 2394 2041 τας
2426 1977 2662 2045 σωθῆναι
2689 1972 2903 2034 ἔϐλεπε,
2935 1966 3294 2038 περισσοτέρᾳ
3323 1965 3584 2036 ἐκέχρητο
3603 1965 3671 2033 τῇ
3703 1964 3869 2031 ἀκρι-

2297 2067 2499 2137 6είᾳ⁸¹.
2531 2065 2636 2127 Οὓς
2664 2064 2721 2116 δὲ
2744 2061 2906 2141 πάλιν
2935 2060 3131 2112 οἰκεῖον
3156 2055 3390 2126 θέλημα,
3419 2057 3452 2124 ἦ
3482 2054 3868 2125 προσπςωειαν

2296 2158 2521 2212 ἔϐλεπεν
2555 2158 2792 2226 ἔχοντας,
2827 2152 2993 2213 οὕτως
3024 2149 3215 2212 αὐτοὺς
3250 2146 3345 2198 τοῦ
3372 2145 3868 2216 προσπασχομένου

2296 2249 2603 2320 ἀπεστέρει,
2637 2247 2711 2310 ὡς
2738 2244 2921 2298 λοιπὸν
2947 2241 3155 2304 πάντας
3188 2237 3638 2309 παρατηρεῖσθαι,
3669 2239 3728 2290 ὲν
3754 2254 3865 2306 μη-

2295 2342 2406 2396 δενὶ
2429 2334 2502 2394 ὧν
2534 2338 2886 2409 πρόσκεινται
2910 2333 3170 2387 δεικνύειν
3192 2330 3387 2384 οίκεϊον
3409 2328 3637 2399 θέλημα.
3663 2331 3866 2395 Ἔλεγε

2295 2431 2352 2484 δὲ
2385 2429 2479 2484 καὶ
2509 2429 2666 2480 τοῦτο
2695 2428 2781 2480 ἀεὶ
2809 2428 2836 2479 6
2860 2424 3097 2493 ἀοίδιμος
3116 2438 3130 2454 ο
3156 2421 3365 2490 ὅτιπερ,
3383 2419 3566 2489 φησιν,
3603 2420 3869 2488 Ἄμεινον

2295 2519 2484 2586 διῶξαί
2518 2535 2638 2570 τινα
2667 2518 2769 2585 τῆς
2806 2515 2994 2586 μονῆς,
3031 2513 3065 2583 ἢ
3111 2511 3324 2582 θέλημα
3367 2511 3495 2564 ἴδιον
3542 2511 3700 2563 ἐᾶσαι
3739 2511 3870 2572 τοὺς

2297 2607 2564 2678 ὑπηκόους
2589 2606 2785 2658 οἰκεῖον
2819 2605 3009 2657 ποιεῖν.
3045 2602 3102 2656 Ὀ
3132 2600 3230 2672 μὲν
3257 2600 3366 2671 γὰρ
3388 2598 3582 2663 διώξας
3601 2599 3868 2661 πολλάκις

2295 2697 2386 2749 τὸν
2429 2695 2726 2764 διωχθέντα
2774 2693 3150 2762 ταπεινότερον
3199 2689 3602 2758 ἀπειργάσατο,
3652 2687 3749 2739 καὶ
3807 2688 3868 2738 τὸ

2297 2787 2490 2842 ἑαυτοῦ
2517 2785 2703 2840 λοιπὸν
2731 2784 3130 2856 περικόπτοντα
3155 2780 3367 2850 θέλημα
3391 2796 3409 2809 ·
3443 2781 3474 2831 6
3502 2778 3558 2832 δὲ
3587 2777 3665 2847 τῷ
3686 2777 3868 2829 δοκεῖν

2299 2877 2705 2948 φιλανθρωπίαν
2737 2876 2831 2929 καὶ
2858 2873 3259 2934 συγκατάϐασιν
3282 2873 3394 2934 τοῖς
3417 2869 3680 2931 τοιούτοις
3708 2886 3868 2938 χαρι-

2264 2981 2283 3001 ο
2299 2967 2543 3036 ζόμενος,
2571 2968 2627 3017 ὲν
2652 2963 2826 3033 καιρῷ
2852 2963 3029 3027 ἐξόδου
3059 2960 3306 3023 ἐλεεινῶς
3329 2960 3490 3012 αὑτὸν
3518 2957 3869 3026 καταρᾶσθαι

2300 3052 2614 3121 πεποίηκεν,
2645 3052 2996 3120 ἀπατήσαντα
3020 3049 3241 3118 μᾶλλον,
3266 3048 3359 3100 καὶ
3379 3048 3478 3099 οὐκ
3506 3045 3870 3114 ὠφελήσαντα

2303 3143 2512 3206 αὐτούς.
2562 3137 2668 3194 Ἦν
2718 3142 2894 3193 τοίνυν
2941 3138 3144 3192 ἰδέσθαι
3188 3137 3280 3190 τὸν
3332 3135 3537 3208 μέγαν,
3587 3137 3725 3204 μετά
3765 3136 3870 3205 τὴν

2304 3233 2696 3303 συμπλήρωσιν
2738 3230 2846 3282 τῶν
2895 3227 3194 3299 έσπερινῶν
3241 3225 3434 3295 εὐχῶν,
3498 3225 3590 3277 ἐπὶ
3644 3224 3869 3295 θρόνου,

2302 3324 2496 3388 ἔξωθεν
2529 3322 2627 3393 μὲν
2673 3320 2904 3374 πλεκτοῦ
2952 3321 3018 3373 ὲκ
3057 3318 3247 3383 ξύλων,
3296 3315 3498 3370 ἔσωθεν
3525 3314 3581 3368 δὲ
3625 3316 3869 3368 πλεκῖοῦ

2301 3416 2601 3486 χαρίσμασι
2631 3415 3020 3483 πνευματικοῖς
3057 3409 3361 3479 καθήμενον
3387 3407 3462 3470 ὡς
3492 3406 3716 3476 βασιλέα
3743 3409 3870 3460 τινὰ

2292 3501 2358 3559 ¹ὃν
2387 3505 2798 3574 περιεκύκλουν,
2844 3503 2918 3566 ὡς
2965 3503 3123 3570 σοφαὶ
3171 3500 3422 3572 μέλισσαι
3467 3500 3501 3568 ἡ
3547 3499 3688 3567 καλὴ
3739 3514 3870 3550 συν-

2302 3598 2544 3667 άθροισις
2559 3595 2626 3659 δ’,
2661 3596 2754 3647 καὶ
2782 3595 2852 3656 ὡς
2884 3592 3019 3644 Θεοῦ
3053 3591 3162 3644 τῶν
3194 3591 3366 3658 λόγων
3392 3591 3606 3659 ἤκουον,
3637 3589 3734 3640 καὶ
3757 3589 3874 3640 τῶν

2303 3687 2738 3759 προσταγμάτων
2765 3685 3056 3753 ὑπήκουον.
3111 3682 3221 3733 Καὶ
3257 3682 3285 3734 6
3317 3678 3415 3749 μὲν
3445 3681 3809 3748 πεντήκοντα.
3845 3679 3874 3729 6

2301 3781 2355 3832 δὲ
2386 3780 2696 3850 τριάκοντα,
2741 3780 2768 3830 ό
2816 3776 2871 3828 δὲ
2909 3775 3098 3828 ἑκατὸν
3135 3771 3584 3842 ἀποστοματίζειν
3619 3771 3873 3838 duim-it;

2304 3871 2408 3938 πρὸ
2435 3870 2600 3921 ὕπνου
2630 3865 3055 3940 ἐ[κε]κέλευτο,ό
3082 3865 3138 3916 δὲ
3162 3863 3424 3925 τοσαύτας
3452 3860 3819 3928 γονυκλισέας,
3847 3864 3873 3912 ὁ

2303 3959 2356 4010 δὲ
2380 3960 2679 4026 καθήμενος
2700 3955 2898 4008 ὑπνοῦν
2924 3970 2937 3982 ·
2964 3956 2992 4005 ὁ
3024 3956 3119 4023 μὲν
3149 3951 3454 4022 ὡρισμένην
3480 3948 3875 4017 ἀναγινώσκειν

2303 4049 2473 4119 ὤραν,
2507 4048 2536 4100 6
2565 4048 2620 4100 δὲ
2658 4046 2750 4099 ἐπὶ
2778 4045 3082 4114 προσευχὴν
3112 4042 3370 4104 ὡσαύτως
3408 4039 3775 4113 παρίστασθαι
3797 4040 3870 4101 ³³,

2305 4136 2638 4208 κατέστησέν
2689 4153 2746 4188 τε
2795 4135 2887 4187 καὶ
2936 4131 3218 4186 ἐπὶτοῦτο
3268 4133 3360 4188 δύο
3391 4131 3718 4192 ἐπισκόπους
3760 4131 3873 4183 τῶν

2304 4227 2568 4297 ἀδελφῶν,
2610 4226 2790 4297 ἡμέρᾳ
2827 4224 2925 4292 μὲν
2957 4223 3245 4292 συντυχίας
3277 4225 3374 4276 καὶ
3413 4224 3610 4294 ἀργίας
3645 4225 3872 4274 έπισκο·

2304 4320 2539 4383 ποῦντας
2569 4321 2662 4372 καὶ
2702 4318 3005 4380 παύοντας·
3052 4315 3205 4369 νυκτὶ
3237 4314 3293 4368 δὲ
3322 4315 3676 4386 ὲγρηγόρσεις
3704 4315 3870 4366 ἀκαί-

2309 4433 2454 4488 ρους,
2486 4416 2580 4468 καὶ
2612 4416 2646 4469 ἀ
2673 4417 2734 4467 ού
2751 4415 2798 4447 ⁸⁵
2826 4413 2980 4482 θέμις
3006 4413 3190 4482 γραφῇ
3215 4408 3566 4481 παραδοῦναι.
3598 4408 3672 4462 Οὐ
3708 4411 3874 4478 μόνον

2239 4507 2282 4562 ῐ)
2309 4506 2384 4568 δὲ,
2417 4503 2550 4556 ἀλλά
2583 4502 2676 4554 καὶ⁸
2703 4502 2794 4553 ἐπὶ
2828 4502 2926 4570 τῆς
2952 4500 3159 4570 τροφῆς
3189 4499 3288 4569 τὴν
3323 4497 3530 4550 οἰκείαν
3557 4495 3708 4561 τάξιν
3743 4496 3874 4548 έκά-

2311 4612 2422 4665 στῳ
2452 4597 2480 4647 6
2511 4596 2681 4663 μέγας
2704 4593 2993 4660 ἀπένειμεν
3015 4608 3031 4623 ·
3073 4588 3142 4661 ἦν
3169 4591 3276 4662 γὰρ
3302 4592 3336 4662 ἡ
3361 4591 3536 4644 δίαιτα
3564 4589 3781 4642 πάντων
3808 4590 3871 4640 ού

2314 4688 2431 4756 μία,
2475 4686 2592 4739 οὐδὲ
2634 4683 2794 4754 ὁμοία
2823 4700 2836 4714 ⁸
2885 4683 3020 4736 ἀλλά
3062 4683 3282 4753 διῄρητο
3325 4684 3537 4752 ἑκάστῳ
3580 4681 3723 4734 κατά
3770 4681 3872 4750 τὴν

2311 4775 2504 4828 ἑαυτοῦ
2551 4775 2922 4828 κατάστασιν·
2969 4774 3081 4835 τοῖς
3126 4771 3224 4839 μὲν
3253 4770 3362 4841 γὰρ
3409 4770 3504 4842 τὴν
3547 4769 3868 4840 ξηροτέραν,

2313 4868 2422 4929 τοῖς
2452 4866 2507 4918 δὲ
2539 4866 2635 4935 τὴν
2663 4862 2996 4933 ἀνετωτέραν
3009 4863 3054 4894 ⁸⁵
3081 4855 3375 4929 ἀπένειμεν
3405 4863 3434 4913 6
3473 4861 3633 4923 καλὸς
3661 4859 3871 4912 οἰκονόο

2315 4974 2413 5027 μος
2436 4972 2450 4987 ο
2484 4957 2578 5009 καὶ
2604 4955 2665 5008 τὸ
2691 4953 2894 5022 θαῦμα,
2924 4953 3113 5022 ὅτιπερ
3137 4949 3488 5019 ἀγογγύστως
3512 4951 3572 5003 τὸ
3600 4965 3866 5020 προστασς

2314 5044 2536 5112 σόμενον
2564 5045 2639 5106 ὡς
2669 5046 2732 5097 ὲκ
2759 5041 3023 5110 στόματος
3050 5037 3183 5092 Θευῦ
3214 5039 3532 5093 ἐτελειοῦτο.
3561 5035 3670 5090 Ἦν
3694 5036 3752 5089 δὲ
3775 5037 3874 5089 αύ-

2308 5126 2386 5203 τῷ
2419 5132 2748 5201 ὑποκειμένη
2782 5130 2877 5182 καὶ
2919 5127 3094 5198 λαύρα
3119 5128 3200 5199 τῷ
3224 5129 3474 5200 ἀοιδίμῳ,
3505 5129 3563 5180 ὲν
3674 5127 3742 5178 ὲκ
3767 5125 3870 5194 τῆς

2317 5225 2483 5293 μονῆς
2529 5226 2656 5286 τοὺς
2699 5221 2955 5282 δυνατοὺς
2997 5220 3132 5290 πρὸς
3161 5220 3389 5290 ἡσυχίαν
3429 5217 3660 5273 καθίστα
3685 5219 3715 5270 6
3743 5218 3875 5288 περὶ

2312 5316 2485 5367 πάντα
2516 5314 2733 5374 τέλειος.
2770 5311 2858 5380 Μὴ
2887 5309 3130 5383 ποικίλης
3146 5311 3213 5376 ⁸⁸,
3242 5308 3458 5382 λιπαρῶ
3473 5307 3537 5371 ³⁷,
3567 5307 3692 5368 τοὺς
3715 5307 3878 5360 ἀκαι⁸

2315 5407 2625 5477 ραιοτέρους
2654 5405 2711 5455 ὲν
2742 5401 3015 5471 λογισμῶν
3060 5397 3434 5472 πανουργίαις,
3465 5395 3662 5468 μᾶλλον
3707 5397 3792 5462 δὲ,
3828 5403 3877 5453 εί

2774 5669 2816 5698 σι
2847 5662 2960 5740 γοδς
3010 5663 3364 5740 ἀνασωθῇνᾳι,
3399 5661 3606 5740 ἔϐλεπε-
3644 5668 3882 5735 τούτους

2810 5739 2857 5767 ⁵³
2891 5737 3156 5790 ἵστασθαι.
3226 5734 3270 5764 ⁸⁸
3297 5734 3397 5804 μήθ
3463 5736 3509 5767 ⁸⁵
3546 5734 3876 5809 ἁδροτέρανὲ
