4032 6340
192 443 312 507 1201

1426 455 1654 516 LIBER
1698 458 1793 518 AD
1814 458 2231 523 PASTOREM.

3287 457 3422 523 1202

185 549 426 616 δυνατὸν,
454 554 547 607 καὶ
577 556 701 621 τοὺς
723 558 998 620 ποικίλους
1022 557 1100 618 είς
1122 556 1395 629 ἁπλότητα
1430 560 1736 629 μετάϐαλλε

1857 564 1921 618 Ει
1941 558 2083 633 quod
2119 567 2302 620 mirari
2332 568 2527 636 possis,
2558 564 2822 637 imperata
2845 568 2913 621 ab
2936 568 3186 623 omnibus
3213 570 3416 637 abSqne

184 642 318 709 ὅπερ
352 645 671 712 παράῶξον.
710 648 769 702 ὐ
807 650 888 713 είς
916 648 1084 719 ἄκρον
1121 649 1524 719 κεκαθαρμένος
1558 653 1621 703 ἐκ
1648 651 1746 719 τῆς

181 733 359 801 ἄκρας
385 735 671 803 ἀπαθείας,
697 738 773 802 ὠς
794 740 823 792 ὁ
850 739 993 802 θεῖος
1018 737 1209 808 κριτὴς
1232 740 1325 791 καὶ
1344 742 1410 810 τῇ
1432 741 1685 811 ἀκριϐείᾳ
1701 743 1746 773 ⁵⁸

180 822 485 890 χρήσεται·
539 826 774 897 ἔλλειψις
799 830 908 900 γὰρ
952 829 1219 893 ἀπαθείας
1258 830 1448 883 τύπτει
1495 832 1745 886 δικαστοῦ

184 912 436 981 καρδίαν,
467 916 562 968 καὶ
610 918 672 971 οὐ
704 921 993 989 συγχωρεῖ,
1045 919 1121 981 ὡς
1157 919 1295 982 δέον,
1337 921 1604 986 κολάζειν,
1655 923 1747 976 καὶ

178 997 543 1068 ἀποσμήχειν.
586 1003 827 1069 Πίστεως
858 1006 1099 1068 ἀπαθοῦς
1139 1006 1233 1059 καὶ
1263 1008 1548 1077 δογμάτων
1588 1011 1745 1063 εὐσε-

179 1087 287 1138 ϐῶν
314 1090 420 1158 πρὸ
446 1092 663 1147 πάντων
686 1096 1046 1167 κληρονομίαν
1072 1099 1184 1161 τοῖς
1208 1100 1340 1162 υἱοῖς
1370 1102 1745 1172 καταλίμπανε

180 1176 265 1229 ῐνα
295 1178 374 1249 μὴ
409 1183 566 1249 μόνον
590 1184 715 1249 τοὺς
764 1187 932 1249 υἱοὺς,
982 1187 1119 1241 ἀλλὰ
1166 1191 1259 1242 καὶ
1305 1190 1375 1243 τὰ
1415 1191 1613 1260 ἔγγονά
1650 1211 1744 1246 σου

180 1267 372 1337 Κυρίῳ
390 1269 456 1322 δι’
476 1272 595 1325 ὁδοῦ
624 1274 951 1345 ὀρθοδοξίας,
988 1280 1363 1351 προσαγάγῃς.
1394 1282 1745 1351 Σφριγῶντας

179 1356 270 1446 καὶ
313 1359 468 1425 νέους
501 1367 927 1436 καταμαραίνειν
956 1369 1049 1423 καὶ
1090 1370 1349 1440 δαμάζειν
1376 1374 1451 1443 μὴ
1491 1374 1743 1446 ἐλεήσῃς,

181 1444 263 1499 ἵνα
288 1448 359 1501 ἐν
380 1452 559 1522 καιρῷ
588 1453 766 1518 ἐξόδου
795 1458 1178 1529 ἀνυμνήσωσίν
1207 1478 1266 1514 σε
1286 1478 1301 1493 ⁸
1341 1463 1507 1527 τύπος
1537 1482 1617 1517 σοι
1649 1444 1743 1518 καὶ

176 1538 233 1588 ἐν
261 1539 440 1610 τούτῳ
486 1545 685 1614 Μωσῆς
712 1546 742 1599 ὁ
783 1545 955 1616 μέγας
987 1550 1148 1613 ἔστω,
1198 1553 1438 1620 πάνσοφε
1463 1570 1476 1584 ·
1535 1555 1595 1606 οὐ
1634 1555 1742 1622 γὰρ

176 1626 457 1698 δεδύνηται
481 1634 604 1694 τοὺς
628 1634 918 1705 ὑπηκόους,
947 1637 1145 1709 καίπερ
1172 1642 1397 1711 εὐηνίως
1425 1644 1739 1713 ἑπομένους,

176 1718 265 1770 τοῦ
292 1722 496 1790 Φαραῶ
543 1724 921 1796 ἐλευθερῶσαι,
965 1728 1121 1800 ἄχρις
1162 1726 1222 1782 οὗ
1268 1732 1329 1784 τὸ
1357 1734 1562 1803 ἄζυμον
1605 1737 1741 1805 μετὰ

176 1810 440 1879 πικρίδων
470 1813 690 1882 ἔφαγον.
720 1817 960 1887 ’Λζυμον
1005 1819 1061 1871 δέ
1102 1823 1216 1873 ἐστι
1246 1822 1390 1893 ψυχὴ
1442 1825 1516 1895 μὴ
1548 1817 1742 1895 ἔχουσα

1853 658 1961 710 ulla
1997 659 2343 714 oblecutione
2380 669 2637 729 tanquam
2680 669 2733 713 et
2771 660 2909 714 ctelo
2955 660 3078 713 data
3127 661 3413 713 exbanrie-

1854 747 2069 803 bantur.
2094 750 2222 803 Erat
2249 750 2390 804 idem
2413 752 2680 805 laudando
2711 754 2847 814 viro,
2877 762 2932 806 et
2964 753 3114 805 laura
3150 752 3412 819 subjecta,

1854 840 1905 893 in
1937 857 2045 910 qua
2084 858 2149 896 ex
2183 846 2510 899 monasterio
2547 847 2744 915 pnesul
2778 847 2865 900 ille
2893 847 3144 898 omnibus
3178 846 3413 898 numeris

1852 933 2136 989 absolutus
2162 935 2229 989 ad
2260 937 2570 992 solitudinis
2608 938 2839 1005 quietem
2872 936 3214 1005 perfectiores
3244 936 3411 987 dedu-

1851 1026 2026 1081 cebat.
2070 1026 2213 1080 Cave
2256 1044 2323 1081 ne
2367 1030 2728 1097 simpliciores
2768 1030 2979 1083 animos
3019 1028 3083 1081 ad
3121 1028 3411 1079 \ersutiani

1850 1125 1905 1170 ct
1935 1118 2282 1173 calliditatem
2317 1121 2615 1176 transferas
2638 1163 2652 1182 ,
2680 1123 2810 1191 quin
2850 1122 3063 1188 potius,
3098 1120 3141 1173 si
3177 1120 3279 1170 ulla
3327 1134 3414 1170 ra-

1849 1205 2141 1269 tioneﬁeri
2164 1196 2404 1277 poterit,
2429 1212 2661 1279 pellaees
2682 1252 2697 1274 ,
2728 1220 2781 1264 ct
2810 1210 3032 1263 callidos
3059 1247 3073 1268 ,
3113 1223 3204 1261 seu
3236 1207 3326 1258 raf
3328 1224 3414 1259 ros

1849 1298 1915 1352 ad
1968 1299 2368 1368 simplicitatem
2418 1304 2708 1370 quamdam
2766 1304 3072 1371 religiosam
3121 1300 3412 1358 traducas,

1849 1391 2099 1457 quamvis
2133 1391 2233 1445 hoc
2267 1393 2377 1447 illis
2411 1394 2706 1448 absurdum
2736 1394 3001 1446 videatur.
3036 1390 3137 1456 Qui
3171 1407 3233 1442 ex
3260 1389 3411 1456 cupi-

1848 1480 2077 1534 ditatum
2102 1484 2344 1535 omnium
2380 1486 2613 1553 perfecta
2648 1485 2868 1538 victoria
2898 1484 2962 1536 ad
2996 1498 3260 1537 summam
3298 1481 3412 1530 ani-

1849 1570 1957 1632 mi,
1991 1573 2346 1643 corporisque
2391 1576 2677 1641 puritatem
2708 1575 2987 1643 pervenit,
3032 1575 3078 1625 is
3105 1573 3266 1626 veluti
3300 1587 3411 1623 cos-

1849 1661 1999 1715 lestis
2029 1663 2249 1732 quidam
2285 1666 2489 1719 arbiter
2518 1676 2768 1721 accurata
2809 1667 3013 1718 ratione
3052 1672 3105 1717 et
3136 1663 3410 1730 diligentia

1850 1754 1932 1821 (lin
1966 1756 2251 1823 puniendis
2284 1759 2648 1827 subjectorum
2683 1759 2871 1823 noxis)
2908 1766 3103 1808 utetur.
3134 1752 3410 1809 Οιηιυκὶιιδ

1850 1861 1975 1897 vero
1996 1846 2183 1912 animi,
2207 1862 2577 1917 sensuumque
2600 1848 3095 1917 perturlnttienilnts
3130 1844 3412 1898 conscien-

176 1900 513 1971 πειὸσλημμα
541 1905 634 1957 τοῦ
659 1908 854 1977 ἑαυτῆς
872 1909 1188 1980 θελήματος.
1214 1912 1381 1965 Τοῦτο
1409 1917 1515 1984 γὰρ
1543 1918 1736 1984 τυφοῦν

176 1985 257 2008 ..ρ-ἱ
294 1986 542 2008 ι--ρ--η.
584 1992 630 2008 ΛΟ
680 1992 692 2008 ι
768 1992 819 2008 μ’
1093 1996 1106 2008 ι
1149 1997 1190 2008 Α.
1240 1997 1300 2008 ιιι.
1474 2001 1486 2008 .
1528 2002 1537 2008 .

1844 1938 1913 1988 tia
1949 1938 2269 2001 retunditur,
2298 1941 2591 2008 quominus
2620 1941 2672 1992 in
2702 1939 2929 1991 aliorum
2962 1951 3131 1989 noxas
3158 1934 3407 1985 animad-

175 1985 262 2035 καὶ
292 1986 544 2057 ἐπαίρειν
573 1992 740 2061 αὐτὴν
763 1992 982 2047 δύναται
1005 2013 1020 2028 ο
1059 1996 1119 2048 τὸ
1146 1997 1201 2049 δὲ
1232 1997 1438 2067 ἄζυμον
1464 2001 1549 2053 ἀεὶ
1577 2020 1737 2055 τετα-

176 2072 458 2129 πείνωται.
509 2079 769 2150 Πικρίδας
802 2082 858 2135 δὲ
900 2087 1202 2156 νοήσωμεν,
1246 2090 1375 2141 ποτὲ
1424 2090 1521 2157 μὲν
1549 2091 1646 2161 τὴν
1672 2094 1736 2145 ἐκ

174 2162 269 2229 τῆς
298 2166 569 2236 ἐπιταγῆς
602 2174 988 2243 παρεπομένην
1017 2176 1223 2248 τούτοις
1248 2178 1571 2249 δριμύτητα,
1606 2184 1736 2236 ποτὲ

169 2252 223 2304 δὲ
244 2254 341 2324 τὴν
362 2257 451 2309 διὰ
473 2261 575 2342 ,τῆς
598 2262 924 2333 πικρότητος
947 2267 1047 2333 τῆς
1073 2268 1323 2337 νηστείας
1356 2272 1731 2342 στενοχωρίαν.

184 2341 320 2409 Ἐγὼ
351 2345 432 2409 δὲ,
460 2341 505 2401 ὧ
534 2350 790 2421 Πατέρων
817 2355 1012 2425 πάτερ,
1037 2357 1209 2411 ταῦτα
1238 2358 1372 2428 πρὸς
1399 2362 1457 2413 σὲ
1484 2341 1735 2416 ἐπιστέλ-

169 2442 292 2511 λων,
323 2448 537 2504 δέδοικα
565 2454 776 2508 ἀκούων
791 2455 838 2487 ⁸⁸
863 2457 957 2511 τοῦ
980 2460 1276 2526 φάσκοντος
1297 2479 1313 2495 ·
1354 2465 1416 2516 '0
1434 2464 1734 2519 διδάσκων

167 2536 390 2606 ἕτερον,
434 2546 697 2599 σεαυτὸν
736 2549 808 2602 οὐ
849 2549 1155 2617 ὀιόάσκεις
1177 2554 1266 2618 ⁶⁰;
1321 2555 1435 2607 Νῦν
1476 2555 1533 2607 δὲ
1575 2557 1731 2610 τοῦτο

168 2641 325 2707 μόνον
348 2626 540 2713 ἐίπὼν,
581 2652 914 2706 καταπαύσω
942 2655 1033 2706 τοῦ
1070 2654 1227 2722 λόγου
1250 2657 1340 2709 τὸν
1364 2658 1579 2729 δρόμον.

1840 2038 2039 2093 vertat,
2069 2044 2268 2098 easque
2294 2046 2389 2097 pro
2431 2046 2531 2083 suo
2568 2030 2830 2083 arbitratu
2864 2030 3062 2095 expiet.
3097 2025 3265 2096 495
3288 2025 3407 2076 l’ra:

1836 2121 2048 2173 cunctis
2098 2122 2339 2189 relinque
2388 2121 2623 2175 alumnis
2665 2122 2771 2174 tuis
2811 2121 3035 2173 sineeta:
3080 2118 3316 2186 pietatis,
3355 2126 3408 2168 et

1839 2211 2102 2265 doctrina:
2151 2213 2475 2282 incorruptae
2522 2212 2945 2281 patrimonium,
2990 2211 3064 2263 uti
3115 2225 3219 2262 non
3271 2210 3406 2260 filios

1836 2311 2080 2367 tantum,
2130 2307 2222 2358 sed
2268 2315 2322 2359 et
2369 2314 2593 2373 nepotes
2636 2320 2728 2374 per
2771 2304 3087 2357 orthodoxa:
3129 2300 3405 2366 religionis

1835 2394 2063 2463 vestigia
2100 2396 2167 2449 ad
2202 2394 2488 2448 Dominum
2534 2397 2818 2465 perducas.
2851 2395 3085 2448 Juvenes
3118 2392 3405 2444 lascivien-

1833 2492 1913 2538 tes
1939 2501 2183 2554 premere
2211 2495 2265 2541 ct
2289 2487 2557 2549 emaciare
2582 2504 2688 2540 non
2719 2502 2955 2549 vereare,
2986 2487 3058 2538 uti
3089 2484 3189 2537 sub
3214 2498 3403 2535 exces-

1830 2590 1951 2628 sum
1989 2577 2109 2631 vitm
2140 2578 2235 2631 tibi
2270 2593 2395 2631 cum
2427 2578 2724 2645 gratiarum
2759 2579 2976 2630 actione
3008 2578 3140 2629 bene
3178 2590 3391 2643 ῃιιιρυιι-

1822 2675 1926 2719 tur.
1954 2666 2018 2719 Et
2055 2669 2107 2720 in
2141 2670 2244 2722 boc
2272 2683 2487 2737 quoque
2519 2668 2746 2721 formam
2782 2670 2905 2733 tibi,
2968 2665 3361 2733 sapientissinn:
3387 2686 3401 2710 ι

168 2745 396 2800 magnus
445 2737 534 2791 ille
574 2740 746 2795 Moses
785 2745 1033 2812 exemplo
1067 2760 1166 2797 suo
1206 2749 1570 2816 prmscripsit,
1604 2766 1724 2804 cum
1767 2755 2066 2823 subjectum
2136 2760 2238 2811 sibi
2311 2760 2603 2827 populum,
2633 2761 2882 2827 quamvis
2912 2768 3100 2826 sponte
3132 2767 3405 2823 prompte-

169 2835 271 2888 que
303 2824 747 2895 subsequentem,
788 2847 893 2886 non
931 2835 1108 2902 potuit
1137 2852 1201 2889 ex
1267 2835 1566 2895 Pharaonis
1633 2848 1915 2912 tyrannide
1975 2851 2183 2917 eripere
2209 2893 2223 2915 ,
2267 2850 2369 2903 nisi
2402 2852 2629 2920 gustatis
2662 2853 2809 2919 prius
2843 2851 3044 2920 azymis
3073 2858 3125 2899 et
3178 2846 3402 2915 agresti-

169 2911 264 2965 bus
298 2913 547 2969 lactucis.
594 2919 855 2988 Azymum
897 2933 980 2977 est
1010 2936 1163 2980 mens
1191 2931 1311 2995 qum
1337 2930 1560 2986 arbitria
1590 2933 1882 2989 voluntatis
1916 2955 2028 2993 sua:
2091 2959 2193 2994 non
2266 2941 2524 3007 defendit,
2564 2951 2615 2995 et
2643 2942 2843 3011 judicia
2878 2955 3119 3008 repressa
3155 2939 3205 2989 in
3231 2937 3403 2988 ollirio

84 3087 90 3093 ἢ
168 3006 443 3070 continet,
478 3010 726 3066 voluntas
754 3016 896 3068 enim
931 3021 1143 3088 propria
1181 3022 1366 3077 inflare
1428 3033 1482 3077 et
1543 3029 1803 3082 extollere
1842 3034 1981 3085 solet
2028 3035 2316 3087 animum:
2370 3051 2619 3105 azymum
2671 3044 2846 3087 autem
2901 3034 3092 3085 si-ssile
3151 3038 3267 3093 est,
3308 3044 3404 3081 nrc

170 3105 359 3165 turget,
390 3100 483 3153 sed
516 3102 758 3179 subsidet
787 3108 1019 3176 semper.
1050 3110 1297 3166 Laetucm
1353 3125 1596 3183 agrestes
1649 3135 1793 3174 nunc
1834 3134 2098 3192 praecepta
2132 3128 2392 3193 subjectis
2418 3126 2689 3193 asperiora
2722 3126 3012 3186 denotant,
3057 3138 3200 3174 mnu:
3232 3123 3402 3172 abstn-

170 3190 362 3244 neutize
389 3201 444 3245 et
471 3192 869 3262 jejunationum
900 3202 1233 3259 alllietiones.
1276 3206 1564 3264 Enimvero
1592 3212 1718 3265 dum
1762 3217 1873 3268 lnec
1904 3218 1969 3269 ad
2012 3227 2080 3279 te,
2143 3221 2377 3273 maxime
2417 3219 2660 3281 Patrum,
2693 3219 2987 3286 persrribo.
3017 3218 3106 3268 illo
3134 3217 3401 3267 nnmenlis

168 3277 309 3374 dicto
341 3284 649 3348 percellor:
693 3288 801 3354 Qui
829 3291 979 3347 doces
1026 3295 1227 3362 alium,
1271 3302 1492 3369 teipsum
1564 3320 1666 3358 non
1701 3308 1853 3360 dares
1896 3318 1945 3362 κ.
1993 3277 2148 3366 Nune
2188 3327 2315 3365 vero
2396 3312 2487 3365 ubi
2560 3277 2781 3366 verbum
2822 3311 3109 3374 addidero,
3182 3308 3397 3361 modum

168 3368 383 3427 dicendi
419 3372 635 3435 faciam.

1735 3526 1802 3536 -ο

754 3581 1004 3636 ΚΕΦΛΛ.
1046 3550 1169 3640 ιε’..
1758 3616 1800 3672 ο
2420 3603 2648 3659 carm
2689 3601 2804 3657 xv.

804 3692 952 3774 Laus.
972 3699 1350 3757 cmnobiarchw
1379 3704 1652 3776 Roythuni
1676 3715 1765 3781 qui
1794 3716 2059 3785 eleganter
2079 3733 2197 3770 cum
2231 3717 2375 3772 More
2412 3699 2761 3784 componitur.

231 3792 397 3864 ιΨυχὴ
420 3795 508 3850 διὰ
530 3796 899 3870 καθαρότητος
922 3806 1182 3861 ἐνωθείσα
1212 3810 1331 3880 Θεῷ
1356 3811 1415 3864 λὸ
1429 3831 1513 3879 (ου
1540 3817 1728 3888 ἐτέρου

165 3883 297 3952 πρὸς
318 3885 544 3980 διδαχὴν
564 3889 624 3980 οὐ
647 3888 966 3980 δεηθήσεται
991 3897 1065 3965 (l)
1082 3914 1096 3928 °
1129 3900 1221 3953 τὸν
1247 3903 1414 3958 ἀΐδιον
1444 3905 1600 3975 λόγον
1626 3883 1729 3980 μυ-

167 3974 471 4068 σταγωγὸν,
518 3976 635 4068 καὶ-
658 3979 852 4048 ὁδηγὸν
878 3984 975 4037 καὶ
1011 3990 1288 4057 φωτισμὸν
1322 3995 1379 4045 ἐν
1427 3974 1592 4068 ἑαυτῇ
1626 3974 1729 4068 τρέε

166 4077 335 4129 ρουσα
360 4064 396 4132 ἡ
430 4065 693 4136 μακαρία,
724 4069 843 4123 οἵαν
875 4089 979 4124 που
1011 4074 1102 4127 καὶ
1145 4078 1241 4146 τὴν
1274 4080 1371 4150 σὴν
1402 4064 1724 4158 ίερωτᾶτην,

167 4151 257 4246 καί
283 4155 525 4246 παμᾲφαῆ
558 4160 802 4229 κορυφὴν
830 4158 1094 4233 ὑπάρχειν
1125 4167 1406 4238 μέμνημαι
1429 4151 1463 4203 ο-
1491 4175 1552 4227 οὐ
1585 4151 1728 4246 λόγω

169 4241 349 4334 ἁπλῶς
392 4244 554 4315 ψιλῷ,
606 4248 720 4301 ἀλλ’
753 4250 1003 4324 ἐνεργείᾳ
1055 4256 1150 4310 καὶ
1202 4260 1366 4331 πείρᾳ
1412 4262 1508 4334 τὴν
1555 4241 1727 4334 αὐτῆς

166 4330 390 4422 γνώμην
438 4335 711 4403 πάναγνον
760 4340 1139 4411 ἐπιστάμενος,
1186 4330 1726 4422 πραότητιτμάλιστα

167 4418 496 4494 θηρωλὲθρῳ
532 4426 627 4479 καὶ
663 4431 1010 4501 ταπεινότητι
1055 4418 1551 4505 ἐξαστράπτουσαν,
1587 4446 1728 4498 κατὰ

165 4511 252 4565 τὸν
275 4512 457 4583 μέγαν
490 4517 696 4570 ἐκεῖνον
726 4521 1036 4592 νομοθέτην,
1069 4518 1113 4592 ᾧ
1142 4527 1236 4579 καὶ
1268 4529 1433 4593 ὅντως
1461 4534 1601 4586 κατὰ
1632 4536 1728 4586 πό-

164 4600 565 4673 δαςέπόμενος,
609 4607 1010 4678 τληπαῧὲστατε
1027 4615 1091 4679 ⁸⁸,
1148 4616 1252 4669 καῖ
1288 4620 1595 4687 προϐαίνων
1647 4627 1727 4688 είς

166 4690 294 4760 ὕψος
321 4692 412 4747 ἀεὶ
444 4696 643 4766 μικροῦ
668 4698 779 4751 δεῖν
815 4700 1065 4757 κάκεῖνον
1103 4708 1546 4782 ἐπλεονέκτησας,
1585 4719 1726 4769 κατὰ

164 4782 224 4879 το
245 4784 623 4879 ⁸ιιῆςῌὰγιιιιείας,
651 4788 812 4879 λέγω,
852 4792 1143 4866 ἐγκώμιον,
1174 4800 1269 4854 καὶ
1296 4802 1357 4855 τὸ
1383 4805 1483 4873 τῆς
1515 4823 1726 4879 σωφρο-

167 4872 327 4944 σύνης
352 4875 609 4945 ἔπαθλον,
639 4878 709 4933 δι’
733 4873 809 4935 ὧν
836 4883 930 4937 καὶ
956 4886 1208 4956 μάλιστα,
1237 4891 1311 4955 ὡς
1336 4894 1398 4945 οὐ
1428 4872 1495 4947 δι’
1522 4872 1723 4967 ἐτέρων

163 4963 279 5056 θεῷ
300 4965 623 5037 πλησιάζειν
645 4970 941 5043 δυνάμεθα,
968 4977 1046 5044 τῷ
1072 4980 1326 5049 πανάγνῳ
1355 4999 1411 5035 τε
1433 4986 1525 5037 καὶ
1545 4963 1722 5056 πάσης

1903 3802 2050 3859 Mens
2086 3803 2194 3857 Deo
2231 3821 2323 3873 per
2352 3805 2641 3874 puritatem
2671 3804 2963 3874 conjuncta
2999 3802 3200 3859 nullius
3238 3805 3394 3861 insti-

1829 3895 2091 3947 tutionem
2130 3895 2441 3960 desiderat,
2478 3912 2602 3949 cum
2647 3896 2948 3958 immortale
2991 3894 3223 3950 Verbum
3292 3894 3394 3949 Pa-

1831 3966 1928 4036 tris
1960 3984 2233 4038 cmlestem
2267 3986 2543 4039 doctorem
2575 3996 2629 4039 et
2662 3986 2981 4055 magistrum
3015 4001 3045 4038 a
3075 4002 3184 4053 quo
3212 3987 3395 4040 erudi-

1829 4078 1918 4123 tur
1968 4082 2020 4124 et
2079 4073 2425 4138 illustratur,
2465 4075 2520 4127 in
2569 4089 2629 4128 se
2673 4075 2829 4128 beata
2878 4073 2972 4127 illa
3014 4074 3392 4138 circumferat,

1826 4159 2037 4225 qualem
2080 4161 2245 4230 496
2271 4172 2543 4227 mentem,
2582 4171 2818 4216 mentem
2846 4202 2862 4226 ,
2886 4163 3128 4232 inquam,
3164 4164 3393 4230 purissi-

1826 4259 1971 4298 mam
2008 4246 2180 4301 inesse
2206 4259 2566 4305 sacrosancta:
2590 4262 2645 4305 et
2671 4251 2864 4305 illustri
2889 4252 3134 4321 dignitati
3155 4261 3262 4308 tua!
3284 4270 3392 4308 non

1824 4348 1888 4387 ex
1928 4336 2086 4390 nudis
2114 4346 2321 4394 tantum
2361 4342 2541 4396 verbis
2568 4381 2583 4405 ,
2616 4342 2710 4397 sed
2741 4342 2899 4397 factis
2922 4344 3029 4398 tuis
3059 4353 3111 4398 et
3140 4361 3241 4398 usu
3295 4361 3391 4399 ex-

1823 4424 2191 4495 perientiaque
2212 4429 2396 4496 didici,
2420 4446 2542 4499 qua:
2566 4447 2631 4486 ex
2663 4434 3390 4502 mansuetudine,singulari

1824 4522 2194 4571 monstrorum
2233 4522 2563 4576 confectrice
2594 4558 2610 4585 ,
2658 4529 2713 4597 et
2747 4522 3010 4576 modestia
3046 4530 3133 4577 tua
3159 4525 3392 4577 maxime

1822 4604 2030 4671 elucet,
2061 4624 2185 4677 qua:
2210 4612 2365 4679 quasi
2391 4627 2485 4680 per
2508 4612 2688 4667 radios
2718 4613 3006 4680 quiesdam,
3045 4621 3103 4667 ut
3131 4627 3163 4667 e
3193 4628 3389 4679 magno

1786 4714 1790 4719 ·
1826 4697 1916 4751 illo
1943 4697 2120 4768 legum
2146 4702 2428 4757 conditore
2453 4701 2646 4773 (Mose)
2672 4704 2828 4772 cujus
2853 4714 2908 4758 tu
2940 4703 3161 4771 vestigia
3186 4704 3390 4771 paticn-v

1825 4786 2031 4842 tissime
2057 4792 2282 4858 premis,
2312 4791 2511 4847 emicat
2537 4809 2552 4846 :
2584 4808 2685 4847 nec
2718 4795 2787 4847 ab
2815 4794 2961 4848 illius
2985 4793 3142 4845 laude
3173 4800 3226 4847 et
3246 4808 3389 4859 "pra:-

1824 4877 1933 4932 tnio
1968 4894 2065 4948 per
2106 4880 2432 4938 innocentia:
2472 4884 2949 4954 tetiiperantimque
2985 4884 3385 4939 contentionem

1824 4974 2013 5039 procul
2050 4976 2211 5039 abes,
2254 4976 2363 5031 imo
2392 4977 2780 5045 propemodum
2817 4990 3081 5044 superas;
3126 4991 3223 5044 per
3249 4994 3387 5047 quas

163 5054 428 5147 ἀπαθείας
454 5058 641 5129 δοτῆρι
668 5062 763 5114 καὶ
782 5065 985 5134 ἀρωγῷ
1011 5069 1106 5119 καὶ
1137 5070 1456 5136 μεθιστῶντι
1484 5070 1571 5127 διὰ
1594 5050 1720 5147 ταῦ-

1834 5064 2050 5118 virtutes
2074 5066 2414 5133 potissimum
2439 5068 2721 5123 adeundus
2744 5068 2901 5123 nobis
2924 5076 3006 5123 est
3028 5068 3169 5124 Deus
3187 5108 3202 5133 ,
3245 5071 3385 5125 Deus

161 5160 263 5213 της
297 5146 409 5200 ἀπὸ
440 5148 544 5217 γῆς
575 5151 656 5213 είς
691 5150 936 5221 οὐρανὸν,
985 5156 1109 5218 τοὺς
1149 5159 1241 5209 ἐπὶ
1276 5162 1379 5229 γῆς
1412 5162 1491 5213 ἐτι
1535 5165 1723 5218 πέλον-

163 5249 259 5297 τας
273 5236 321 5267 ⁸⁸
345 5253 362 5269 ο
414 5232 498 5301 οἷς
532 5237 719 5310 ὥσπερ
748 5241 857 5294 τινὶ
888 5243 1057 5311 πυρὸς
1094 5244 1320 5315 ἅρματι,
1365 5253 1484 5302 κατ’
1515 5253 1718 5305 ἐκεῖνον

161 5322 253 5375 τὸν
279 5325 542 5394 φίλαγνον
563 5328 715 5399 ἡλίου
744 5331 803 5383 ἐν
830 5332 989 5385 ποσὶν
1019 5334 1240 5398 ἀοκνίας
1268 5336 1631 5410 ἐπιϐεϐηκὼς,
1657 5344 1719 5395 οὺ
1770 5352 1771 5355 ‘

167 5410 325 5500 μονον
349 5416 445 5471 τὸν
472 5419 767 5486 Αίγύπτιον
802 5422 987 5476 τοῦτον
1030 5425 1361 5491 πεφόνευκας
1399 5430 1499 5500 (‘2),
1538 5433 1629 5485 καὶ
1661 5437 1719 5486 ἐν

163 5492 371 5589 ψαμμω
396 5502 771 5589 ταπεινώσεως
792 5503 859 5560 ’τὸ
886 5506 1115 5565 ἔπαθλον
1135 5492 1416 5583 κέκρυφας
1435 5492 1467 5545 ’1
1484 5492 1624 5572 ’ἀλλά
1652 5538 1715 5589 γε

167 5583 258 5637 καὶ
284 5586 381 5638 ἐπὶ
404 5587 469 5640 τὸ
488 5590 612 5661 ὅρος
646 5595 965 5669 ἀνέδραμες,
1003 5600 1096 5655 καὶ
1116 5600 1247 5656 Θεὸν
1272 5604 1337 5657 δι’
1363 5583 1707 5674 ἀκανθώδους

237 5705 267 5735 ι
293 5691 458 5748 Rom.
486 5712 547 5765 ιι,
585 5702 674 5756 2|.

240 5784 288 5818 ³⁸
311 5785 574 5860 ἀπαθείᾳ.
601 5852 605 5856 ,
641 5794 688 5867 _”
713 5794 855 5851 δοκῶ
878 5799 1110 5858 ἀκούων.
1183 5804 1228 5836 ⁶⁹
1259 5805 1321 5858 οὐ
1368 5807 1495 5882 γίνῃ
1534 5810 1845 5880 διδάσκαλος

1825 5155 2148 5221 purissimus
2194 5169 2248 5212 et
2281 5161 2461 5215 omnis
2492 5160 2841 5230 perfectionis
2870 5172 3062 5219 auctor
3085 5203 3101 5227 ,
3145 5175 3201 5219 et
3233 5176 3382 5217 actor
3422 5162 3423 5165 “

1822 5244 1949 5311 (qui
1981 5261 2079 5300 nos
2101 5248 2278 5304 adhuc
2308 5250 2369 5304 in
2410 5252 2567 5306 terris
2622 5262 2843 5322 agentes
2872 5270 2968 5324 per
2999 5256 3138 5311 banc
3169 5271 3200 5311 c
3225 5257 3381 5309 terris

1820 5333 1874 5388 in
1916 5336 2111 5399 caelum
2148 5341 2441 5415 transfert)
2468 5346 2669 5414 quibus
2703 5354 2757 5400 tu
2793 5348 2940 5401 velut
2974 5349 3114 5402 alter
3136 5346 3380 5415 puritatis

1821 5428 1998 5481 cultor
2038 5428 2183 5485 Elias
2213 5432 2579 5490 flammantem
2610 5452 2834 5490 currum
2866 5437 3093 5506 impigre
3120 5450 3377 5488 conscen-

1822 5520 1970 5577 disti.
1995 5521 2103 5579 Nec
2127 5526 2181 5579 in
2218 5526 2322 5584 boc
2346 5535 2435 5583 tua
2466 5529 2639 5585 virtus
2659 5530 2857 5585 defecit
2890 5547 2904 5583 :
2936 5530 3029 5584 sed
3062 5526 3373 5598 Egyptiuni

1819 5610 1992 5680 illum,
2022 5631 2182 5672 manu
2217 5626 2307 5674 tua
2335 5618 2637 5689 confecisu,
2671 5630 2725 5680 et
2753 5620 2810 5675 in
2837 5619 3028 5676 sabulo
3056 5618 3375 5675 submissio-

1926 5821 1965 5852 “
2009 5824 2467 5895 zapfeptxo'nazz.
2541 5828 2585 5860 ⁶²
2610 5823 3020 5893 περιπολοῦντα.
