4032 6340
613 385 747 453 1203

1847 407 1905 466 S.
1934 407 2249 471 JOANNIS
2279 414 2581 483 CLIMACI
2659 363 2662 365 Δ

612 497 697 552 nis
714 496 998 566 praemium
1027 498 1333 576 condidisti.
1364 502 1506 569 Quin
1540 515 1596 561 ct
1625 507 1677 561 in
1710 520 1946 566 montem
1982 516 2151 570 evasi-

612 591 678 617 ιι.ιί
737 589 1007 617 “Anum”...
1047 609 1139 617 ..--
1167 596 1486 617 -Α..ιξ-.---Α
1522 599 1593 617 μη·
1618 615 1722 617 __-,
1986 614 1995 617 _
2033 604 2054 617 ρ
2115 607 2126 617 .

2263 523 2353 617 καί
2392 526 2613 597 ,θηρίοις
2654 531 3007 593 δυσεπιϐάτου
3053 543 3324 609 πολιτείας
3371 547 3623 617 ἑώρακας
3649 566 3666 581 ⁸
3723 555 3823 606 καὶ

607 591 706 656 sti,
731 589 1010 662 Deumque
1045 609 1140 663 per
1166 596 1491 651 senticosam
1516 599 1920 672 spinosamque,
1949 614 2004 658 et
2030 604 2160 662 feris

610 683 811 740 inviam
857 687 980 741 vita:
1032 689 1296 743 rationem
1353 691 1606 762 aspexisti
1633 730 1650 754 .
1708 693 1776 748 ad
1828 695 2158 765 colloquium

608 792 822 846 quoque
841 789 894 834 et
922 780 1215 838 divinitatis
1233 783 1570 852 splendorem
1589 784 1762 840 oculis
1790 787 2159 855 usurpandum

609 865 902 935 admissus,
931 871 1021 925 ubi
1053 879 1108 926 et
1133 872 1339 934 soleas.
1366 871 1470 926 hoc
1494 883 1577 926 est
1597 912 1612 936 ,
1647 887 1809 928 omne
1842 875 2031 929 mortis
2063 888 2157 929 ve—

609 956 783 1010 lamen
805 959 1071 1028 posuisti,
1092 961 1429 1032 caudamque
1456 977 1552 1017 seu
1573 962 1733 1020 linem
1755 965 1849 1034 qui
1873 980 1940 1019 ex
1966 966 2158 1036 angelo

609 1047 662 1099 in
699 1047 987 1104 draconem
1009 1050 1341 1106 deformatus
1368 1061 1472 1117 est,
1505 1053 1904 1122 apprehendisti
1927 1093 1946 1120 ,
1974 1055 2157 1110 illum-

607 1154 713 1206 que
749 1141 890 1194 velut
934 1142 990 1195 in
1041 1156 1143 1197 suo
1190 1143 1387 1213 spclaeo
1438 1144 1808 1215 altissimo-que
1855 1155 2014 1201 antro
2043 1187 2060 1212 ,
2100 1146 2156 1202 in

605 1229 856 1300 :Egypto,
888 1241 941 1286 et
967 1233 1247 1288 tenebrosa
1276 1233 1516 1304 caliginis
1543 1244 1700 1291 nocte
1731 1236 2035 1291 demersum
2064 1237 2159 1293 de-

604 1321 838 1376 trusisti.
880 1322 1212 1379 Pharaonem
1251 1314 1836 1394 insupcr'insolentem
1870 1327 2053 1391 illum,
2102 1337 2159 1383 et

605 1414 900 1482 superbum
933 1415 1312 1485 triumphasti.
1361 1415 1643 1487 Egyptios
1684 1418 1842 1472 malis
1892 1419 2154 1488 gravissi-

606 1505 711 1558 mis
740 1505 979 1560 alllixisti
999 1492 1021 1571 ’,
1064 1505 1224 1577 497
1257 1507 1581 1575 illorumque
1609 1507 1964 1578 primogenita
1989 1507 2156 1577 (quod

609 1595 962 1666 aliisutajus
1023 1607 1260 1651 meretur
1307 1597 1632 1666 premium)
1687 1598 1954 1654 occidisti.
2006 1597 2158 1654 Unde

603 1684 723 1738 (ξωιί
766 1685 1056 1754 imperator
1101 1694 1151 1740 te
1193 1684 1420 1740 fratrum
1467 1687 1612 1742 velut
1658 1687 1918 1742 invictum
1961 1689 2154 1743 ducem

602 1775 936 1843 designavit,
974 1791 1111 1845 quos
1157 1785 1212 1831 tu
1258 1775 1545 1832 ductorum
1590 1779 1839 1847 princeps
1870 1780 2153 1848 imperter-

604 1862 740 1916 ritus
782 1878 847 1916 ex
878 1863 1178 1919 Pharaonis
1214 1879 1434 1920 creooso
1475 1865 1705 1919 laterum
1747 1847 2151 1934 coquendorum
2184 1847 2226 1899 Β

602 1935 776 2022 opere
793 1953 992 2008 liberos
1027 1955 1306 2010 asscruisti
1327 1996 1343 2021 ,
1378 1957 1565 2024 eisque
1587 1956 1822 2010 cmlcstis
1847 1956 2075 2010 ﬂamma:
2099 1965 2154 2010 et

605 2041 907 2111 purissima:
932 2043 1118 2107 nubis,
1147 2059 1266 2111 quae
1298 2043 1546 2098 ardorem
1571 2059 1786 2098 omnem
1827 2044 2174 2115 (impurita--

604 2133 709 2202 tis)
739 2133 1059 2202 exstinguit,
1087 2134 1328 2188 videndae
1363 2134 1673 2189 facultatem
1705 2135 2003 2204 praebuisti.
2037 2151 2154 2192 eer-

603 2233 764 2293 taque
783 2225 1112 2293 experientia
1135 2225 1440 2280 ostendisti.
1472 2226 1622 2280 Adde
1643 2226 1787 2296 quod
1815 2226 2152 2282 ﬂammantes

600 2313 860 2385 Erythraei
902 2315 1064 2370 maris
1104 2316 1316 2380 undas,
1350 2316 1406 2370 in
1452 2316 1652 2387 quibus
1691 2318 1930 2388 plerique
1977 2320 2152 2374 salute

602 2405 888 2473 periclitari
917 2407 1153 2462 solemus
1177 2449 1192 2473 ,
1221 2407 1526 2476 disjcccris,
1557 2408 1895 2478 pastorisquc
1922 2409 2070 2480 virga
2097 2419 2152 2466 et

601 2496 1039 2567 triumphatores.
1063 2493 1408 2553 Hostes'vero
1430 2507 1576 2568 terga
1606 2509 1818 2555 tuorum
1845 2510 2150 2570 prementes

599 2604 789 2644 omnes
808 2588 1058 2644 fluctibus
1088 2591 1311 2644 haustos
1339 2590 1604 2644 delevisti.
1634 2591 1884 2657 Accedit,
1924 2593 2068 2662 quod
2097 2601 2151 2647 et

599 2688 722 2746 post
744 2694 1059 2748 oppressum
1082 2678 1440 2744 Pharaonem,
1475 2681 1636 2736 etiam
1666 2684 1954 2750 superbum
1980 2683 2148 2737 Ama-

600 2770 789 2833 lecem,
824 2780 875 2822 et
900 2769 1253 2824 :estimatione
1281 2770 1365 2824 sui
1403 2779 1719 2836 tumentem,
1753 2780 1873 2840 post
1898 2784 2148 2840 superata

600 2857 768 2912 Rubri
802 2858 968 2911 maris
1012 2859 1250 2927 pericula
1281 2858 1579 2913 victoribus
1607 2870 2006 2922 occursantem.
2038 2862 2149 2916 dis-

597 2946 775 3014 passis
839 2946 978 2999 inter
1047 2946 1517 3016 contemplationis
1585 2949 1918 3018 actionisque
1971 2951 2148 3005 studia

597 3036 846 3089 manibus
870 3075 885 3099 ,
918 3035 971 3088 in
1008 3036 1185 3104 fugam
1211 3037 1527 3106 conjeccris,
1557 3053 1655 3107 pro
1689 3039 1885 3108 populo
1923 3049 2017 3095 tuo
2050 3057 2150 3096 nu-

596 3127 760 3181 minis
802 3128 1041 3194 supremi
1084 3128 1293 3182 cultore
1336 3144 1366 3182 a
1409 3130 1514 3182 Deo
1555 3131 1647 3182 tibi
1683 3133 1975 3187 commisso
2011 3135 2147 3188 divi-

596 3221 785 3287 nisque
815 3220 1080 3274 illustrato
1105 3219 1405 3287 fulguribus
1443 3222 1735 3295 fortissime
1766 3227 2142 3295 propugnaris,

593 3322 776 3376 gentes
801 3311 1088 3380 sacrilegas
1112 3314 1457 3381 expugnaris,
1489 3324 1714 3383 tuosque
1743 3326 1917 3369 tecum
1946 3317 1997 3369 in
2023 3332 2142 3385 per-

594 3401 882 3467 fectionis,
924 3411 978 3455 et
1019 3403 1162 3456 omni
1215 3405 1678 3470 perturbationum
1726 3407 1941 3460 turbine
1992 3406 2144 3461 liberi

593 3491 791 3545 montis
812 3494 1022 3544 culmen
1042 3493 1365 3559 provexeris.
1397 3493 1784 3548 Sacrosanctos
1816 3496 1921 3548 Deo
1945 3505 2147 3566 mystas

596 3577 862 3639 initiaris,
897 3577 1064 3645 legem
1112 3578 1542 3632 circumcisionis
1573 3581 1816 3634 sanxeris
1841 3619 1854 3642 ,
1889 3581 2004 3634 sine
2038 3596 2146 3650 qua

595 3684 755 3722 nemo
797 3668 888 3720 Dei
937 3677 1226 3735 conspectu
1252 3666 1379 3722 'l'rui
1420 3677 1610 3736 potest.
1651 3669 1776 3723 Tuti
1824 3686 2040 3739 quoque
2091 3672 2145 3725 in

592 3772 867 3813 summum
895 3757 1088 3811 enixus
1130 3760 1381 3812 verticem
1412 3758 1581 3827 pulsis
1612 3759 1844 3813 tenebris
1865 3799 1879 3823 ,
1915 3769 1969 3813 et
1996 3760 2150 3813 omni

588 3847 834 3903 abstersa
903 3845 1079 3901 noctis
1129 3847 1396 3917 caligine,
1455 3846 1787 3916 disiectaque
1836 3848 2142 3902 turbulenta

586 3935 1188 4009 procella,trigemina,
1230 3937 1482 4006 inquam,
1518 3937 1827 4006 ignorantiae
1869 3938 2143 4002 caecitate,

588 4026 656 4080 ad
686 4026 855 4081 lucem
886 4027 1054 4081 multo
1085 4025 1251 4096 498
1293 4027 1410 4080 rubi
1451 4027 1598 4080 illius
1623 4027 1744 4096 igne
1776 4027 2143 4096 augustiorem

588 4115 969 4183 purio'remque
995 4123 1049 4168 et
1075 4115 1447 4170 sublimiorem
1466 4154 1482 4178 ,
1519 4113 1614 4168 Dei
1643 4113 1807 4168 aﬂatu
1837 4115 2096 4184 singulari
2124 4157 2142 4181 ,

587 4215 643 4260 et
687 4204 1016 4282 vaticinandi
1071 4207 1248 4276 gratia
1290 4206 1542 4276 dignatus
1599 4208 1893 4262 accessisti.
1929 4207 2141 4277 Vidisti,

589 4309 744 4360 reor,
776 4294 1021 4362 quamvis
1053 4297 1236 4351 adhuc
1269 4299 1510 4353 mortalis
1533 4336 1549 4362 ,
1587 4297 1716 4369 quid
1749 4307 1927 4352 tamen
1967 4299 2020 4354 in
2052 4301 2143 4357 illo

589 4383 1012 4439 immortalitatis
1062 4395 1204 4440 statu
1251 4377 1324 4440 sit
1361 4386 1637 4452 futurum,
1693 4391 2143 4460 splendoremque

587 4476 792 4530 ultime
817 4485 874 4528 et
910 4475 1346 4542 postremissinue
1383 4478 1706 4546 cognitionis
1738 4480 1851 4548 jam
1887 4481 2137 4539 hausisti.
2169 4480 2214 4534 Ι)

587 4566 792 4622 Deinde
818 4579 942 4620 cum
970 4564 1039 4618 ab
1066 4574 1264 4618 aeterna
1291 4566 1570 4633 majestate
1594 4581 1778 4622 vocem
1805 4571 1949 4624 illam
1983 4587 2140 4627 acce-

585 4659 797 4730 pisses:
835 4655 961 4709 Non
997 4655 1186 4710 videbit
1233 4671 1313 4708 me
1341 4656 1523 4720 homo,
1553 4665 1604 4710 et
1633 4659 1760 4711 uiuet
1787 4668 1818 4707 1
1841 4701 1855 4726 ,
1891 4661 1944 4727 in
1987 4663 2141 4719 ams-

587 4750 779 4802 simam
806 4747 1152 4802 demissionis
1178 4746 1370 4800 vallem
1400 4746 1773 4802 Chorebanam
1815 4765 1847 4803 a
1885 4749 1978 4806 Dei
2008 4769 2140 4808 con-

588 4848 774 4905 spectu
799 4837 1141 4902 descendisti,
1169 4845 1455 4906 tecumque
1496 4838 1739 4894 radiante
1784 4856 1908 4895 eum
1943 4858 2139 4911 eorpo-
2177 4917 2183 4922 '

589 4930 665 4982 ris
709 4938 819 4985 tum
867 4931 1035 4984 animi
1079 4931 1225 4984 vultu
1273 4932 1514 5000 geminas
1558 4932 1679 4987 illas
1718 4934 2042 5004 cognitionis
2083 4946 2139 4991 et

587 5020 1050 5086 contemplationis
1099 5022 1308 5076 tabulas
1349 5023 1662 5092 deportasti.
1717 5024 1841 5091 Sed,
1875 5026 1977 5081 heu
2037 5044 2135 5084 nos

590 5108 862 5162 infelices!
910 5111 1003 5177 qui
1043 5111 1097 5164 in
1137 5110 1451 5168 fabricando
1499 5116 1650 5171 bovis
1697 5117 1840 5172 idolo
1886 5123 2134 5189 occupati

587 5213 801 5253 sumus.
833 5196 969 5261 Quid
997 5200 1098 5252 heu
1129 5202 1142 5252 l
1174 5202 1239 5254 de
1255 5203 1543 5262 confractis
1565 5209 1740 5276 legum
1770 5211 1966 5267 tabulis
1995 5229 2132 5282 que~-

586 5287 722 5340 rar?
768 5285 966 5338 Deinde
1011 5300 1134 5339 vero
1166 5288 1330 5355 quid?
1375 5305 1627 5356 prensum
1667 5312 1834 5352 manu
1875 5303 2132 5369 populum

587 5393 682 5444 per
707 5376 976 5430 desertam
1005 5373 1348 5434 solitudinem
1379 5376 1668 5436 deduxisti.
1700 5385 1875 5456 Atque
1903 5388 2135 5450 fortasse

587 5467 750 5521 etiam
795 5466 923 5519 huic
969 5463 1168 5534 populo
1210 5464 1278 5518 ab
1311 5465 1452 5533 ignis
1492 5469 1681 5526 ardore
1723 5485 1962 5547 aestuque
2010 5480 2133 5538 fati-

656 5581 683 5619 ῒ
716 5573 884 5629 Exod.
916 5588 1109 5638 χχχιιι,
1151 5571 1240 5625 90.

663 5663 708 5694 "
730 5652 837 5717 τῶν
863 5666 1056 5720 ἄλλων.

593 5731 764 5796 iretis;
794 5735 984 5802 εἴδους,
1025 5737 1122 5806 τῆς
1154 5734 1292 5806 ἐμῆς
1322 5733 1429 5802 γὰρ
1453 5733 1606 5786 τοῦτο
1632 5731 1908 5798 συνοδίας.

1164 5661 1886 5752 ριῗπλινῷθείαςῗἐχιῖιριξᾳς.
1953 5675 2043 5728 καὶ
2110 5679 2503 5752 ὴλευθέρωσας.

2259 704 2531 800 ύπόδημα,
2561 713 2702 781 λέγω
2727 714 2789 787 δὴ
2819 721 2927 772 πᾶν
2949 721 3013 774 τὸ
3041 725 3303 795 νεκρῶδες
3336 730 3706 800 συγκάλυμηα
3727 731 3791 784 λέ

2257 795 2424 860 λυκας
2448 816 2463 829 ·
2494 802 2588 856 καὶ
2614 805 2710 874 τῆς
2738 808 2954 880 κέρκου,
2985 812 3150 882 ἤγουν
3172 814 3265 868 τοῦ
3290 795 3472 882 τέλους
3494 795 3595 873 τού
3714 822 3820 889 ἀγ-

2256 889 2415 957 γέλου
2466 896 2548 959 είς
2595 897 2863 970 δράκοντα
2913 909 3310 974 μεταπεσόντος
3357 913 3621 968 ὲπελάὄου
3651 931 3669 948 ο
3716 915 3819 970 καὶ

2247 980 2441 1076 ,τοῦτον
2467 983 2654 1057 ὥσπερ
2682 990 2741 1043 ὲν
2768 993 2953 1065 οἰκείῳ
2983 997 3174 1068 φωλεῷ
3210 1002 3304 1053 καὶ
3330 1003 3389 1055 ὲν
3415 1003 3601 1076 λάκκῳ
3630 1023 3816 1060 κατω-

2255 1071 2421 1142 τάτῳ,
2455 1076 2514 1167 ὲν
2542 1077 2800 1150 Αἰγύπτῳ
2834 1084 2927 1138 καὶ
2952 1090 3246 1160 σκοτασμῷ
3275 1090 3525 1160 ζοφώσας
3564 1071 3842 1167 παρέδωοο

2257 1176 2360 1224 κας
2384 1179 2398 1192 ·
2435 1165 2528 1217 καὶ
2557 1167 2648 1219 τὸν
2674 1169 2872 1241 Φαραὼ
2895 1175 3185 1247 νενίκηκας
3208 1180 3300 1233 τὸν
3321 1181 3525 1252 ὑψηλὸν
3556 1165 3657 1239 καί
3680 1187 3816 1252 ἀγέ-

2259 1269 2431 1324 ρωχον
2459 1256 2536 1327 (5)
2557 1273 2570 1287 ⁸
2604 1260 2697 1325 καὶ
2724 1262 3055 1331 Αἰγυπτίους
3080 1269 3445 1341 κατέπληξας,
3480 1273 3574 1326 καὶ
3595 1275 3666 1328 τὰ
3687 1276 3816 1329 τού-

2254 1356 2362 1394 των
2383 1345 2717 1412 πρωτότοκα,
2743 1349 2771 1402 ὃ
2791 1352 2858 1405 τά
2872 1353 2917 1385 ⁸³
2944 1355 3127 1423 μεῖζον
3151 1356 3381 1412 ἔπαθλον
3406 1359 3814 1427 τεθανάτωκας.

2255 1432 2348 1485 Διό
2374 1451 2457 1487 σοι
2504 1437 2597 1490 καὶ
2643 1439 2844 1510 Κύριος
2877 1444 2980 1514 τὴν
3023 1446 3135 1500 τῶν
3181 1447 3422 1518 ἀδελφῶν
3465 1451 3702 1522 ὁδηγίαν,
3734 1454 3817 1516 ὥς

2255 1525 2596 1600 ἀκραδάντῳ,
2628 1533 2987 1589 πεπίστευκεν
3015 1553 3028 1567 ο
3055 1537 3148 1603 οὓς
3177 1539 3262 1604 σὺ,
3283 1541 3442 1611 ὁδηγὲ
3465 1542 3693 1613 ὁδηγῶν,
3717 1546 3816 1598 καὶ

2254 1616 2741 1688 ἀνεκδειματίστως
2767 1625 3100 1698 τού·Φαραῶ
3129 1613 3246 1683 ’καὶ
3291 1633 3391 1702 τῆς
3423 1635 3673 1703 ρυπαρᾰς
3713 1635 3815 1688 τοῦ

2255 1707 2428 1776 πηλοῦ
2474 1709 2854 1784 πλινθουργίας
2895 1715 3124 1784 λέλυκας
3154 1719 3232 1752 ⁸⁵·
3280 1722 3374 1774 καὶ
3419 1724 3603 1787 αὐτοῖς
3637 1726 3816 1794 πυρὸς

2256 1795 2390 1850 Θεοῦ
2415 1800 2638 1871 νεφέλης
2665 1805 2884 1873 ἁγνείας
2927 1807 3027 1878 τῆς
3062 1811 3242 1880 πᾶσαν
3292 1809 3466 1878 φλόγα
3508 1812 3814 1866 κατασϐεν·

2256 1887 2421 1958 νύσης
2448 1890 2574 1945 θέαν
2598 1893 2763 1965 πείρα
2791 1897 2939 1968 πάσῃ
2973 1897 3364 1967 μεταδέδωκας.
3397 1901 3507 1953 Καὶ
3538 1901 3598 1953 ού
3624 1902 3812 1970 μόνον,

2253 1977 2389 2034 ἀλλά
2416 1996 2480 2048 γε
2524 1983 2620 2035 καὶ
2650 1983 2750 2054 τὴν
2802 1986 3066 2057 Ἐρυθρὰν
3093 1988 3186 2041 καὶ
3219 1988 3575 2058 φλογίζουσαν
3600 1991 3814 2059 ταύτην

2253 2071 2517 2126 θάλατταν
2537 2075 2715 2138 αὐτοῖς
2742 2076 3086 2143 διεσκέδασας
3107 2079 3182 2149 (ι)
3210 2097 3226 2112 ο
3254 2081 3338 2150 ἐφ’
3359 2083 3424 2152 ἢν
3452 2083 3546 2135 καὶ
3575 2082 3813 2152 μάλιστα

2250 2163 2300 2216 οἱ
2327 2164 2544 2229 πλείους
2580 2167 2905 2222 κινδυνεύειν
2944 2170 3262 2241 πεφύκαμεν
3283 2187 3298 2204 ο
3333 2171 3426 2225 καὶ
3452 2169 3680 2242 νικητάς
3711 2169 3813 2224 καὶ

2249 2257 2641 2326 τροπαιούχους
2685 2259 2864 2330 ῥάϐδῳ
2909 2263 2975 2331 σῇ
3031 2262 3124 2314 καὶ
3162 2262 3436 2334 ἐπιστήμῃ
3477 2263 3812 2331 ποιμαντικῇ

2251 2346 2553 2415 πεποίηκας
2588 2363 2604 2377 ·
2659 2347 2866 2410 πάντας
2890 2365 2948 2401 τε
2981 2349 3106 2412 τοὺς
3137 2350 3589 2414 καταδιώκοντες,
3631 2348 3814 2401 ὀπίσω

2249 2435 2449 2501 αὐτῶν,
2496 2438 2576 2498 είς
2619 2435 2797 2489 τέλεον
2826 2437 3130 2505 ἀπέπνιξας
3152 2456 3168 2472 ο
3215 2440 3276 2492 οὐ
3309 2443 3416 2510 μὴν
3462 2439 3521 2492 δὲ
3549 2437 3688 2491 ἀλλά
3713 2437 3814 2491 καὶ

2253 2529 2389 2600 μετά
2417 2527 2573 2581 τοῦτο
2599 2528 2691 2581 τὸν
2739 2529 2981 2601 Ἀμαλὴκ
3010 2534 3109 2602 τῆς
3138 2533 3384 2603 οἰήσεως,
3419 2533 3509 2586 τὸν
3539 2533 3680 2602 μετά
3705 2532 3812 2603 τὴν

2249 2619 2405 2685 νίκην
2423 2618 2521 2688 τῆς
2541 2617 2808 2687 θαλάττης
2831 2621 3075 2690 ἀπαντᾷν
3103 2621 3382 2688 πεφυκότα
3397 2625 3508 2685 τοῖς
3535 2623 3810 2690 νικηταίς,

2249 2711 2463 2762 ἐκτάσει
2496 2710 2712 2780 χειρῶν,
2757 2710 2919 2780 μέσος
2947 2712 3193 2782 πράξεως
3224 2712 3318 2765 καὶ
3348 2711 3578 2783 Θεωρίας
3609 2711 3809 2776 ἑστὼς,

2249 2800 2562 2870 ὲτροπώσω,
2611 2801 2748 2875 ὑπὲρ
2779 2800 2922 2854 λαοῦ·
2943 2819 3036 2855 σου
3068 2801 3445 2856 θεοπιστεύτου
3475 2804 3570 2857 καὶ
3595 2801 3812 2871 θεοφω-

2246 2892 2450 2953 τίστου,
2474 2892 2760 2960 νενίκηκας
2783 2892 2850 2946 τὰ
2874 2891 3002 2962 ἔθνη
3025 2907 3041 2923 ·
3073 2893 3166 2946 ἐπὶ
3182 2893 3244 2946 τὸ
3263 2893 3389 2963 ὅρος
3415 2893 3513 2962 τῆς
3535 2891 3811 2955 ἀπαθείας

2248 2979 2503 3049 ἐνήνοχας
2533 2980 2656 3040 τοὺς
2690 2978 2828 3048 μετὰ
2860 2979 2974 3042 σοῦ,
3006 2979 3182 3049 ἱερέας
3208 2978 3566 3049 κατέστησας,
3593 2995 3814 3048 περιτοο

2251 3069 2354 3140 μὴν
2389 3069 2787 3139 παραδέδωκας,
2829 3069 2895 3122 δι’
2923 3065 2990 3140 ἦς
3021 3069 3095 3139 μὴ
3124 3067 3488 3140 καθαρθέντας
3517 3066 3650 3120 Θεὸν
3675 3068 3810 3119 ίδείν

2174 3153 2216 3210 C
2247 3162 2524 3230 ἀμήχανον
2549 3177 2562 3189 ·
2613 3162 2692 3223 εἰς
2720 3158 2852 3230 ὕψος
2878 3160 3245 3229 ἀναδέεηκας,
3278 3158 3458 3211 πάντα
3484 3156 3682 3224 γνόφον
3709 3159 3810 3209 καὶ

2246 3251 2406 3318 ζόφον
2455 3250 2547 3302 καὶ
2579 3249 2800 3303 θύελλαν
2841 3248 3316 3319 διακρουσάμενος,
3348 3244 3622 3313 ἀγνωσίας
3656 3243 3811 3311 λέγω

2242 3341 2303 3394 τὸ
2335 3342 2581 3410 τρίγονον
2603 3341 2664 3372 ⁶⁸’
2683 3341 2871 3400 σκότος
2901 3336 3316 3409 προσεπέλασας
3362 3334 3523 3405 φωτὶ,
3567 3333 3705 3387 πολύ
3738 3351 3807 3402 γε

2243 3433 2343 3501 τῆς
2379 3433 2541 3500 βάτου
2584 3429 2986 3500 αἰδεσιμωτέρῳ
3015 3427 3108 3480 καὶ
3137 3427 3514 3497 ἀμαυρωτέρῳ
3541 3425 3634 3480 καὶ
3663 3425 3812 3495 ὑψη-

2243 3521 2483 3590 λωτέρῳ,
2523 3520 2760 3587 ὴξιώθης
2789 3518 2993 3586 φωνῆς,
3028 3517 3264 3587 ¹Ιιδξιώθης
3292 3516 3520 3596 θεωρίας
3546 3515 3636 3568 καὶ
3667 3532 3809 3585 προ⁴

2247 3611 2508 3680 φητείας’
2555 3605 2690 3670 εῐδές
2731 3625 2836 3660 που
2881 3606 3046 3675 τάχα,
3090 3607 3186 3660 καὶ
3226 3606 3306 3659 ἔτι
3335 3605 3564 3659 ἐνταῦθα
3591 3604 3691 3670 ὣν,
3732 3606 3810 3658 τὰ

2244 3698 2463 3752 ὄπισθεν
2487 3696 2763 3767 μέλλοντα,
2789 3697 2881 3749 τὸν
2901 3698 3017 3748 ὲκεϊ
3033 3695 3175 3777 λέγω
3197 3694 3553 3764 γενησόμενον
3574 3693 3808 3764 ἔσχατον

2247 3788 2524 3857 φωτισμὸν
2546 3783 2644 3858 τῆς
2667 3786 2916 3855 γνώσεως
2937 3783 3036 3856 (5).
3067 3781 3200 3839 Εῐτα
3221 3785 3309 3839 διά
3324 3785 3422 3855 τῆς
3453 3783 3658 3852 φωνῆς,
3683 3785 3806 3838 Οὐκ

2242 3878 2431 3946 δψεται
2456 3877 2754 3944 ἄνθρωπος,
2783 3876 3024 3946 ἀκήκοας
3048 3890 3064 3905 δ
3109 3875 3191 3928 διὸ
3238 3874 3341 3929 ita!
3365 3875 3445 3936 είς
3494 3871 3804 3943 βαθυτάτην

2246 3981 2347 4020 που
2377 3966 2594 4020 κοιλάδα
2620 3965 2990 4028 ταπεινώσεως
3023 3967 3082 4018 ἐν
3109 3964 3307 4035 Χωρὴὸ
3337 3965 3402 4017 ὲκ
3421 3963 3518 4032 τῆς
3541 3963 3802 4024 θεοπτίας

2242 4055 2609 4127 κατελήλυθας
2635 4072 2649 4085 ·
2706 4054 3155 4124 ὲπικομιζόμενός
3196 4070 3298 4106 που
3326 4053 3550 4113 καὶτὰς
3579 4052 3800 4114 πλάκας

2243 4147 2342 4217 τῆς
2367 4144 2617 4214 γνώσεως
2653 4145 2746 4199 καὶ
2773 4145 2870 4214 τῆς
2898 4144 3211 4208 ἀναϐάσεως
3239 4161 3256 4175 ο
3299 4143 3394 4199 καὶ
3417 4141 3481 4196 τὸ
3507 4142 3801 4212 πρόσωπον

2241 4238 2341 4307 τῆς
2369 4236 2543 4308 ψυχῆς
2573 4235 2952 4304 δεδοξασμένος
2980 4236 3072 4286 καὶ
3097 4233 3192 4286 τοῦ
3239 4233 3509 4304 σώματος.
3543 4231 3648 4284 Φεύ
3693 4231 3800 4299 τῆς

2243 4327 2379 4396 ἐμῆς
2408 4325 2648 4401 συνοδίας
2665 4323 2711 4356 ⁶⁶
2736 4323 2797 4376 τὸ
2823 4326 2941 4392 silc,
2965 4322 3312 4392 μοσχοποιίας
3347 4316 3516 4382 εῐδοςῑ
3565 4318 3673 4388 φεύ
3693 4319 3800 4386 τῆς

2240 4417 2350 4469 τών
2398 4414 2616 4468 πλακῶν
2664 4412 2987 4484 συντριϐἧςί
3053 4409 3184 4475 Εἶτα
3215 4411 3298 4478 τί;
3357 4408 3650 4463 Ἐπελάὸου
3693 4409 3799 4477 τῆς

2242 4505 2421 4575 χειρὸς
2461 4504 2556 4557 τοῦ
2590 4503 2742 4568 λαοῦ,
2795 4504 2893 4573 τὴν
2944 4503 3146 4573 ἔρημον
3185 4501 3512 4564 διεὸίὸασας.
3546 4501 3704 4566 Ἴσως
3733 4497 3797 4550 δὲ

2244 4594 2339 4644 καὶ
2365 4593 2467 4646 ὑπὸ
2491 4593 2683 4662 φλογὸς
2717 4593 2887 4663 πυρὸς
2914 4591 2990 4662 (6)
3017 4591 3214 4644 οἰκείου
3242 4590 3593 4659 καυσουμένῳ
3615 4587 3796 4656 τούτῳ

2245 4683 2376 4733 ποτὲ
2407 4684 2588 4751 πηγὴν
2612 4683 2798 4745 ὓδατος
2824 4682 3072 4751 δακρύων
3096 4681 3184 4734 διὰ
3211 4681 3366 4746 ξύλου
3397 4679 3560 4750 (λέγω
3579 4679 3643 4747 δὴ
3668 4694 3798 4748 σαρ-

2230 4771 2334 4832 κὸς
2362 4770 2714 4839 σταυρώσεως
2744 4773 2839 4823 σὺν
2859 4773 2969 4832 τοῖς
2999 4769 3284 4838 παθήμασι
3310 4769 3386 4838 (7)
3408 4772 3504 4830 καὶ
3527 4770 3645 4829 ταῖς
3673 4768 3796 4820 ἑπι-

2244 4859 2498 4929 θυμίαις),
2520 4861 2839 4928 γεγένηκας.
2887 4859 3148 4925 Πολεμεϊς
3177 4858 3248 4911 τά
3283 4857 3617 4934 συναντῶντα
3641 4855 3798 4926 ἔθνη,

2245 4949 2378 5019 πυρὶ
2421 4949 2623 5020 Κυρίου
2668 4946 2946 5010 ἀναλώσας
3002 4947 3160 5001 αὐτά.
3217 4947 3338 5000 Ἐπὶ
3384 4945 3474 4998 τὸν
3528 4944 3800 5014 Ἰορδάνην

2244 5037 2376 5108 ἔρχῃ
2396 5037 2469 5105 (8)
2494 5036 2668 5104 (οὐδὲν
2689 5034 2796 5105 γὰρ
2830 5035 2892 5087 τὸ
2925 5033 3128 5086 κωλύον
3168 5033 3260 5086 καὶ
3284 5032 3474 5103 μικρὸν
3510 5035 3605 5102 τὴν
3645 5035 3795 5084 ἱστοο

2245 5128 2364 5199 ρίαν
2408 5125 2892 5198 διακρούσασθαι)⁶
2935 5125 3159 5196 διαιρεῖς
3189 5122 3322 5192 λαῷ,
3363 5121 3793 5197 ὦσπερβιησοῦς

2239 5219 2298 5272 ὲν
2319 5218 2397 5286 τῷ
2425 5218 2587 5288 λόγῳ,
2613 5216 2709 5270 καὶ
2743 5216 2811 5269 τὰ
2839 5215 2939 5286 μὲν
2969 5216 3208 5287 πρότερα
3245 5213 3413 5266 ὕδατα
3450 5215 3517 5282 τῇ
3552 5211 3794 5284 θαλάττῃ

2237 5310 2332 5362 τοῦ
2381 5311 2538 5373 ἁλὸς,
2595 5309 2824 5377 καὶτῆς
2876 5305 3191 5378 νεκρώσεως
3249 5304 3603 5373 προσένειμας
3627 5319 3645 5334 ·
3723 5306 3798 5359 τὰ

2241 5401 2296 5453 δὲ
2345 5402 2442 5470 τῆς
2495 5400 2712 5469 ἀγάπης
2769 5397 2836 5450 δι’
2891 5396 3081 5464 ἐτέρας
3136 5411 3238 5447 που
3300 5392 3500 5446 ἀνωθεν
3553 5393 3794 5464 ἐστησας

2238 5491 2296 5544 ὲν
2339 5491 2630 5560 ὀφθαλμοῖς
2666 5473 2775 5541 τῶν
2811 5485 3013 5557 νοητῶν
3050 5502 3145 5538 σου
3181 5483 3382 5537 τούτων
3419 5484 3790 5555 Ἰσραηλιτῶν.

2601 5689 2647 5720 ⁸⁸
2687 5687 3013 5757 τρίπλωκον.
3110 5688 3156 5720 ⁸⁸
3185 5686 3282 5755 ιριὶ
3309 5687 3397 5740 τοῦ
3444 5685 3536 5753 τῆς
3585 5701 3794 5757 μόσχο-
