4032 6340
178 501 300 561 Ῑὲθῦ

1370 500 1597 561 L-IBER
1643 503 1739 561 AD
1767 504 2181 564 PASTOREM.

3236 500 3369 567 1206

184 614 353 672 tam;
382 626 443 661 τε
482 608 664 663 λοιπὸν
687 607 877 679 φέρειν
910 606 1230 661 δυοκαὶόεκα
1259 608 1589 673 διακελεύεις
1610 624 1625 638 ο
1675 610 1709 677 ἢ

1830 612 1983 667 secuti
2017 627 2111 679 per
2130 611 2333 680 lignum
2361 612 2558 674 crucis,
2588 611 2854 679 corporis,
2882 611 3123 679 inquam,
3154 612 3375 668 amicta-

174 702 257 753 τὸν
276 700 628 754 ὰποστολικδν
656 699 863 769 βαθμὸν
890 701 950 753 ἐν
981 698 1164 762 αὐτοῖς
1196 698 1647 770 ἀνῳκοδυμηκὼςν
1676 700 1711 770 ἢ

138 773 275 843 "nev
291 789 434 843 όκτὼ
463 806 565 842 που
596 789 763 845 ἐθνῶν
798 791 907 843 τῶν
942 790 1038 842 και
1075 789 1262 842 παθῶν
1298 789 1457 858 νίκην
1480 790 1578 860 (9),
1619 792 1715 844 και

174 876 317 942 αὖθις
335 880 443 933 τῶν
468 880 748 951 τεσσάρων
775 880 1151 947 γενικωτάτων
1183 877 1413 949 ἀρετῶν,
1449 878 1716 948 πρόληψιν

172 971 549 1039 αΐνιττόμενος,
576 969 675 1039 τὴν
702 969 919 1040 Νεκρὰν
950 969 1136 1023 λοιπὸν
1176 970 1271 1021 καὶ
1303 969 1493 1037 ἄγονον
1524 969 1719 1023 θάλατ-

173 1078 264 1112 ταν
293 1062 466 1129 πάντη
507 1060 730 1111 κατόπιν
760 1059 1062 1127 πεποίηκας
1084 1074 1100 1089 ο
1148 1058 1241 1110 ἐπὶ
1288 1059 1388 1127 τὴν
1431 1058 1585 1111 πόλιν
1622 1056 1717 1110 τοῦ

174 1150 356 1219 ἐχθροῦ
383 1150 547 1220 ἔρχῃ·
588 1149 864 1213 σαλπίζεις
894 1150 951 1202 ὲν
998 1150 1273 1219 προσευχῇ
1309 1147 1396 1200 διὰ
1436 1147 1531 1199 τοῦ
1574 1146 1720 1200 ἐϐδό-

178 1258 277 1307 μου
326 1239 515 1293 τούτου
560 1241 606 1272 ⁸⁷
650 1240 867 1293 αἰωνίου
929 1239 1150 1303 κύκλου,
1214 1237 1482 1307 κατέαξας
1518 1236 1721 1306 ταύτην

174 1328 471 1397 νενίκηκας,
501 1327 577 1390 ὡς
602 1328 698 1381 καὶ
734 1328 795 1381 σὲ
822 1327 1007 1381 λοιπὸν
1034 1327 1170 1398 πρὸς
1195 1327 1289 1380 τὸν
1315 1326 1603 1396 σύμμαχον
1630 1325 1723 1378 τὸν

175 1418 324 1471 ἂῦλον
360 1416 508 1489 ᾄδειν
531 1433 547 1448 ·
595 1418 706 1473 Τοῦ
740 1417 959 1488 ἐχθροῦ
988 1436 1109 1487 μου
1160 1416 1444 1481 ἐξέλιπον
1476 1418 1535 1469 al
1574 1417 1721 1483 ,ὑομ-

174 1509 329 1577 ςραῖαι
349 1511 440 1575 εις
465 1509 637 1575 τέλος
666 1524 680 1539 ⁸
710 1510 806 1562 καὶ
844 1508 1027 1569 πόλεις
1065 1508 1253 1561 παθῶν
1295 1523 1395 1577 μου
1456 1505 1722 1568 καθεῖλες.

178 1601 238 1652 Εἴ
264 1616 348 1654 πω
382 1600 584 1670 βούλει,
620 1600 682 1653 τὸ
714 1600 931 1653 πάντων
973 1599 1302 1667 κυριώτερον
1342 1597 1435 1651 καὶ
1469 1596 1727 1666 κραταιό·

176 1708 339 1760 τερον,
374 1693 469 1745 ἐπὶ
495 1691 591 1762 τὴν
628 1689 973 1760 Ἰερουσαλὴμ
1012 1689 1381 1757 ἀναὸέϐηκας,
1413 1687 1511 1757 τὴν
1540 1688 1726 1757 ὅρασιν

176 1782 269 1845 τῆς
292 1780 503 1842 τελείας
539 1780 757 1849 εἰρήνης
786 1779 981 1848 ψυχῆς,
1021 1778 1255 1847 Χριστὸν
1295 1778 1426 1847 όρᾷς
1465 1777 1555 1828 τὸν
1594 1777 1727 1830 Θεὸν

178 1871 269 1939 τῆς
289 1872 514 1940 εἰρήνης
541 1887 556 1901 '
595 1869 1030 1937 συγκακοπαθείς
1054 1868 1128 1931 ὼς
1158 1868 1319 1930 καλὸς
1346 1866 1685 1937 στρατιώτης
1710 1882 1723 1896 ο

181 1959 571 2029 συσταυροῦσαι
617 1958 664 1989 ⁸⁸
708 1959 805 2010 σὺν
847 1961 913 2028 τῇ
943 1958 1122 2025 σαρκὶ,
1154 1958 1248 2010 καὶ
1275 1959 1387 2019 τοῖς
1417 1958 1725 2027 παθήμασι,

181 2049 267 2098 καὶ
293 2050 412 2109 ταῖς
434 2045 748 2115 ἐπιθυμίαις
767 2062 780 2075 ·
814 2045 909 2097 καὶ
935 2045 1175 2107 εἰκότως,
1197 2044 1271 2106 ὡς
1291 2045 1384 2098 καὶ
1416 2044 1576 2107 αὐτὸς
1599 2045 1729 2108 Θεὸς

179 2137 370 2209 Φαραὼ
417 2137 724 2206 γενόμενος,
784 2135 877 2189 καὶ
916 2134 1095 2203 πάσης
1141 2133 1305 2187 αὐτοῦ
1351 2134 1731 2204 ἀντικειμένης

178 2229 449 2299 δυνάμεως
478 2266 495 2291 ,
553 2227 826 2296 συνθάπτῃ
870 2224 1054 2278 λοιπὸν
1113 2225 1207 2279 καὶ
1260 2226 1605 2296 συγκατέρχη
1655 2228 1733 2288 εἰς

179 2320 305 2390 ᾷῦην
332 2318 447 2388 (l0)
480 2316 752 2385 θεολογίας
790 2317 953 2383 λέγω,
1000 2315 1095 2369 καὶ⁷
1122 2317 1379 2387 ἀρρήτων
1417 2316 1731 2385 μυστηρίων

183 2410 375 2482 popng
407 2410 502 2462 καὶ
538 2407 806 2481 εὐωδιάζῃ
841 2407 944 2461 ὑπὸ
980 2406 1092 2460 τῶν
1127 2406 1399 2474 συγγενῶν
1431 2408 1526 2459 καὶ
1563 2407 1731 2475 φίλων

178 2499 444 2571 γυναικῶν
480 2498 514 2568 ἢ
550 2498 781 2575 ἀρετῶν.
820 2498 885 2551 Τί
916 2496 1025 2568 γάρ
1051 2514 1119 2567 με
1140 2496 1201 2550 τὸ
1226 2496 1431 2550 κωλύον
1452 2498 1575 2549 κατ’
1600 2497 1730 2560 ἔπος

178 2590 351 2659 λέγειν
375 2578 753 2659 καὶεφρὰζεινς
786 2580 960 2641 Ὅπου
993 2604 1056 2655 γε
1087 2588 1179 2639 καὶ
1206 2588 1264 2640 ὲν
1293 2586 1506 2657 οὐρανῷ
1546 2589 1613 2640 tv
1641 2588 1731 2646 δε-

179 2664 267 2746 ξιᾷ
288 2674 553 2745 ὑπάρχεις
582 2674 889 2745 καθήμενος
917 2675 1029 2746 (li)
1056 2674 1123 2745 (ῶ
1154 2675 1254 2745 τῆς
1273 2676 1318 2708 ⁸³
1342 2676 1622 2747 κλοπῆςῐ),
1640 2678 1734 2730 ἁν-

179 2766 389 2819 ίστασαι
420 2764 516 2820 καὶ
546 2764 705 2829 αὐτὸς
723 2765 1020 2836 τριήμερος
1060 2766 1197 2836 μετὰ
1232 2766 1389 2836 νίκην
1440 2767 1616 2836 τριῶν
1640 2785 1734 2821 τυ-

180 2853 587 2925 ράννωντέάχα
610 2856 940 2925 οἰκειότερον
960 2856 1123 2923 εἴπω,
1158 2857 1246 2910 ἵνα
1273 2855 1415 2925 μετά
1439 2856 1594 2925 νίκην
1628 2858 1735 2909 σὼ·

180 2962 343 3015 ματος
365 2945 471 2999 καὶ
484 2945 664 3017 ψυχῆς
681 2945 777 3007 καὶ
804 2944 1136 3016 πνεύματος,
1168 2946 1202 3015 ἢ
1229 2946 1325 2998 καὶ
1358 2944 1497 3014 μετὰ
1521 2945 1733 3015 καθαρι-

176 3026 269 3095 ο·ιί
299 3042 465 3095 οἱονεὶ
504 3041 799 3113 τριημέρου
859 3041 1038 3111 ψυχῆς
1060 3081 1077 3108 ,
1128 3040 1331 3103 πάθους
1403 3040 1561 3109 λέγω.
1641 3044 1735 3094 καὶ

176 3131 369 3201 θυμοῦ,
403 3131 500 3185 καὶ
541 3130 761 3198 λογικοῦ
792 3131 927 3203 (12),
959 3131 1052 3185 ἐπὶ
1092 3131 1153 3185 τὺ
1197 3130 1321 3200 ὅρος
1354 3130 1461 3183 τῶν
1510 3130 1734 3185 Ἐλαιῶν

1815 702 2015 754 tionem
2042 743 2056 765 ,
2088 711 2140 755 et
2171 702 2348 755 carnis
2372 716 2491 755 cum
2522 702 2666 756 vitiis
2709 703 2824 757 suis
2846 712 2896 754 et
2924 702 3373 769 concupiscentiis

1816 791 2247 855 cruciﬁxionem,
2278 788 2480 847 fontem
2506 792 2860 861 lacrymarunt
2892 792 3220 860 produxisti.
3239 795 3376 847 Ilur-

1816 896 1939 936 sum
1973 882 2100 937 dein
2126 882 2336 950 objecta
2370 882 2644 935 nationum
2681 896 2829 934 arma
2865 874 3131 946 rotundis,
3162 891 3377 951 gentes-

1815 986 1921 1040 que
1947 971 2259 1027 caelestibus
2295 972 2578 1040 populatas
2601 970 2831 1025 flammis
2869 971 2922 1023 in
2969 971 3206 1025 cinerem
3234 973 3377 1025 redi-

1817 1062 1932 1130 gis,
1985 1070 2041 1116 et
2084 1061 2150 1114 ad
2190 1059 2477 1115 Jordanem
2521 1076 2694 1131 usque
2736 1070 2987 1131 penetras
3020 1060 3193 1130 (quid
3234 1061 3378 1135 enim

1820 1151 2063 1219 prohibet
2084 1151 2353 1221 paulisper
2372 1152 2425 1205 in
2449 1152 2671 1207 historia
2690 1151 2935 1221 progredi
2963 1164 3191 1218 eamque
3214 1164 3381 1204 excu-

1820 1240 1998 1310 tere?)
2026 1242 2331 1311 populoque
2356 1242 2503 1295 velut
2542 1243 2677 1297 alter
2711 1240 2873 1297 Josue
2904 1251 2925 1277 ι
2945 1280 2960 1305 ,
3003 1239 3219 1309 partiris
3262 1255 3381 1293 vcr-

1820 1330 1911 1394 bo,
1924 1339 1977 1384 et
1999 1344 2166 1399 aquas
2183 1331 2395 1400 quidem
2415 1329 2694 1384 inferiores
2706 1331 2898 1385 mortis
2915 1331 3132 1399 inquam
3148 1337 3200 1382 et
3218 1328 3385 1382 salsu-

1820 1421 1961 1489 ginis
1977 1460 1992 1486 ,
2023 1421 2078 1474 in
2098 1435 2247 1475 mare
2270 1419 2480 1475 Salsum
2499 1421 2610 1474 sive
2626 1419 2895 1475 Mortuum
2912 1421 3197 1477 decurrere
3206 1421 3381 1491 jubcs,

1821 1511 2130 1581 superiores
2149 1520 2326 1565 autem
2354 1511 2634 1567 cbaritatis
2653 1510 2850 1578 undas,
2875 1513 2928 1567 in
2945 1523 3235 1584 conspectu
3266 1522 3385 1569 tuo-

1823 1617 1944 1655 rum
1965 1601 2230 1669 sapientia
2251 1600 2556 1655 ﬂorentium
2582 1600 2944 1657 lsraelitarum
2967 1604 3021 1657 in
3050 1614 3288 1661 montem
3301 1620 3389 1660 cu-

1825 1694 2019 1747 mulas.
2052 1691 2217 1763 599
2235 1691 2461 1760 Lapides
2489 1703 2746 1761 praeterea
2768 1708 2831 1748 ex
2859 1692 3096 1749 Jordane
3110 1695 3389 1751 duodenos

1829 1784 1929 1852 legi
1978 1782 2294 1852 imperasti,
2323 1797 2388 1836 ex
2414 1783 2612 1851 quibus
2655 1794 2750 1838 aut
2788 1785 3143 1854 apostolicum
3176 1787 3386 1840 culmen

1827 1871 2144 1939 :editicares,
2167 1881 2260 1926 aut
2292 1872 2617 1941 reportatam
2652 1874 2717 1927 de
2749 1882 2871 1927 octo
2901 1875 3133 1944 populis,
3160 1875 3263 1929 hoc
3286 1885 3386 1939 est,

1831 1963 1973 2017 vitiis
2005 1962 2317 2039 victoriam,
2351 1971 2403 2015 et
2428 1962 2653 2016 virtutes
2685 1973 2920 2031 quatuor
2966 1965 3237 2033 principes
3276 1966 3387 2035 jam

1830 2061 2011 2121 partas
2057 2052 2412 2121 signiﬁcares,
2445 2053 2580 2106 mari
2611 2053 2865 2121 deinceps
2892 2053 3105 2107 Mortuo
3134 2063 3187 2109 et
3233 2055 3389 2109 etfeto

1831 2158 1925 2197 seu
1958 2142 2128 2198 sterili
2162 2158 2193 2197 ιι
2230 2153 2382 2213 tergo
2423 2142 2613 2197 relicto
2644 2141 3000 2213 (Jerichunta)
3034 2145 3100 2198 ad
3139 2144 3387 2199 hostilem

1831 2235 2017 2289 urbem
2046 2234 2280 2301 accedis,
2302 2245 2355 2289 et
2391 2234 2536 2289 tubis
2573 2236 2943 2303 precationum
2975 2236 3041 2289 ad
3076 2236 3390 2291 aeternitatis

1831 2325 2066 2380 orbitam
2097 2324 2479 2380 declarandam
2526 2325 2726 2392 septies
2763 2325 2990 2395 clangis,
3018 2327 3298 2398 vincisgue
3340 2338 3392 2381 et

1828 2414 2062 2477 evertis,
2102 2422 2161 2487 ut
2203 2414 2461 2482 deinceps
2509 2415 2901 2482 propugnatori
2950 2424 3041 2468 tuo
3071 2417 3247 2471 omnis
3273 2432 3390 2469 nia--

1831 2507 1979 2561 teris
2004 2506 2210 2574 experti
2239 2515 2403 2573 atque
2427 2504 2794 2573 inaspectabili
2834 2504 2946 2557 Deo
2966 2506 3247 2560 victoriam
3273 2522 3393 2576 gra-

1831 2597 2035 2653 tulatus
2059 2610 2258 2650 cauere
2301 2596 2519 2665 possis:
2560 2594 2783 2648 Inimici
2808 2597 2907 2648 mei
2942 2596 3157 2663 framea:
3191 2597 3390 2663 defece-

1832 2697 1955 2740 runt
1976 2688 2029 2740 in
2052 2688 2208 2755 ﬁnem
2227 2698 2283 2742 ιε
2311 2694 2366 2740 et
2382 2687 2570 2741 urbem
2596 2687 2847 2757 vitiorum
2879 2702 3121 2741 meorum
3152 2687 3392 2742 funditus

1832 2781 2041 2834 delesti.
2080 2777 2202 2833 Vin’
2227 2778 2404 2833 dicam
2429 2778 2573 2849 quod
2604 2787 2767 2847 caput
2798 2779 2876 2832 rei
2920 2764 3393 2849 est,'facinusquc

1833 2872 2076 2923 monium
2105 2869 2401 2924 maximum
2427 2878 2480 2923 et
2512 2868 2870 2922 fortissimum
2900 2888 2913 2922 :
2963 2868 3391 2940 Hierosolymam

1834 2956 2129 3024 occupasti,
2158 2954 2409 3024 perlecta:
2436 2954 2586 3023 pacis
2607 2954 2803 3008 animae
2818 2955 3098 3009 visionem.
3119 2956 3392 3009 Christum

1836 3047 1983 3113 pacis
2026 3047 2322 3114 principem
2362 3047 2532 3108 vides,
2573 3046 2758 3099 socius
2814 3046 3059 3098 labomm
3109 3048 3274 3110 illius,
3318 3048 3393 3099 uti

1835 3141 2115 3184 strenuum
2144 3132 2303 3186 docet
2331 3129 2558 3184 militem
2587 3129 2831 3192 ell‘ectus,
2866 3132 3115 3184 sensibus
3144 3132 3394 3185 omnibus

176 3222 307 3293 ἔρχῃ
326 3223 430 3290 (δεῖ
456 3220 566 3293 γὰρ
584 3223 892 3292 έπιτέμνειν
916 3224 1009 3278 καὶ
1049 3221 1124 3293 μὴ
1157 3222 1391 3291 περισσὰ
1426 3221 1731 3289 σοφίζεσθαι

1835 3231 1887 3273 ct
1915 3219 2300 3289 cupiditatibus
2321 3234 2444 3273 cum
2467 3220 2613 3272 vittis
2643 3230 2694 3271 et
2722 3220 3176 3286 concupiscentiis
3204 3221 3316 3275 suis
3342 3223 3393 3275 in

174 3314 308 3384 πρὸς
350 3312 541 3379 σοφίας
578 3312 877 3373 ἀνάπλεων,
914 3311 1145 3381 μάλιστα
1195 3311 1595 3376 ἐπιστέλλοντα,
1639 3310 1734 3365 καὶ

175 3405 391 3455 πάντων
412 3401 520 3456 τῶν
548 3402 687 3470 ὑπὲρ
715 3401 862 3470 ἡμᾶς
894 3400 953 3452 έν
991 3397 1189 3468 γνώσει
1224 3400 1572 3469 προῦχοντα),
1607 3400 1735 3471 περὶ

172 3486 255 3559 οὗ,
300 3488 459 3563 οἶμαι
510 3509 632 3556 που,
692 3491 850 3561 ὅρους
894 3489 1246 3560 καλλίδρομός
1298 3506 1382 3552 τις
1430 3489 1734 3543 ἀναϐαίνων

175 3586 356 3653 ἔλεγεν
381 3601 398 3614 ο
434 3584 582 3651 Ὄρη
602 3583 677 3637 τὰ
708 3581 921 3652 ὑψηλὰ
947 3581 1077 3646 ταῖς
1101 3581 1367 3650 ἐλάφοις,
1396 3580 1591 3650 ψυχαῖς
1615 3581 1733 3643 ταῖς

176 3676 298 3739 τοὺς
328 3675 503 3745 θῆρας
528 3673 958 3735 ἁναλισκούσαις.
1000 3671 1186 3742 Τούτῳ
1204 3672 1403 3735 τοίνυν,
1437 3670 1609 3739 τούτῳ
1640 3669 1733 3722 καὶ

175 3766 332 3829 αὐτὸς
355 3763 756 3835 συμπαραθέων
782 3763 877 3816 καὶ
917 3763 1417 3835 συμπαρομαρτῶν,
1453 3764 1588 3834 πρὸς
1636 3763 1735 3831 τὴν

174 3858 361 3911 τούτου
414 3856 571 3926 βάσιν
614 3854 899 3924 ἐλήλυθας,
951 3854 1257 3924 ἀναϐλέψας
1300 3858 1382 3919 εις
1434 3856 1733 3926 οὐρανούςο

177 3947 335 3999 πάλιν
361 3946 471 4017 γὰρ
488 3945 580 3998 τὸν
616 3942 711 3998 τοῦ
740 3943 898 4013 λόγου
923 3944 1090 3998 τύπον
1110 3946 1204 3997 ἐπὶ
1227 3946 1318 3999 τὸν
1345 3946 1501 4013 λόγον
1528 3945 1734 4014 ἀνάγω.

177 4037 491 4106 Εὑλόγησας
519 4036 645 4099 τοὺς
666 4032 912 4106 μαθητὰς
938 4036 1107 4106 ἡμᾶς,
1138 4034 1387 4104 ἑώρακας
1413 4034 1509 4104 τὴν
1538 4036 1735 4104 προσε-

176 4124 454 4194 δλημένην
490 4121 588 4175 καὶ
630 4122 1031 4193 ἔπηριγμένην
1067 4121 1175 4175 τῶν
1216 4119 1425 4190 ἀρετῶν
1463 4120 1735 4191 κλίμακαο

175 4211 367 4286 ἧσπερ
385 4213 529 4268 κατὰ
545 4212 645 4284 τὴν
664 4213 827 4284 χάριν
851 4211 945 4266 τοῦ
968 4211 1104 4266 Θεοῦ
1133 4211 1231 4282 τὴν
1251 4211 1498 4265 δοθεῖσάν
1520 4229 1638 4277 σοι,
1661 4212 1736 4276 ὡς

178 4306 342 4373 σοφδς
366 4302 706 4373 ἁρχιτέκτων
737 4302 985 4372 θεμέλιον
1003 4300 1254 4364 τέθεικας
1275 4317 1292 4331 ⁸
1324 4299 1523 4370 μᾶλλον
1550 4300 1608 4353 δὲ
1643 4302 1738 4355 καὶ

178 4393 455 4464 πλήρωμα
474 4406 490 4421 ⁸
513 4393 563 4444 εί
594 4392 689 4445 καὶ
707 4393 854 4463 ἡμᾶς
880 4393 1008 4456 τοὺς
1030 4390 1245 4460 εὐήθεις
1282 4390 1361 4442 ἐκ·
1378 4406 1739 4464 ταπεινοφρο-

178 4485 344 4554 σύνης
372 4482 700 4553 βαλλόμενος
728 4483 789 4536 τὸ
818 4482 991 4551 στόμα
1026 4478 1180 4551 ἡμῶν
1207 4478 1269 4533 τὸ
1294 4480 1615 4553 ρυπαρῶδές
1654 4498 1738 4535 σοι

177 4575 313 4646 πρὸς
335 4573 433 4627 τὸν
461 4573 553 4626 σὺν
580 4572 707 4627 λαδν
732 4570 927 4641 κιχρᾷν
946 4569 1366 4640 τετυράννηκας.
1392 4572 1501 4625 Καὶ
1531 4572 1592 4625 οὐ
1613 4571 1742 4625 θαῦ-

180 4682 258 4735 μα
276 4680 292 4694 ο
329 4662 567 4716 εἴθισται
600 4662 708 4731 γὰρ
736 4661 830 4712 καὶ
851 4660 1055 4729 Μωυσῇ
1088 4659 1227 4713 κατὰ
1256 4661 1349 4713 τὸν
1377 4660 1479 4730 τῆς
1504 4661 1744 4732 ἱστορίας

176 4755 367 4822 τύπον,
409 4755 732 4825 ἰσχνόφωνον
752 4752 940 4806 ἑαυτὸν
964 4754 1257 4808 ἀποκαλεῖν
1282 4755 1376 4807 καὶ
1400 4755 1743 4825 βραδύγλωσ-

178 4860 304 4899 σονο
343 4846 461 4899 ἀλλ’
501 4844 704 4905 ἐκεῖνος
737 4842 835 4911 μὲν
873 4843 1082 4915 Ἀαρὼν
1120 4843 1344 4915 ἀρίστου
1378 4847 1608 4911 ἐπέτυχε
1648 4848 1742 4897 καὶ

174 4937 463 5006 λογοδότου
486 4933 582 4987 καὶ
607 4931 945 5004 λεξιδρόμου.
977 4934 1050 4986 Σὺ
1082 4933 1159 4999 δὲ,
1196 4927 1243 4986 ὧ
1277 4934 1476 5005 μύστα,
1504 4935 1603 4987 οὐκ
1644 4933 1741 4988 οἷδ’

177 5029 379 5084 ὁπόθεν
397 5027 499 5095 τὴν
526 5022 711 5092 ἄφιξιν
731 5024 826 5077 ἐπὶ
851 5010 1011 5094 τᾴῦτο
1037 5025 1343 5095 πεποίηκας
1377 5025 1513 5094 πρὸς
1556 5024 1742 5096 πηγὴν

178 5121 413 5190 ἄνυδρον
432 5115 530 5169 καὶ
547 5114 674 5185 ὃλην
696 5115 1008 5184 Αἰγυπτίων
1026 5112 1331 5185 βατράχων,
1358 5113 1556 5184 μᾶλλον
1576 5114 1633 5167 δὲ
1650 5115 1743 5168 ἀν-

178 5212 405 5282 θράκων
426 5208 505 5277 (α)
528 5206 983 5279 πεπληρωμένην.
1018 5205 1170 5258 Ἐπεὶ
1205 5206 1264 5258 δὲ
1295 5206 1358 5259 οὐ
1381 5206 1461 5257 δεῖ
1498 5204 1575 5275 μὴ
1610 5222 1746 5259 κατ-

178 5302 518 5373 ειλημμένον
547 5316 617 5371 με
651 5300 741 5354 τδν
772 5295 960 5367 μῦθον,
999 5290 1045 5349 ὧ
1090 5296 1471 5368 οὗρανοδρόμε,
1518 5295 1609 5347 τὸν
1648 5296 1742 5349 τοῦ

182 5396 275 5449 σοῦ
296 5393 503 5466 δρόμου
527 5393 587 5444 ὲν
606 5389 684 5460 τῷ
716 5390 866 5458 μέσῳ
882 5387 1247 5441 καταλιπόντα
1278 5387 1539 5455 οἶχεσθαι,
1582 5386 1743 5441 πάλιν

1835 3323 1996 3362 cruce
2014 3307 2279 3378 suﬂigeris
2304 3307 2353 3361 δ.
2393 3306 2458 3360 Ει
2488 3306 2681 3359 merito
2708 3321 2859 3371 sane,
2888 3321 3012 3359 cum
3038 3316 3092 3360 et
3121 3308 3232 3375 ipse
3253 3308 3398 3364 velut

1834 3398 1979 3454 Deus
2018 3410 2206 3455 contra
2248 3397 2585 3457 Pharaonem
2618 3396 2912 3466 copiasque
2953 3396 3071 3465 ejus
3106 3406 3162 3451 et
3215 3398 3397 3453 hostes

1835 3492 2114 3555 universos
2128 3491 2454 3545 constitutus
2466 3486 2639 3543 est-4.
2658 3488 2722 3542 Et
2739 3504 2867 3542 vero
2884 3490 3124 3557 sepultus
3140 3491 3398 3558 quodam-

1835 3580 1996 3635 modo
2032 3596 2159 3635 cum
2194 3580 2413 3634 Christo
2458 3578 2527 3633 ad
2577 3577 2781 3633 inferos
2812 3578 2865 3632 in
2920 3594 3122 3643 rerum,
3154 3582 3395 3649 inquam,

1834 3671 2134 3726 celestium
2156 3679 2211 3724 et
2234 3684 2558 3723 arcanorum
2582 3668 2963 3738 mysteriorum
2992 3669 3395 3723 meditationem

1833 3770 1889 3813 et
1929 3758 2292 3829 cognitionem
2322 3756 2630 3832 descendis,
2672 3757 2963 3824 unguentis
3012 3771 3228 3824 quoque
3268 3757 3399 3810 deli-

1835 3852 1998 3905 butus
2024 3860 2080 3903 et
2114 3864 2143 3902 a
2175 3846 2418 3916 cognatis
2442 3842 2727 3907 matronis,
2760 3845 3048 3899 virtutibus
3097 3847 3215 3911 aio,
3257 3848 3399 3901 velut

1834 3948 2133 3993 aromatum
2204 3937 2417 4007 liquore
2486 3934 2738 4005 perfusus
2793 3935 2990 3990 odores
3041 3937 3294 4001 rcdoles,
3346 3946 3399 3989 et

1835 4028 2010 4097 spiras
2065 4027 2219 4095 (quid
2266 4026 2411 4081 enim
2442 4026 2616 4080 obstet
2660 4025 2956 4095 quominus
3002 4026 3234 4080 strictim
3284 4025 3398 4077 haec

1835 4132 2253 4173 commemorem
2314 4124 2368 4170 et
2423 4113 2765 4186 exponam):
2798 4117 2886 4169 ubi
2926 4125 2980 4170 et
3029 4116 3081 4167 in
3138 4114 3273 4167 cwlo
3331 4113 3397 4165 ad

1835 4210 2109 4263 dexteram
2136 4208 2289 4262 sedes
2314 4206 2369 4275 (ο
2396 4206 2706 4274 praeclaram
2739 4203 3061 4276 prtedaml),
3090 4203 3325 4271 resurgis
3347 4212 3400 4256 et

1839 4300 1951 4370 ipse
1987 4310 2112 4370 post
2150 4297 2428 4362 triduum,
2481 4296 2585 4351 hoc
2611 4306 2696 4353 est
2718 4338 2733 4362 ,
2767 4297 2937 4350 tribus
2972 4294 3197 4348 devictis
3242 4292 3401 4364 500

1841 4390 2079 4463 tyrannis
2107 4405 2122 4448 ς
2166 4387 2247 4442 vel
2279 4396 2341 4442 ut
2381 4389 2612 4442 fortasse
2642 4387 2843 4441 rectius
2870 4385 3080 4452 loquar,
3127 4393 3250 4453 post
3280 4400 3401 4438 cor-

1842 4482 1989 4552 poris
2021 4487 2075 4533 et
2102 4478 2279 4532 animi.
2303 4476 2742 4547 concupiscendi,
2777 4477 3020 4542 inquam,
3052 4476 3315 4530 irascendi
3347 4488 3401 4530 et

1773 4555 2197 4627 l)'ra\ti0cinattdi
2226 4586 2419 4641 nempe
2447 4567 2712 4623 facultatis
2737 4566 3122 4634 expiationem,
3149 4566 3213 4620 ad
3242 4580 3399 4623 mon-

1843 4673 1948 4717 tem
1992 4660 2186 4715 Oliveti
2229 4659 2379 4713 venis
2433 4659 2536 4723 (est
2581 4654 2725 4708 enim
2783 4653 3149 4721 abrumpenda
3199 4651 3396 4705 oratio.

1843 4752 2141 4821 praesertim
2182 4746 2461 4818 epistolam
2491 4743 2737 4797 exaranti
2758 4784 2773 4807 ,
2807 4757 2911 4796 non
2944 4742 3193 4794 volumen
3234 4738 3398 4790 medi-

1843 4844 1994 4907 tanti,
2028 4857 2127 4896 nec
2155 4838 2294 4907 apud
2320 4836 2597 4905 sapientiae
2623 4834 2939 4903 magistrum
2971 4830 3126 4884 nobis
3150 4827 3399 4879 omnibus

1845 4937 1900 4990 in
1938 4947 2117 4988 rerum
2150 4928 2449 4984 divinarum
2482 4925 2704 4981 scientia
2750 4921 3173 4991 praestantiorem
3204 4915 3394 4969 vet-ho-

1844 5030 1957 5081 sius
1984 5019 2629 5092 disputandum),de~quo
2657 5022 2838 5066 monte
2866 5011 3079 5080 quidam
3112 5006 3399 5074 prtetrlat‘us

1845 5120 2053 5179 cursor,
2092 5127 2215 5168 cum
2258 5112 2312 5166 in
2336 5125 2461 5165 eum
2514 5115 2829 5177 properaret
2875 5103 3138 5157 canebat:
3193 5099 3397 5154 Montes

1844 5206 2031 5263 excelsi
2070 5205 2231 5257 cervis
2260 5214 2305 5267 ε,
2358 5201 2459 5254 hoc
2486 5206 2570 5251 est
2616 5197 2882 5251 mentibus
2914 5194 3053 5245 feras
3086 5193 3398 5246 insectanti-

1848 5298 1969 5356 lilts,
2001 5308 2122 5346 cum
2162 5293 2264 5345 hoc
2314 5298 2365 5342 ttt
2409 5303 2572 5356 prope
2606 5302 2766 5339 cursu
2796 5283 3097 5344 COlllClltiiS,
3134 5284 3275 5334 hunc
3305 5296 3397 5333 co-

1850 5386 2071 5440 mitatus
2111 5383 2307 5436 cmlum
2351 5378 2595 5439 affectas,
2647 5376 2868 5444 ejusque
2912 5373 3132 5441 vestigia
3181 5370 3394 5441 premis.

150 5594 155 5605 -
254 5567 480 5623 κλινέων
526 5583 608 5633 ιιι,
646 5567 664 5619 Ι
698 5578 848 5633 seqq.
922 5574 948 5601 ει
980 5559 1121 5616 Psal.
1160 5578 1234 5624 ιι,
1282 5560 1334 5613 7.
1411 5560 1441 5598 δ
1469 5560 1641 5615 Galat.
1680 5576 1729 5625 ν,

1830 5598 1840 5610 .
1919 5556 1997 5595 c'd
2033 5536 2197 5612 Exod.
2225 5572 2318 5618 vn,
2352 5558 2368 5611 l
2407 5572 2557 5625 seqq.
2636 5564 2659 5588 ο
2702 5550 2839 5603 Psal.
2867 5565 2982 5610 cm,
3010 5548 3101 5600 ιδ’

248 5722 294 5754 ⁸⁷
323 5722 430 5789 τῆς
480 5717 825 5788 ἀνθρωπίνης
861 5715 1027 5784 ζωῆς.

285 5857 368 5922 (ιι)
395 5853 650 5928 Ἀνθραξ,
684 5866 831 5912 caro,
868 5861 919 5904 et
940 5847 1297 5904 carbunculus
1363 5849 1596 5903 morbus.

1104 5715 1151 5746 ⁸⁸
1209 5714 1607 5783 συσταυρῶςαι.
1686 5717 1729 5747 ⁸⁸
1783 5711 2178 5783 φημιζομένης.
