4032 6340
561 365 693 430 1207
1803 365 1862 421 S.
1888 361 2204 424 IOANNIS
2230 358 2536 421 CLIMACI
3652 349 3801 417 tam
3846 373 3850 375 ‘

555 483 661 538 Sed
703 480 986 552 ﬁguratam
1017 478 1231 535 dicendi
1263 477 1528 535 rationem
1562 477 1630 531 ad
1663 492 2006 532 communem
2039 477 2119 532 lo-

2229 476 2312 530 ιδν
2349 472 2450 528 τοῦ
2489 469 2718 534 κάλλους
2761 485 2854 523 σου
2889 466 3080 540 ἔρανον
3118 464 3496 552 ἐξυφαίνοντες
3527 463 3802 536 ζλέγωμεν

553 543 940 638 ιμιοιιάῖυειιιη
973 584 1188 625 revoco.
1243 566 1387 622 Bene
1411 574 1666 638 precatus
1695 565 1854 620 nobis
1884 565 2119 620 alumnis

2229 557 2316 618 ἔιδε
2335 578 2350 594 θ
2377 563 2461 616 ὅτι
2490 560 2582 614 καὶ
2621 556 3082 630 προσπιπέλακας
3111 555 3189 626 τῷ
3215 543 3332 626 δρει
3367 551 3450 625 τῷ
3476 552 3645 625 ἁγίῳ,
3693 552 3801 605 καὶ

551 673 602 715 et
633 661 912 729 discipulis
935 658 1068 726 tuis,
1095 648 1282 714 vidisti
1299 656 1608 729 propositos
1637 657 1758 714 illos
1780 667 1837 713 et
1875 657 2121 713 lirmatos

2229 656 2274 708 τὸ
2300 654 2460 725 δμμα
2505 655 2587 718 εἰς
2619 649 2848 723 οὑρανδν
2876 648 3176 714 άνάτεινας,
3220 647 3318 701 καὶ
3347 645 3451 716 ζὲπὶ
3483 645 3586 715 τὴν
3631 641 3804 714 βάσιν
3819 688 3842 711 ε

550 749 812 800 virtutum
841 745 1044 816 gradus
1070 758 1135 799 ac
1159 743 1386 809 scalam,
1417 743 1577 813 cujus
1602 750 1659 796 tu
1690 756 1792 813 pro
1819 742 1992 814 gratia
2023 742 2118 797 tibi

2229 747 2307 802 ιδν
2344 745 2486 801 πόδα
2515 743 2875 815 ὲπιδέδηκας,
2907 741 3004 797 καὶ
3032 741 3290 814 ἔδραμες,
3335 738 3432 794 καὶ
3456 737 3799 809 άνὲδραμες,

549 851 579 888 a
607 834 716 890 Deo
741 835 1034 905 impertita,
1062 833 1140 889 uti
1169 833 1609 904 sapientissimus
1633 832 1968 888 architectus
1996 831 2121 885 lun-

2229 837 2312 892 καὶ
2333 836 2576 907 ὑψώθης,
2607 834 2706 889 καὶ
2732 833 2939 904 ιπέδης
2979 831 3075 886 ἐπὶ
3099 830 3382 902 Χερουϐὶμ
3424 827 3665 900 ἀρετῶν,
3691 828 3803 881 καὶ

548 929 800 981 damenta
825 927 1035 991 locasti,
1064 926 1175 981 imo
1197 926 1442 981 ultimam
1472 939 1692 996 quoque
1717 938 1938 979 manum
1966 923 2116 994 operi

550 1015 888 1085 imposuisti,
919 1015 1136 1082 quando
1162 1029 1248 1068 me
1286 1014 1783 1084 postremissimum
1817 1012 2117 1082 simplicem

550 1113 611 1150 ne
640 1097 845 1151 fatuum
869 1111 935 1151 ex
962 1096 1280 1152 humilitatis
1300 1111 1464 1151 cavea
1481 1103 1786 1150 extractum
1809 1095 2120 1150 sordentem

549 1198 600 1237 ιιι
655 1186 994 1254 inquinatum
1018 1223 1033 1247 ,
1075 1185 1313 1254 linguam
1345 1198 1522 1238 meam
1578 1183 1778 1258 pOpulo
1805 1191 1901 1238 tuo
1939 1182 2122 1242 locare

551 1289 792 1356 coegisti.
856 1286 968 1342 Nec
1003 1287 1108 1342 hoc
1135 1287 1355 1357 quidem
1409 1287 1756 1352 mirandum,
1796 1287 2019 1357 quando
2065 1298 2122 1344 et

548 1377 718 1442 Mosi,
748 1379 825 1433 uti
867 1388 1052 1433 narrat
1101 1378 1326 1433 historia
1351 1418 1366 1443 ,
1394 1388 1752 1441 consuetum,
1805 1377 2120 1447 impeditam

548 1483 817 1525 excusare
857 1469 1099 1539 linguam
1129 1467 1172 1520 ί.
1214 1466 1506 1522 Enimvero
1533 1467 1624 1521 ille
1649 1466 1909 1522 vicarium
1939 1479 2122 1524 orato-

2219 927 2550 999 ὲπετάσθης,
2576 926 2670 982 καὶ
2697 925 2896 997 άνὲδης
2917 927 2975 979 ἐν
3002 921 3304 993 άλαλαγμῷ
3326 921 3416 975 τὸν
3439 919 3636 991 ἐχθρὸν
3665 934 3803 990 τρο-

2220 1019 2541 1089 πωσάμενος
2572 1034 2586 1049 ·
2638 1018 2734 1070 καὶ
2783 1016 3228 1088 προυδοποίησας
3306 1012 3402 1066 καὶ⁸
3458 1011 3800 1082 προηγήσῃο

2227 1110 2428 1180 μᾶλλον
2456 1109 2516 1164 δὲ
2548 1107 2643 1162 καὶ
2669 1108 2750 1170 εἰς
2779 1107 2860 1160 ἐτι
2885 1106 2981 1160 νῦν
3013 1106 3121 1177 ἡγῇ
3146 1121 3159 1136 ο
3189 1103 3285 1158 καὶ
3317 1103 3535 1173 προηγῇ
3571 1101 3805 1153 πάντων

2225 1199 2383 1269 ἡμῶν
2410 1199 2498 1252 ἐπ’
2537 1197 2705 1268 αὐτὴν
2740 1197 2841 1266 τὴν
2875 1195 3120 1266 κορυφὴν
3151 1193 3478 1266 ἀναδραμὼν
3507 1192 3606 1263 τῆς
3638 1188 3804 1252 ὁσίας

2226 1289 2490 1359 κλίμακος
2527 1287 2624 1342 καὶ
2646 1286 2869 1358 ὲνωθείς
2893 1287 2962 1357 τῇ
2988 1286 3179 1358 ἀγάπῃ
3197 1301 3213 1317 ο
3245 1287 3280 1356 ἡ
3298 1284 3355 1338 δὲ
3375 1283 3564 1353 ἀγάπη
3591 1280 3743 1334 ἐστὶν
3771 1280 3806 1332 6

2225 1373 2360 1442 Θεός
2385 1394 2402 1411 ·
2434 1379 2516 1432 ὅτι
2548 1377 2697 1447 αύτῷ
2735 1361 2936 1448 πρέπει
2971 1377 3098 1445 δόξα
3119 1417 3135 1442 ,
3174 1376 3395 1447 κράτος,
3427 1374 3588 1444 τιμὴ,
3628 1371 3724 1426 καὶ
3759 1370 3801 1444 ἡ

2229 1467 2597 1538 προσκύνησις
2627 1469 2708 1530 εἰς
2740 1467 2868 1531 τοὺς
2899 1465 3102 1530 αἰῶνας
3127 1467 3236 1521 τῶν
3256 1464 3487 1520 αἰώνων.
3527 1462 3723 1533 Ἀμήν.

549 1572 662 1613 rem
717 1559 903 1614 habuit
953 1569 1009 1615 et
1043 1557 1316 1612 eruditum
1370 1567 1426 1612 et
1468 1558 1780 1626 expeditum
1825 1560 2117 1613 Aaronem.
2154 1557 2259 1614 Sed
2297 1567 2379 1624 tu,
2419 1555 2603 1613 divine
2651 1567 2849 1629 mysta,
2880 1556 3022 1612 baud
3066 1556 3180 1613 scio
3204 1570 3315 1625 quo
3351 1555 3462 1609 fato
3524 1543 3804 1621 impulsu8

551 1651 618 1703 ad
649 1651 855 1705 aridam
887 1648 1028 1702 hanc
1056 1648 1351 1704 cisternam
1377 1653 1431 1702 et
1456 1644 1836 1716 Algyptiarum
1861 1661 2120 1701 ranarum
2160 1647 2442 1718 uliginem,
2473 1647 2582 1702 imo
2643 1648 2914 1704 ulceribus
2961 1647 3174 1718 plenam
3229 1647 3308 1703 sis
3376 1645 3609 1701 delatus.
3687 1643 3800 1710 Qui

552 1751 728 1794 tamen
762 1740 918 1808 501
973 1754 1072 1810 par
1103 1755 1212 1794 non
1239 1747 1355 1802 est,
1399 1736 1477 1792 uti
1507 1752 1613 1791 non
1644 1745 1864 1808 sponte,
1941 1737 2036 1793 sed
2104 1746 2198 1794 tuo
2230 1739 2390 1810 jussu
2443 1747 2750 1809 susceptam
2804 1737 3105 1794 orationem
3160 1735 3233 1792 in.
3267 1736 3374 1792 line
3407 1736 3802 1792 destituamuh

552 1849 790 1896 rursum,
819 1848 852 1886 o
878 1832 1116 1889 calcatis
1143 1847 1359 1903 pegase,
1384 1829 1702 1901 prreclarum
1735 1839 1842 1885 tua:
1873 1831 2296 1901 pulchritudinis
2318 1833 2599 1902 prmmium
2662 1830 2997 1886 subtexendo
3030 1829 3142 1900 jam
3199 1827 3442 1899 proxime
3497 1827 3567 1883 ad
3628 1842 3798 1882 mon-

552 1939 658 1977 tum
698 1934 945 1977 sanctum
1020 1924 1337 1987 accesseris,
1404 1919 1684 1989 oculisque
1729 1923 1782 1974 in
1847 1921 2047 1978 cwlum
2088 1923 2320 1978 sublatis
2366 1923 2479 1992 jam
2530 1923 2719 1994 pedem
2776 1924 2833 1978 in
2888 1921 3255 1978 fundamentis
3326 1920 3450 1975 cmli
3506 1917 3786 1988 posueris.

550 2015 849 2068 (lucurristi
878 2029 1009 2082 ergo
1032 2023 1086 2068 et
1115 2013 1395 2068 recurristi
1417 2053 1432 2078 ,
1469 2013 1524 2066 in
1549 2013 1717 2066 altum
1743 2014 2004 2080 evasisti;
2044 2014 2114 2068 ad
2147 2013 2584 2069 Cherubinorum
2625 2013 2845 2069 ordines
2894 2027 2993 2068 seu
3059 2011 3285 2066 virtutes
3353 2009 3651 2079 aspirasti;
3696 2007 3802 2062 de-

551 2106 729 2174 pulsis
755 2118 818 2158 ac
849 2103 1193 2172 triumphatis
1223 2103 1473 2156 hostibus
1501 2101 1554 2154 in
1609 2100 1809 2156 cceium
1863 2103 2110 2170 evolasti,
2141 2114 2194 2159 et
2228 2104 2284 2159 in
2319 2105 2493 2175 jubilo
2526 2104 2866 2161 ascendisti:
2915 2105 3025 2159 dux
3058 2101 3266 2156 itineris
3298 2099 3480 2161 luisti,
3526 2099 3806 2168 hodieque

552 2197 751 2250 ducere
780 2203 834 2248 et
867 2193 1060 2263 praeire
1089 2208 1196 2247 non
1237 2191 1501 2262 gravaris,
1531 2192 1622 2261 qui
1654 2192 1721 2246 ad
1765 2193 1925 2249 scalas
1967 2203 2130 2264 caput
2165 2210 2591 2266 supremumque
2664 2197 2889 2267 gradum
2949 2195 3164 2260 enixus,
3209 2193 3320 2248 Deo
3352 2208 3450 2263 per
3474 2193 3802 2248 charitatetn

553 2304 614 2344 es
655 2290 870 2357 penitus
903 2287 1159 2341 insertus.
1217 2285 1361 2340 Deus
1401 2295 1584 2342 autem
1619 2287 1861 2343 charitas
1923 2297 2039 2354 est,
2103 2290 2192 2344 cui
2233 2290 2439 2360 gloria,
2496 2291 2819 2361 imperium,
2873 2289 3074 2353 honor,
3120 2297 3176 2343 et
3215 2287 3460 2343 adoratio
3505 2286 3561 2342 iu
3605 2301 3805 2344 omnes

554 2378 801 2431 muniunt
839 2377 1164 2431 smcnlorum
1205 2378 1556 2428 anternitates.
1618 2376 1815 2429 Amen.

1113 2461 1206 2515 Al)
1256 2460 1409 2514 CAP.
1446 2459 1562 2515 XV.

1175 2553 1427 2607 Scholion
1462 2554 1513 2606 l.

629 2647 914 2716 Proprium
957 2652 1042 2699 est
1083 2645 1279 2696 anima:
1327 2658 1477 2720 purae
1523 2658 1706 2697 sermo
1743 2644 1893 2698 omni
1938 2659 2134 2701 carens

555 2741 752 2794 invidia
772 2780 786 2803 ,
810 2735 1086 2793 :emulatio
1109 2735 1334 2804 simpiex
1373 2745 1428 2791 et
1456 2735 1738 2798 innocens,
1762 2743 1816 2789 et
1850 2751 2008 2790 amor
2034 2751 2134 2792 seu

553 2829 881 2884 desiderium
918 2827 1102 2896 gloria:
1130 2825 1340 2880 Domini
1381 2835 1642 2880 mternum
1665 2833 1722 2879 et
1757 2824 2132 2895 irrequietum.

556 2919 707 2974 Tunc
731 2920 874 2974 enim
908 2933 1060 2971 utens
1088 2932 1216 2971 suas
1246 2917 1427 2969 lances
1455 2926 1508 2968 et
1538 2919 1774 2982 pondera
1803 2915 2130 2979 conformat,

557 3020 716 3078 atque
757 3009 811 3062 in
858 3006 1154 3076 purissimo
1183 3005 1436 3058 tribunali
1489 3005 1688 3059 mentis
1713 3017 1826 3059 sua:
1861 3005 2136 3059 examinat

556 3111 606 3152 et
639 3099 885 3168 castigat.
1285 3153 1288 3157 ,

1168 3183 1418 3238 Scholion
1453 3184 1512 3246 2.

627 3277 1130 3346 (loncupiscentiam
1163 3274 1368 3330 carnis.

1176 3364 1428 3419 Scholion
1465 3364 1518 3418 ‘5.

629 3458 851 3527 illatum
903 3455 1183 3516 animum,
1237 3451 1531 3520 superbum
1603 3452 1855 3525 intelligit
1913 3454 2133 3510 nomine

561 3545 875 3601 Pharaonis.

1177 3627 1423 3682 Scholion
1464 3629 1517 3684 4.

626 3717 820 3772 Carnis
858 3717 1107 3770 antorem
1143 3715 1418 3770 Climacus
1455 3715 1606 3772 dicit.

1173 3800 1422 3856 Scholion
1461 3802 1514 3856 5.

632 3891 754 3945 Sive
787 3887 1076 3960 perfectam
1110 3887 1472 3956 cognitionem
1513 3887 1568 3941 in
1609 3885 1792 3944 futuro
1822 3875 2042 3946 saeculo.

1078 3978 1239 4049 502
1288 3977 1541 4032 Scholion
1577 3977 1630 4033 6.
1876 4016 1882 4022 -
2038 3973 2045 3980 ’

629 4070 740 4125 lloc
769 4070 899 4125 dicit
927 4085 940 4122 :
988 4045 1315 4137 Pop—ulojuo
1343 4068 1560 4136 proprio
1589 4067 1713 4137 igne
1742 4066 1990 4137 ardenti,
2021 4045 2136 4125 sive

557 4161 675 4216 suis
725 4156 1112 4228 cupiditatibus
1163 4153 1619 4225 concupiscentia:
1675 4152 1964 4226 ﬂagranti,
2038 4169 2158 4228 per-

559 4251 760 4318 lignum
791 4247 972 4303 crucis
998 4255 1254 4316 tanquam
1289 4241 1499 4314 Moyses
1526 4247 1867 4314 suecurristi,
1897 4246 2012 4304 sive
2041 4259 2137 4317 per

558 4340 938 4403 alllictionem,
986 4345 1041 4392 et
1090 4335 1498 4391 crucilixionem
1547 4336 1723 4395 fontes
1769 4337 2132 4408 lacrymarum

559 4431 663 4485 illis
701 4429 767 4484 ad
818 4426 1068 4482 Mosaicae
1119 4424 1589 4495 contemplationis
1631 4426 1901 4501 [visionis]
1950 4431 2132 4488 imita-

558 4522 759 4576 tionem
796 4517 1121 4591 produxiSti.

1170 4609 1419 4664 Scholion
1454 4613 1508 4665 7.

624 4701 741 4756 Duo
769 4709 899 4757 sunt
951 4699 1096 4754 modi
1141 4699 1322 4754 erucis
1345 4697 1797 4767 conscendendae,
1841 4699 1978 4755 alter
2005 4714 2130 4757 cum

557 4808 755 4861 corpus
787 4793 841 4847 in
862 4805 1075 4846 crucem
1113 4791 1332 4861 agitur;
1359 4790 1498 4845 alter
1516 4805 1641 4846 cum
1673 4806 1770 4861 per
1794 4792 2100 4862 contempla
2121 4825 2136 4840 ο

557 4870 758 4939 tionem
801 4884 854 4938 in
887 4894 1103 4938 crucem
1131 4881 1518 4938 ascendimus:
1567 4892 1622 4938 et
1675 4882 1884 4953 primus
1911 4884 2130 4954 quidem

556 4990 622 5027 ex
653 4974 920 5041 libertate,
954 4974 1090 5029 alter
1118 4988 1184 5028 ex
1211 4975 1260 5029 vi
1300 4984 1352 5030 et
1393 4972 1609 5029 actione
1639 4988 1866 5044 operum
1897 4977 1992 5041 lit,
2041 4977 2131 5033 cui

560 5075 666 5113 non
702 5060 989 5130 subjicitur
1023 5074 1176 5114 mens
1209 5059 1315 5114 nisi
1341 5075 1541 5132 corpus
1576 5060 1742 5116 fuerit
1792 5062 2124 5133 subjectum.

561 5151 802 5219 Regnum
855 5151 1022 5206 animi
1074 5159 1157 5206 est
1195 5151 1474 5208 crucilixio
1497 5153 1784 5224 corporis;
1834 5169 1935 5212 nec
1973 5169 2126 5211 mens

561 5239 670 5294 Deo
700 5238 985 5308 subjicitur
1027 5241 1130 5297 nisi
1159 5240 1391 5297 liberum
1423 5241 1709 5298 arbitrium
1736 5242 1936 5300 rationi
1965 5244 2130 5302 fuerit

562 5332 886 5401 subjectum.

638 5507 653 5545 ¹
691 5507 862 5565 Exod.
916 5525 990 5574 tv,
1028 5511 1105 5566 l0.

629 5684 705 5756 (a)
757 5687 934 5746 Locus
970 5692 1178 5750 videtur
1210 5701 1520 5765 corruptus.
1553 5696 1807 5754 Fortasse
1844 5700 2016 5767 γένος.

2157 3784 2205 3846 C

2745 2465 2850 2521 ΕΙΣ
2893 2466 3142 2520 ΚΕΦΔΛ.
3193 2463 3291 2520 lE'.

2382 2597 2392 2607 .
2788 2604 2791 2607 .
2826 2556 3084 2623 Σχόλιον
3111 2560 3181 2608 α’.

2303 2644 2498 2714 Ψυχῆς
2534 2644 2779 2715 καθαρᾶς
2818 2645 2970 2712 ίδιον,
3011 2645 3169 2715 λόγος
3211 2645 3312 2716 μὲν
3348 2646 3600 2717 ἄφθονος,
3635 2644 3806 2715 ζῆλος

2233 2735 2289 2789 δὲ
2319 2735 2522 2800 ἄκακος
2549 2735 2644 2790 καὶ
2677 2735 2815 2808 ἔρως
2839 2737 3115 2800 ἄπαυστος
3132 2737 3227 2791 τοῦ
3252 2738 3458 2807 Κυρίου
3485 2739 3588 2807 τῆς
3604 2736 3766 2806 δόξης
3783 2749 3803 2767 ⁵

2235 2826 2355 2880 τότε
2379 2826 2487 2896 γὰρ
2539 2828 2635 2882 καὶ
2672 2829 2771 2891 τὰς
2811 2827 3017 2892 οἰκείας
3055 2829 3086 2882 6
3128 2825 3256 2892 νοῦς
3281 2826 3638 2898 ,διαρυθμίζει
3669 2825 3803 2880 πλά-

2237 2933 2466 2985 στιγγας
2499 2932 2514 2948 ·
2552 2919 2647 2970 καὶ
2682 2917 2740 2969 ὲν
2779 2917 3153 2990 καθαρωτάτῳ
3191 2916 3460 2988 κριτηρίῳ
3495 2919 3564 2989 τῇ
3601 2913 3805 2971 ἑαυτοῦ

2234 3008 2440 3079 διανοίᾳ
2476 3007 2759 3077 ὲμπαρών.

2629 3237 2633 3239 _
2834 3167 3093 3237 Σχόλιο.“
3122 3175 3190 3237 ρ’.

2305 3255 2416 3324 Τὴν
2453 3255 2720 3325 σαρκικὴν
2743 3254 3056 3326 ἐπιθυμίαν.

2843 3345 3101 3412 Σχόλιον
3124 3343 3194 3413 Υ.

2316 3435 2654 3506 Ἐπηρμενον
2682 3431 2808 3487 νοῦν
2830 3433 3177 3505 ὑπερήφανον
3208 3435 3358 3505 λέγει
3400 3433 3664 3501 πτώσεως
3703 3453 3806 3507 γε·

2235 3524 2341 3579 νῶν
2366 3526 2444 3596 (a)
2476 3525 2539 3579 τὸ
2575 3523 2794 3596 Φαραώ.

2833 3615 3094 3686 Σχόλιον
3136 3615 3201 3670 δ’.

2306 3705 2416 3776 Τὴν
2443 3706 2707 3777 σαρκικὴν
2737 3705 2984 3778 πύρωσιν
3018 3707 3049 3760 6
3073 3704 3292 3780 κλίμαξ
3306 3703 3478 3778 λέγει.

2432 3839 2434 3842 ,
2835 3797 3092 3865 Σχόλιον
3112 3801 3175 3853 ε’.

2303 4067 2477 4122 Τοῦτο
2525 4069 2694 4137 λέγει,
2736 4070 2821 4123 ὅτι
2863 4068 3155 4140 Καιομένῳ
3194 4070 3274 4140 τῷ
3309 4069 3538 4142 σῷνλαῷ
3565 4070 3674 4126 ὑπὸ
3703 4071 3806 4127 τοῦ

2233 4155 2437 4209 οἰκείου
2487 4154 2676 4226 πυρὸς,
2724 4156 2894 4227 ἤγουν
2935 4157 3046 4211 τῶν
3093 4157 3314 4212 οἰκείων
3356 4157 3664 4230 ἐπιθυμιῶν
3702 4161 3804 4215 καὶ

2235 4247 2424 4302 παθῶν
2453 4247 2541 4304 διὰ
2569 4246 2730 4315 ξύλου
2755 4248 3010 4321 σταυροῦ,
3039 4249 3231 4320 ὥσπερ
3255 4249 3286 4302 6
3309 4249 3548 4322 Μωῦσῆς
3569 4249 3804 4304 lustrati-

2236 4353 2429 4412 ρησας,
2449 4339 2618 4411 ἤγουν
2641 4337 2731 4393 διὰ
2775 4338 3146 4405 κακοπαθείας
3180 4340 3276 4393 καὶ
3306 4339 3660 4412 σταυρὼσεως
3693 4339 3798 4410 τῆς

2233 4431 2457 4502 σαρκὸς,
2490 4431 2672 4502 πηγὰς
2696 4429 2951 4500 δακρύων
2979 4431 3292 4495 ἀναϐλύσας
3317 4429 3502 4496 αὐτοῖς
3527 4431 3671 4488 κατὰ
3697 4431 3797 4504 μί-

2235 4537 2401 4592 μησιν
2424 4519 2519 4574 τοῦ
2545 4521 2840 4577 Μωσαῖκοῦ
2861 4519 3238 4596 θεωρήματος.

2703 4617 2964 4685 Σχόλιον
3002 4614 3211 4672 Ἰσαὰκ
3238 4617 3306 4682 ζ’.

2299 4702 2403 4757 Δύο
2437 4703 2626 4774 τρόποι
2647 4704 2754 4758 εἰσὶ
2781 4700 2877 4758 τοῦ
2905 4702 3152 4759 ἀνελθεῖν
3176 4705 3238 4760 ἑν
3256 4704 3337 4776 τῷ
3356 4695 3598 4778 σταυρῷ,
3623 4704 3656 4759 6
3684 4699 3792 4772 εἷς,

2229 4795 2263 4862 ἡ
2299 4794 2601 4865 σταύρωσις
2628 4793 2723 4848 τοῦ
2749 4793 3002 4865 σώματος
3023 4812 3039 4827 ο
3072 4796 3168 4851 καὶ
3191 4797 3223 4866 _6
3251 4795 3524 4870 δεύτιρος,
3553 4792 3651 4850 τοῦ
3688 4796 3792 4852 ἀν·

2231 4883 2401 4938 ελθείν
2422 4885 2502 4949 εἰς
2531 4884 2797 4953 θεωρίανο
2820 4884 2917 4942 καὶ
2937 4885 2968 4939 6
2992 4883 3094 4956 μὲν
3118 4886 3332 4960 πρῶτος
3359 4890 3426 4944 ἐκ
3448 4887 3552 4960 τῆς
3579 4885 3800 4942 ἐλευθε-

2234 4972 2352 5042 ρίας
2375 4990 2391 5006 ·
2424 4975 2456 5028 6
2474 4974 2533 5028 δὲ
2551 4972 2799 5047 δεύτερος
2827 4975 2894 5030 ἑκ
2928 4973 3028 5046 τῆς
3049 4975 3331 5049 ἐνεργείας
3358 4978 3468 5034 τῶν
3485 4978 3666 5050 ιργων
3703 4978 3794 5050 1i-

2231 5079 2398 5130 νεται,
2428 5056 2580 5132 ᾧτινι
2600 5063 2698 5135 οὐχ
2727 5058 3090 5120 ὑποτάσσεται
3114 5067 3146 5121 6
3168 5065 3316 5132 νοῦς,
3337 5067 3434 5123 ἑὰν
3454 5067 3533 5139 μὴ
3551 5068 3616 5140 τὸ
3633 5068 3800 5140 σῶμα

2229 5154 2495 5227 ὑποταγῇ.
2537 5156 2602 5210 Ἦ
2629 5153 2876 5226 βασιλεία
2903 5153 2999 5209 τοῦ
3025 5153 3138 5222 νοῦ,
3165 5158 3202 5228 ἡ
3224 5155 3528 5228 σταύρωσίς
3557 5159 3677 5214 ἐστι
3699 5159 3798 5215 τοῦ

2226 5246 2493 5316 σώματος,
2539 5247 2634 5301 καὶ
2678 5245 2778 5317 οὐχ
2805 5245 3167 5303 ὑποτάσσεται
3203 5249 3236 5302 6
3260 5247 3384 5310 νοῦς
3411 5245 3491 5320 τῷ
3525 5248 3672 5321 Θεῷῖ
3699 5250 3803 5308 ἑὰν

2233 5338 2309 5406 μὴ
2338 5337 2587 5408 ὑποταγῇ
2620 5337 2681 5392 τὸ
2705 5336 3048 5403 αὐτεξούσιον
3082 5338 3164 5411 τῷ
3192 5336 3415 5409 λογικῷ.
