4032 6340
194 393 336 464 1209

796 508 1052 576 Σχόλιον
1083 525 1117 579 η
1139 546 1154 561 .

266 598 436 651 Τοῦτο
459 598 634 666 λέγει⁸
664 600 874 669 ⁶Ὠσπερ
912 598 1163 669 Ἰησοῦςό
1192 598 1285 653 τοῦ
1318 600 1495 670 Ναυῆ,
1553 603 1623 671 τῇ
1653 599 1751 671 ῥά·-

187 686 308 758 6δφ
322 689 411 741 τὸν
434 689 702 759 Ἰορδάνην
720 689 930 759 τέμνων
945 691 991 721 τ’
1017 690 1087 744 τὰ
1112 690 1211 760 μὲν
1235 690 1543 761 ἔμπροσθεν
1564 670 1752 762 ῥέοντα

186 778 361 832 ῦδατα
406 780 540 849 πρὸς
573 779 673 852 τὴν
704 781 975 836 θάλασσαν
1001 781 1109 835 τῶν
1148 780 1292 836 ἁλῶν
1325 782 1423 852 τὴν
1457 781 1753 852 λεγομένην

185 868 411 939 Νεκράν
439 870 649 940 ἀφῆκεν
678 871 1025 943 ὑπορρεῦσαι·
1057 873 1124 927 τά
1157 873 1213 926 δὲ
1254 873 1475 926 ὄπισθεν
1524 872 1749 943 ἔστησεν

182 960 246 1012 ὲν
296 961 593 1031 ὀφθαλμοῖς
630 961 723 1015 τοῦ
762 963 890 1016 λαοῦ
914 979 929 993 ·
982 964 1152 1027 οὓτως
1178 964 1273 1017 καὶ
1324 966 1387 1017 σὺ
1434 964 1524 1017 τὸν
1552 966 1751 1017 οἰκεῖον

182 1047 319 1099 λαὸν
346 1048 584 1118 διαιρῶν,
620 1052 711 1104 καὶ
734 1052 867 1121 πρὸς
898 1052 995 1122 τὴν
1013 1052 1261 1105 διάϐασιν
1284 1052 1377 1105 τοῦ
1407 1053 1608 1122 κόσμου
1631 1053 1751 1105 τοὺ-

180 1154 281 1189 του
316 1142 766 1209 παρασκευάζων,
812 1142 881 1196 τά
911 1144 1009 1213 μὲν
1048 1143 1383 1211 είσαγωγικά
1419 1144 1629 1213 δάκρυα
1679 1148 1749 1215 τῇ

180 1228 386 1299 πικρίᾳ
416 1230 508 1282 καὶ
544 1230 691 1302 ἅλμῃ
730 1231 835 1285 τῶν
880 1233 1103 1297 παθῶν,
1138 1236 1232 1287 καί¹
1265 1234 1373 1286 τῶν
1411 1234 1587 1286 πόνων
1624 1251 1749 1287 συν-

179 1316 530 1385 εκλήρωσας,
560 1320 652 1372 καὶ
671 1323 737 1390 τῇ
760 1321 1019 1391 νεκρώσει
1035 1322 1142 1374 τῶν
1167 1320 1364 1392 ἡδονῶν
1383 1322 1712 1392 περιώρισας
1731 1337 1745 1352 ·

176 1408 238 1459 οὐ
280 1408 394 1478 γάρ
424 1409 582 1479 χρεία
612 1409 814 1464 τούτων
842 1412 979 1481 μετὰ
1004 1412 1104 1482 τὴν
1132 1412 1396 1483 νέκρωσιν
1416 1427 1432 1443 ο
1466 1410 1534 1463 τά
1570 1411 1627 1463 δὲ
1648 1410 1749 1477 τῆς

176 1499 405 1567 ἀγάπης
436 1498 658 1553 ὄπισθεν
683 1500 973 1571 ἐρχόμενα.
1005 1504 1078 1566 ὡς
1105 1504 1409 1557 τελειοποιὰ
1452 1503 1579 1575 ἔστη
1610 1505 1749 1558 ἄνω-

177 1586 290 1649 θεν,
323 1587 497 1655 ἤγουν
530 1590 772 1660 σταθηρά
802 1590 893 1642 καὶ
920 1590 1133 1659 βέϐαια,
1158 1593 1253 1644 καὶ
1286 1591 1617 1646 ἀναλλοίωτα
1641 1593 1745 1645 ὑπὸ

174 1676 272 1745 τῆς
305 1676 518 1729 ἄνωθεν
550 1677 771 1749 χάριτος
793 1678 1049 1750 ἐποίησας
1081 1680 1139 1733 ὲν
1170 1681 1281 1743 τοῖς
1308 1679 1607 1749 ὀφθαλμοῖς
1653 1698 1746 1733 σου

178 1764 469 1837 μαθητῶν.

783 1932 829 1983 Σ
832 1932 1042 1997 χόλιον
1082 1930 1149 1985 θ’.

246 2018 558 2081 Ὀπισθεν,
601 2014 751 2072 εἶπεν
778 2060 793 2082 ,
838 2020 981 2073 ὀκτὼ
1031 2021 1226 2084 κακίας
1272 2022 1531 2091 ἐποίησας
1576 2024 1745 2092 πάθη.
1796 2088 1803 2096 ⁴

172 2112 351 2165 ἐκεῖσε
388 2110 602 2174 λοιπὸν,
640 2114 689 2163 εί
729 2111 922 2174 θέλεις,
951 2114 1099 2175 ἴδοις,
1129 2113 1275 2175 τάδε,
1301 2113 1439 2183 ἐμὴν
1476 2115 1747 2184 ἄπληστον

170 2204 379 2257 κοιλίαν
419 2206 518 2257 καὶ
543 2205 861 2277 παμφάγον,
906 2204 1092 2257 παθῶν
1138 2205 1402 2271 ἄνασσαν,
1433 2204 1748 2274 βασίλισσαν

169 2295 445 2365 γαστέρα.

792 2474 1057 2528 Σγόλιον
1101 2480 1155 2528 ι’.

792 2492 837 2528 .5
881 2492 1057 2528 ολιον
1101 2492 1155 2528 ι’.

236 2564 313 2617 Τδ
344 2562 517 2633 βάθος
544 2560 685 2627 εἷπε,
713 2563 802 2616 τὸν
837 2492 993 2633 ἔυθδν
1020 2567 1129 2618 τῶν
1157 2562 1442 2633 δογμάτων
1470 2564 1605 2635 ᾇδην
1626 2583 1745 2634 τρο.

168 2656 366 2721 πικῶς,
399 2655 512 2707 οὐκ
543 2655 684 2725 ἐμῆς
708 2655 883 2726 ψυχῆς
924 2656 1106 2720 τόπος.

776 2843 1031 2911 Σχάῖων
1059 2848 1148 2899 ια’.
1748 2890 1754 2895 .

230 2930 403 2984 Ὅσον
450 2931 521 2981 ὲν
557 2928 791 3000 Χριστῷ-Δ
823 2929 1027 2999 Ἰησοῦ,
1076 2932 1134 2994 δς
1185 2931 1250 2985 ἂν
1284 2931 1501 3003 ἀπαρχὴ
1549 2934 1745 2997 παντὸς

168 3020 319 3092 ἡμῶν
345 3021 445 3074 τοῦ
478 3020 697 3087 γένους,
739 3024 855 3075 ἐκεῖ
877 3021 1111 3092 κάθηται
1146 3023 1306 3092 σαρκί
1329 3040 1343 3053 ο
1370 3024 1446 3092 τῷ
1478 3024 1607 3086 Θεὸς
1637 3024 1743 3093 γάρ

164 3107 248 3183 ἦν,
274 3114 411 3166 ὅπου
444 3110 669 3176 Παῦλος
698 3112 896 3181 ἔφησεν
921 3113 1190 3183 ἀρπαγεὶς
1220 3114 1352 3167 ᾶνω.

764 3200 1038 3268 Σχόλιον
1063 3197 1150 3268 ιβ’.

232 3293 437 3362 Ἔρως,
468 3289 672 3359 θυμὸς,
697 3289 821 3353 νοῦς
850 3290 1110 3361 τριμερὲς
1141 3288 1286 3361 μέγα
1325 3289 1541 3360 κράτος,
1569 3287 1740 3351 πάθος

166 3382 263 3455 τὴν
294 3377 797 3451 ὲπιθυμίανλέγει.

555 3650 749 3705 ’Ἄλλο
778 3653 1031 3722 σκόλιον
1066 3654 1357 3723 Μαξίμου.

228 3742 301 3796 Τδ
330 3743 575 3812 θυμικὸν
618 3740 721 3811 τῆς
749 3740 926 3814 ψυχῆς
954 3744 1143 3816 ἀγάπῃ
1170 3745 1464 3814 χαλίνωσον
1490 3758 1505 3772 ·
1537 3744 1634 3799 καὶ
1673 3745 1737 3799 τὸ

165 3833 568 3906 ιπιθυμητικὺν
597 3834 767 3904 αὐτῆς
806 3836 1099 3907 ἐγκρατείᾳ
1123 3836 1361 3908 μάρανον
1385 3853 1400 3868 ο
1429 3837 1524 3891 καὶ
1554 3837 1615 3891 τδ
1647 3838 1736 3892 λο-

162 3927 397 3993 γιστικὸν
423 3926 610 3995 αὐτῆς
635 3928 907 3996 προσευχῇ
938 3925 1246 3997 πτέρωσωι
1275 3928 1367 3981 καὶ
1396 3928 1456 3982 τὸ
1486 3927 1600 3998 φῶς
1637 3926 1733 3980 τοῦ

163 4014 248 4070 νοῦ
275 4016 375 4071 οὐκ
404 4015 767 4087 ἀμαυροῦται
794 4032 947 4070 ποτε.

224 4193 273 4227 ’⁸
302 4189 603 4262 αί.τεμὼν,
637 4187 853 4259 ταμών.

1405 398 1637 459 LIBER
1658 398 1757 458 AD
1783 389 2199 463 PASTOREM.

1778 516 1829 572 Α

3273 399 3410 464 1210

2472 510 2711 564 Scholion
2752 512 2806 565 8.

1927 594 2039 650 Hoc
2065 597 2229 652 dicit:
2261 596 2724 662 Quemadmodum
2753 614 2876 650 cum
2907 596 3065 652 Jesus
3092 596 3236 652 Nave
3262 597 3409 663 virga

1854 683 2141 739 Jordanem
2212 687 2519 751 divisisset,
2575 687 2872 739 anteriores
2921 702 3087 753 aquas
3154 688 3206 739 in
3266 701 3411 739 mare

1856 775 2093 840 salsum,
2126 775 2269 842 quod
2312 775 2582 828 Mortuum
2611 774 2827 837 dicitur,
2869 773 3104 827 deﬂuere
3144 774 3407 841 permisit.

1855 860 2189 919 Posteriores
2219 874 2400 918 autem
2431 865 2567 918 stitit
2606 873 2730 917 ante
2754 866 2944 917 oculos
2985 864 3165 931 populi
3198 883 3210 916 :
3260 864 3331 916 ita
3358 872 3413 915 et

1856 959 1911 1005 tu
1982 955 2235 1021 populum
2295 965 2443 1007 tuum
2498 952 2855 1007 domesticum
2908 951 3188 1010 dividens,
3242 959 3294 1002 ct
3344 949 3407 1001 ad

1854 1041 2039 1093 mundi
2069 1044 2227 1110 hujus
2250 1042 2533 1096 transitum
2557 1055 2887 1108 praeparans,
2907 1039 3170 1106 Iacrymas
3191 1036 3407 1104 quidem

1855 1129 2055 1205 primas
2104 1133 2337 1185 tironum
2394 1130 2671 1185 acerbitati
2722 1140 2776 1183 et
2823 1127 3087 1196 salsugini
3141 1127 3407 1178 malarum

1854 1221 2194 1275 aﬂ‘ectiouum
2225 1232 2279 1276 et
2309 1223 2554 1276 laborum
2576 1220 2729 1290 quasi
2762 1235 2856 1288 per
2881 1228 3081 1273 sortem
3104 1216 3407 1278 destinasti,

1852 1319 1905 1362 et
1945 1310 2279 1379 voluptatum
2313 1308 2708 1363 mortilicatioui
2756 1307 3041 1377 assignasti
3094 1309 3237 1374 (nam
3290 1314 3409 1373 post

1854 1390 2079 1453 mortem
2112 1399 2493 1468 cupiditatibus
2522 1398 2739 1450 allatam
2769 1397 3039 1464 clisasque
3064 1395 3312 1448 vitiorum
3341 1395 3405 1445 li-

1794 1502 1801 1511 ’
1852 1489 1980 1543 bras
2024 1490 2155 1542 nilnil
2199 1489 2426 1557 amplius
2476 1488 2559 1541 llis
2582 1502 2718 1555 epus
2743 1483 2869 1553 est).
2905 1484 3196 1538 Charitatis
3230 1498 3406 1536 autem

1853 1580 2007 1633 unda:
2031 1596 2059 1632 a
2086 1589 2232 1649 tergo
2254 1588 2537 1648 sequentes
2556 1593 2675 1647 qua:
2698 1575 2963 1645 perfectos
2991 1577 3221 1629 reddunt
3246 1589 3408 1642 supra

1851 1668 2158 1730 constitere,
2197 1670 2296 1722 hoc
2326 1679 2407 1722 est
2432 1678 2765 1731 constantes,
2800 1666 2981 1720 ﬁrmas
3004 1676 3059 1720 et
3100 1666 3411 1719 immutabi-

1853 1758 1929 1812 les
1975 1773 2069 1826 per
2096 1758 2364 1811 cwlestem
2412 1759 2640 1827 gratiam
2680 1758 2732 1812 in
2770 1756 3154 1826 discipulorum
3195 1766 3407 1809 tuorum

1781 1860 1823 1915 Β
1851 1860 2141 1919 conspectu
2180 1849 2480 1903 reddidisti.

2463 1938 2710 1993 Scholion
2748 1938 2805 1992 9.

1916 2028 2100 2093 Retro,
2134 2029 2340 2099 inquit,
2372 2038 2495 2083 octo
2526 2029 2653 2081 vitia
2675 2027 2881 2082 vertisti
2904 2068 2918 2091 ,
2948 2027 3077 2081 vitia
3122 2033 3285 2097 porro
3312 2027 3407 2093 ibi,

1847 2120 1892 2173 si
1915 2121 2016 2183 vis,
2054 2120 2167 2174 haec
2191 2121 2392 2173 videbis
2420 2138 2433 2173 :
2480 2134 2658 2172 meum
2695 2117 3069 2186 inexplebilem
3094 2131 3331 2171 ventrem
3358 2129 3411 2172 et

1847 2199 2027 2259 omnia
2054 2208 2456 2270 absumentem,
2477 2206 2831 2275 cupiditatum
2858 2205 3119 2258 malarum
3147 2206 3406 2272 reginam,

1845 2304 1899 2348 et
1926 2295 2320 2363 imperatricem
2344 2296 2525 2360 gulam
2556 2295 2683 2363 (hoc
2706 2295 2957 2348 nimirum
2989 2304 3071 2351 est
3104 2294 3234 2348 illud
3262 2310 3410 2349 mare

1848 2383 2116 2438 Mortuum
2150 2398 2180 2437 a
2216 2394 2366 2454 tergo
2400 2385 2701 2453 relictum).

2436 2474 2689 2529 Scholion
2732 2475 2815 2527 10.

1915 2562 2273 2633 Profundum)
2304 2565 2612 2632 dogmatum
2653 2564 2998 2619 altitudinem
3046 2582 3141 2634 per
3182 2567 3406 2635 ﬁguram

1845 2657 2130 2723 appellavit
2179 2656 2445 2711 infernum
2510 2674 2523 2710 :
2577 2671 2684 2708 nou
2734 2654 2983 2723 equidem
3036 2657 3232 2712 anima:
3279 2674 3410 2712 mea:

1844 2744 2018 2799 locus.
2547 2788 2557 2796 .

2438 2836 2687 2891 Scholion
2728 2838 2810 2891 il.

1915 2924 2185 2991 Quantum
2213 2926 2267 2979 lu
2299 2927 2517 2983 Christo
2548 2928 2698 2997 Jesu,
2730 2933 2821 3001 qui
2857 2930 3107 3002 primitiae
3140 2930 3295 3000 503
3322 2939 3406 2984 to-

1846 3018 1951 3071 tius
1980 3020 2192 3087 generis
2222 3018 2392 3073 nostri
2436 3020 2509 3074 ibi
2546 3022 2697 3075 sedet
2725 3038 2973 3092 corpore.
3017 3023 3093 3076 lbi
3123 3023 3265 3077 enim
3291 3032 3408 3077 erat

1849 3111 2008 3177 Deus,
2049 3126 2157 3179 quo
2196 3111 2394 3166 Paulus
2434 3127 2493 3168 se
2519 3129 2733 3168 sursum
2769 3124 2984 3184 raptum
3033 3114 3196 3168 dixit.

2442 3200 2691 3256 Scholion
2732 3203 2816 3257 12.

1915 3287 2104 3352 Amor,
2128 3289 2229 3355 ira,
2260 3304 2411 3345 mens
2436 3291 2626 3358 triplex
2660 3293 2857 3346 auium
2885 3293 3112 3347 facultas
3135 3302 3188 3347 ct
3218 3278 3406 3362 ingens

1846 3378 2149 3446 imperium.
2186 3377 2500 3434 Passionem
2526 3380 2633 3433 vim
2657 3382 2937 3450 appetendi
2965 3383 3215 3453 appellat.
3244 3385 3405 3454 (Pas-

1845 3469 2039 3534 sionis,
2062 3469 2306 3536 inquam,
2328 3483 2424 3524 seu
2450 3471 2732 3539 appetendi
2762 3481 2817 3527 et
2852 3471 3117 3527 irascendi
3147 3483 3200 3528 et
3236 3474 3403 3529 ratio-

1846 3558 2066 3615 cinandi
2105 3557 2464 3630 facultatem.)

2402 3650 2563 3705 Aliud
2599 3650 2844 3706 Maximi.

1912 3740 2031 3796 Vim
2062 3741 2330 3798 irascendi
2380 3743 2529 3798 {retia
2561 3744 2845 3808 cbaritate,
2874 3744 3291 3812 concupiscendi
3321 3746 3403 3800 af-

1840 3834 2037 3889 fectum
2073 3836 2401 3887 continentia
2449 3835 2696 3900 emacia;
2749 3834 3104 3889 ratiocinandi
3150 3824 3403 3904 petentia:

1840 3941 1935 3993 per
1959 3941 2142 3993 preces
2162 3926 2278 3981 alas
2305 3926 2460 3991 adde,
2487 3935 2541 3982 et
2569 3926 2660 3980 lux
2700 3928 2898 3983 mentis
2929 3943 3205 3999 nunquam
3237 3928 3400 3985 hebe-

1839 4017 2059 4071 tabitur.
