4032 6340
602 452 731 520 1211

1724 455 1781 511 S.
1826 451 2143 512 IOANNIS
2188 451 2702 513 R.\IT][UENSIS

1427 595 2702 624 w

3704 451 3831 515 1212

2607 593 3270 620 Μ

1629 769 2140 884 SANCTI
2215 690 2820 882 JoANle

1861 993 2175 1056 ABBATIS
2219 993 2560 1065 ΙίΛΥΤΠΙΙ,

918 1161 983 1220 ln
1028 1160 1223 1220 sancti
1266 1158 1547 1232 Joannis,
1592 1163 2018 1235 cognomento
2046 1155 2415 1218 Seholastici
2446 1173 2558 1216 seu
2588 1153 2846 1216 Climari
2878 1150 3508 1220 ClimacemScholia.

871 1469 1000 1523 Car.
1035 1467 1054 1520 ι
1088 1469 1165 1520 Ao
1193 1464 1419 1521 Gnsouu
1449 1463 1616 1534 l(col.
1649 1464 1746 1521 631
1777 1466 1866 1536 A).

666 1563 708 1614 A
753 1560 861 1615 Deo
892 1562 1003 1628 ipso
1029 1574 1324 1624 sumamus,
1365 1566 1471 1612 etc.
1511 1558 1848 1628 Principium
1889 1558 2156 1625 omnium,

596 1653 737 1706 Deus
762 1659 866 1715 est,
908 1659 968 1704 ut
991 1661 1222 1713 creator,
1253 1649 1512 1714 medium,
1535 1659 1595 1704 ut
1624 1649 1895 1718 provisor,
1934 1651 2076 1713 ﬁnis,
2101 1659 2160 1703 ut

597 1743 901 1812 perfector:
931 1757 960 1795 a
1007 1757 1116 1809 quo
1154 1739 1415 1794 debemus
1448 1739 1626 1794 facere
1659 1756 1767 1795 non
1806 1741 1983 1795 solum
2011 1740 2160 1811 prin-

594 1833 796 1900 cipium
829 1831 1119 1892 sermonis,
1157 1831 1250 1884 sed
1293 1829 1631 1894 intentionis,
1664 1838 1718 1885 ct
1746 1832 1944 1900 aperis,
1970 1838 2030 1885 ut
2059 1845 2160 1885 no-

593 1935 704 1976 stra
735 1922 1183 1992 propter'ipsum,
1210 1929 1264 1974 et
1297 1920 1350 1973 in
1383 1919 1499 1988 ipso
1528 1920 1682 1974 ﬁant.
1717 1918 1786 1973 Et
1821 1921 2016 1974 amicos
2042 1922 2162 1990 qui-

591 2015 707 2064 dem
744 2010 837 2063 Dei
865 2027 883 2062 :
911 2024 1143 2078 quorum
1162 2010 1554 2078 eaperientiam
1585 2011 1785 2065 habent
1814 2012 1904 2080 qui
1937 2010 2160 2064 humilia

590 2102 830 2171 sapiunt.
870 2100 1099 2170 Propter
1124 2101 1447 2156 deleCIahile
1479 2111 1658 2155 autem
1700 2103 1910 2156 amicus
1937 2100 2156 2169 dicitur,

591 2204 651 2246 ut
692 2203 913 2263 propter
944 2193 1075 2246 utile
1103 2202 1158 2247 et
1208 2201 1424 2260 propter
1467 2192 1697 2260 bonum,
1734 2207 1924 2248 servus
1955 2205 2048 2248 :et
2071 2194 2158 2248 hic

587 2284 803 2352 quidem
837 2283 1149 2338 conditione
1190 2293 1245 2338 et
1285 2283 1580 2348 creatione,
1625 2293 1684 2338 ut
1723 2283 1906 2350 ﬁlius;
1955 2284 2061 2339 ﬁde
2106 2293 2159 2339 et

588 2376 1021 2438 conversatione,
1042 2385 1099 2430 ut
1123 2373 1324 2428 Paulus
1345 2384 1397 2429 et
1417 2373 1628 2444 Moyses
1655 2373 1787 2430 :Per
1810 2377 2158 2430 obedientiam

587 2464 938 2517 indiscussam
961 2465 1040 2532 (l)
1071 2482 1084 2517 :
1112 2463 1484 2518 Ubedientiam
1507 2464 1598 2518 hic
1620 2463 1754 2518 dicit
1773 2464 2154 2532 indiscussam,

585 2564 806 2624 propter
825 2555 948 2608 ﬁdei
979 2553 1368 2623 plenitudinem
1390 2562 1444 2607 et
1466 2554 1758 2609 voluntatis
1779 2555 2013 2624 propria:
2037 2571 2154 2624 per-

586 2647 780 2699 lectam
823 2644 1316 2700 mortiﬁcationem.
1378 2645 1638 2700 Subtriati
1665 2645 1743 2717 (2)
1782 2656 1832 2700 et
1871 2647 2155 2716 perlucidae

584 2735 872 2787 humilitati
909 2753 921 2787 :
954 2734 1271 2790 Mmrentem
1302 2735 1474 2804 ipsam
1500 2737 1859 2791 humilitatem
1889 2748 2072 2801 vocat,
2099 2748 2154 2794 ct

585 2827 941 2878 tentationum
975 2835 1028 2879 ct
1075 2841 1359 2896 poenarum
1406 2809 1891 2896 supportationem,
1937 2839 2159 2898 propter

587 2917 822 2970 tristium
855 2916 1248 2984 saﬁ‘erentiam,
1283 2927 1337 2972 et
1363 2917 1741 2984 adversitates,
1770 2930 1826 2975 et
1857 2935 2066 2989 pinnas.
2098 2930 2152 2977 et

585 3023 870 3076 presseras
891 3049 908 3073 ,
963 3019 1017 3063 et
1062 3009 1312 3065 utilitatis
1339 3009 1579 3064 studium
1600 3051 1614 3074 ,
1647 3019 1704 3064 et
1740 3013 2148 3082 castigationem

583 3102 856 3170 corporis,
893 3113 949 3155 et
992 3102 1309 3158 memoriam
1348 3103 1543 3156 mortis
1574 3120 1588 3155 :
1616 3103 1988 3170 splendentem
2021 3119 2149 3159 vero

583 3192 829 3245 eamdem
869 3191 1034 3256 dicit,
1075 3200 1294 3261 propter
1329 3206 1518 3262 pacem
1562 3191 1932 3257 intrinsccam,
1974 3194 2153 3248 vlt-tuo

579 3291 694 3334 tam
724 3281 997 3346 decorem,
1021 3281 1288 3335 desideria
1315 3281 1577 3346 calcatis;
1608 3299 1761 3352 spem
1798 3293 2146 3354 aeternorum,

579 3371 898 3424 charitatem
929 3371 983 3424 in
1021 3371 1212 3435 Deum,
1253 3381 1309 3426 et
1334 3372 1648 3442 dignitatem
1677 3387 1840 3442 quam
1872 3374 1987 3438 suis
2017 3389 2148 3442 pos-

579 3464 883 3517 sessoribus
922 3463 1202 3531 elargitur.
1259 3463 1499 3518 Maerens
1535 3463 1699 3518 etiam
1752 3475 1837 3519 est
1871 3465 2148 3521 humilitas

582 3554 787 3623 tepidis
817 3564 869 3608 et
905 3555 1329 3624 negligentibus,
1375 3557 1468 3626 qui
1511 3555 1570 3609 in
1599 3555 1875 3610 laboribus
1911 3567 1966 3612 et
1990 3557 2145 3612 dolo-

581 3647 730 3698 ribus
755 3656 972 3714 propter
1001 3648 1169 3699 Deum
1205 3657 1568 3712 murmurant,
1604 3648 1916 3712 anxiantur,
1956 3658 2010 3702 et
2046 3649 2146 3703 do.

578 3736 691 3792 lent
740 3753 755 3790 :
809 3737 1099 3806 splendens
1143 3753 1292 3804 vero,
1341 3749 1606 3806 mortem,
1652 3748 1708 3794 et
1747 3740 2142 3807 adversitates,

575 3839 629 3882 et
659 3829 913 3899 martyria
944 3831 1295 3899 diligentibus
1315 3840 1535 3902 propter
1573 3831 1871 3897 Christum,
1903 3840 1960 3888 et
2000 3833 2145 3887 utili-

576 3927 739 3970 tatem
781 3917 1185 3973 tiibulationum
1216 3929 1271 3975 et
1297 3921 1546 3974 dolorum
1574 3932 1629 3976 et
1666 3922 1860 3978 mortis
1903 3921 2142 3979 sufferre

576 4022 636 4063 se
670 4010 1143 4078 cognoscentibus,
1177 4021 1394 4081 propter
1425 4012 1688 4082 Spiritum
1709 4023 1984 4069 sanctum.
2014 4015 2142 4084 Spi-

2198 1478 2244 1533 Α
2272 1465 2553 1534 proﬁtetur
2586 1451 2950 1535 evangeiicam
2988 1473 3043 1520 et
3091 1464 3393 1535 religiosam
3430 1464 3597 1518 vitam
3630 1472 3686 1520 et
3741 1482 3828 1520 ar-

2261 1564 2392 1621 tem,
2426 1569 2478 1610 et
2506 1558 2796 1619 mundane,
2831 1564 2887 1610 et
2924 1555 3180 1620 resolute,
3217 1555 3274 1608 in
3302 1555 3534 1618 deliciis,
3581 1565 3637 1610 et
3677 1571 3827 1613 reso-

2259 1642 2560 1699 lutionihus
2607 1653 2660 1698 et
2701 1643 3148 1699 delectationibus
3195 1646 3321 1699 vita:
3377 1645 3628 1710 labentis,
3666 1646 3828 1700 latam

2261 1735 2403 1788 viam
2453 1736 2685 1804 diligens
2712 1746 3088 1790 conversatur.
3122 1735 3324 1805 Impius
3361 1746 3442 1790 est
3467 1752 3687 1806 quoque
3737 1740 3828 1808 qui

2261 1839 2370 1878 non
2405 1827 2687 1892 prolitetur
2734 1825 3105 1894 evangelicam
3137 1824 3300 1877 vitam
3336 1833 3552 1894 propter
3578 1825 3832 1880 humana:

2261 1916 2558 1985 prudentiae
2585 1916 2978 1985 insipientiam,
3000 1916 3152 1985 juxta
3193 1916 3321 1969 illud
3355 1933 3371 1970 :
3409 1917 3554 1968 Dixit
3579 1918 3829 1984 insipiens
3889 1988 3892 1990 γ

2259 2007 2314 2058 in
2345 2007 2498 2059 corde
2517 2024 2613 2060 auo
2640 2008 2680 2072 ',
2710 2016 2843 2071 etc.,
2875 2007 3002 2075 quia
3038 2006 3126 2061 hic
3151 2006 3273 2061 talis
3302 2007 3533 2061 honorat
3555 2019 3609 2062 et
3639 2024 3830 2078 appre-

2259 2099 2424 2152 tiatur
2459 2099 2785 2153 creationem
2815 2101 2998 2168 potius
3035 2112 3199 2167 quam
3244 2098 3578 2154 Creatorem.
3619 2099 3721 2154 Dei
3766 2118 3828 2154 a-

2261 2201 2433 2243 mator
2461 2200 2536 2242 est
2564 2205 2583 2242 :
2613 2188 2972 2244 differentiam
3007 2189 3242 2244 ostendit
3272 2187 3366 2244 Dei
3405 2189 3734 2256 dilectionis,
3777 2203 3831 2247 et

2260 2279 2538 2341 monachi,
2561 2279 2768 2333 scilicet
2810 2286 3125 2334 sanctorum
3163 2277 3506 2335 saecularium
3531 2293 3588 2335 et
3618 2281 3830 2337 Ordinis

2255 2370 2669 2440 coniugatorum
2720 2378 2776 2425 et
2830 2370 3174 2440 perfectioris
3220 2372 3637 2427 monachorum.
3691 2372 3829 2428 Dicit

2255 2439 2385 2528 ergo
2417 2439 2483 2515 de
2535 2461 2781 2516 saeculari
2811 2439 3002 2518 saneto
3038 2481 3053 2516 :
3104 2439 3197 2517 Dei
3247 2473 3458 2517 amator
3505 2473 3612 2530 est,
3643 2465 3742 2533 qui
3773 2463 3833 2518 in

2256 2554 2455 2609 mundo
2484 2553 2841 2623 corporaliter
2878 2553 3088 2617 vivens,
3125 2569 3234 2607 non
3265 2555 3639 2611 communicat
3668 2572 3827 2610 aver-

2255 2643 2502 2698 sionibus
2526 2658 2649 2711 qua:
2689 2650 2817 2698 sunt
2841 2652 3033 2698 contra
3057 2652 3333 2710 naturam,
3359 2660 3485 2699 cum
3521 2654 3736 2701 motum
3770 2657 3832 2703 et

2254 2736 2498 2794 ordinem
2531 2736 2624 2806 qui
2650 2743 2736 2792 est
2756 2736 3056 2791 secundum
3089 2747 3364 2805 naturam,
3391 2741 3488 2796 sed
3512 2739 3610 2796 Dei
3633 2741 3827 2796 vcina-

2187 2793 2227 2846 Β
2257 2836 2423 2884 tatem
2459 2793 2718 2883 omnibus
2746 2829 3035 2898 praeponit,
3071 2829 3257 2904 unitus
3297 2793 3500 2886 δίιέίᾆὶ

2256 2917 2521 2987 Perpetua
2554 2929 2762 2974 natura
2782 2906 3047 2974 violentia.
3084 2917 3143 2974 In
3169 2929 3366 2975 natura
3385 2923 3662 2991 rationali,
3681 2923 3822 2978 ale-

2251 3011 2460 3066 ctioncs
2498 3019 2552 3064 et
2585 3009 2931 3065 habitudines
2963 3019 3092 3066 sunt
3119 3011 3395 3078 :scilicet,
3436 3011 3490 3066 in
3539 3014 3822 3077 irascihili,

2249 3101 2424 3166 furor,
2452 3101 2556 3161 ira,
2593 3100 2918 3170 indignatio,
2939 3100 3114 3167 livor;
3143 3102 3197 3154 in
3223 3103 3658 3173 concupiseibili,
3679 3105 3824 3159 dele-

2249 3192 2438 3255 ctatio,
2461 3191 2813 3258 desiderium,
2844 3192 3088 3247 tristitia.
3125 3191 3230 3247 ista
3261 3193 3430 3263 igitur
3461 3210 3820 3263 superaseen-

2249 3278 2419 3343 dens.
2467 3291 2717 3335 naturam
2753 3282 2977 3336 omnino
3035 3282 3280 3352 negavit.
3325 3280 3636 3354 Quicunque
3686 3301 3824 3354 prte-

2247 3373 2407 3424 sentis
2439 3373 2560 3426 vita
2589 3389 2607 3426 :
2638 3371 2780 3429 Tres
2797 3374 3124 3440 intentiones
3149 3374 3514 3430 recedentium
3538 3390 3569 3429 a
3594 3377 3821 3445 mundo,

2247 3462 2420 3517 tribus
2455 3463 3036 3529 abrenuntiationibus,
3061 3473 3117 3520 et
3137 3467 3310 3522 tribus
3331 3465 3444 3541 Deo
3466 3469 3820 3525 servienttiutu

2248 3553 2503 3622 gradibus
2558 3555 2928 3619 concordant,
2979 3554 3135 3624 juxta
3181 3571 3439 3626 magnum
3493 3557 3817 3627 Gregorium

2247 3642 2576 3714 Theologuni
2609 3645 2702 3715 qui
2726 3645 2855 3700 dicit
2885 3663 2899 3700 :
2933 3645 3058 3702 Tres
3093 3649 3274 3718 utique
3308 3664 3400 3718 ego
3447 3650 3566 3702 novi
3604 3651 3822 3706 ordines

2243 3737 2634 3800 solvendorum,
2669 3738 2956 3802 emittitis,
3005 3739 3259 3816 mercedis
3291 3778 3306 3804 ,
3336 3751 3388 3795 et
3421 3740 3728 3808 ﬁliationia.
3750 3770 3821 3780 —

2241 3824 2488 3879 Imitetur
2517 3829 2561 3881 is
2580 3828 2692 3898 qui,
2717 3840 2824 3884 etc.
2869 3826 2967 3884 Hic
2986 3829 3142 3899 juxta
3164 3831 3316 3886 illum
3339 3848 3590 3903 magnum
3609 3850 3820 3899 senem.

2248 3915 2342 3986 qui
2391 3929 2801 3974 monumentum
2833 3920 2940 3976 sibi
2982 3932 3032 3977 et
3090 3937 3194 3978 suo
3240 3922 3508 3993 discipulo
3541 3925 3713 3994 fecit,
3759 3937 3820 3982 ut

2241 4011 2420 4078 ipsum
2468 4009 2534 4063 ad
2586 4009 2792 4064 luctum
2840 4011 3148 4079 induceret,
3181 4022 3237 4068 et
3266 4015 3515 4084 exemplo
3557 4025 3616 4071 et
3653 4017 3817 4073 verbo
3870 4085 3875 4093 ‘

574 4098 862 4155 ritualibus
911 4101 1111 4156 tabulis
1137 4119 1156 4156 :
1179 4103 1332 4170 dicit,
1362 4112 1582 4174 propter
1633 4105 1878 4169 ﬁrmum,
1907 4107 2140 4162 solidum
2168 4107 2212 4166 c
2241 4101 2480 4169 doceret.
2505 4103 2607 4158 iste
2644 4113 2869 4161 sanctus
2896 4107 3139 4176 loquitur
3168 4124 3184 4161 :
3214 4115 3270 4162 et
3310 4107 3365 4162 in
3403 4111 3659 4178 praesenti
3691 4127 3815 4181 spe—

574 4201 631 4245 et
658 4191 1003 4247 indelebilem
1035 4193 1437 4263 characterem;
1479 4195 1695 4262 chartis,
1734 4205 1953 4267 propter
1985 4213 2145 4254 mun-

579 4281 733 4349 dum,
763 4283 994 4349 castum,
1025 4297 1371 4341 mansuetum
1399 4297 1454 4343 et
1490 4287 1695 4361 humile
1716 4303 1847 4351 cor;
1892 4287 2144 4344 Volunta-

575 4382 626 4428 te
663 4383 714 4428 et
757 4375 924 4430 libere
961 4375 1187 4432 arbitrio
1215 4394 1236 4433 :
1287 4378 1480 4434 electio
1528 4389 1583 4434 et
1630 4379 1882 4439 voluntas
1930 4382 2143 4437 arbitrii

574 4465 849 4531 ditl'erunt,
898 4467 1026 4535 quia
1063 4469 1315 4524 voluntas
1357 4477 1441 4524 est
1475 4469 1813 4538 possibilium
1846 4480 1902 4527 et
1934 4472 2142 4543 impos-

573 4556 834 4621 sibilium,
859 4558 1053 4614 electio
1074 4569 1281 4614 tantum
1317 4560 1658 4629 possibilium
1693 4577 1708 4613 :
1739 4561 1972 4632 denique
2013 4566 2142 4634 quia

572 4649 825 4704 voluntas
856 4660 941 4706 est
991 4652 1225 4706 maxime
1256 4651 1418 4729 ﬁnis;
1457 4650 1649 4706 electio
1694 4661 1908 4719 autem,
1951 4669 2139 4710 eorum

571 4757 694 4809 qum
720 4751 846 4796 sunt
869 4742 935 4796 ad
961 4744 1118 4798 linem
1151 4761 1163 4796 :
1207 4741 1458 4796 Omnibus
1481 4745 1605 4799 vita.
1637 4741 1949 4798 Secundum
1977 4748 2140 4800 ratio-

573 4849 696 4888 nem
751 4836 1042 4890 creationis
1091 4831 1148 4888 et
1186 4834 1538 4902 providentia:
1578 4834 1846 4891 factorum
1871 4877 1890 4904 ,
1937 4837 2139 4892 dicitur

575 4925 716 4980 Deus
747 4924 1077 4979 credentium
1111 4941 1237 4979 vero
1269 4923 1634 4980 obedientium
1680 4935 1736 4981 et
1775 4927 2138 4999 diligentium,

571 5016 897 5070 excellenter
930 5015 1134 5071 dicitur
1163 5018 1291 5081 vita,
1333 5026 1387 5071 et
1420 5017 1590 5082 salus,
1624 5016 1782 5085 juxta
1817 5019 1945 5073 illud
1977 5037 1991 5073 :
2024 5021 2136 5089 Ego

571 5122 692 5160 sum
724 5107 867 5162 Deus
894 5108 1186 5171 Abraham,
1216 5106 1366 5162 Isaac
1407 5119 1461 5165 et
1489 5107 1679 5164 Jacob.
1709 5107 1914 5177 Impius
1946 5122 2021 5166 est
2043 5112 2108 5163 ho

572 5217 656 5251 mo
686 5213 702 5250 :
735 5199 978 5252 deﬁnitio
1010 5201 1081 5268 pii
1108 5200 1488 5255 manifesmtur
1511 5201 1566 5256 in
1597 5201 1914 5258 deﬁnitione
1939 5205 2088 5274 impii
2117 5219 2132 5269 ;

569 5299 623 5341 et
658 5287 843 5356 injusti
871 5291 1133 5356 deﬁnitio,
1161 5292 1216 5346 in
1238 5291 1702 5365 deﬁnitionejusti
1735 5311 1749 5347 :
1779 5293 1904 5349 licet
1927 5297 2019 5366 qui
2051 5305 2135 5350 est

570 5381 687 5433 sine
712 5379 846 5448 lege,
887 5382 970 5433 vel
1009 5381 1138 5452 legis
1176 5386 1578 5452 praevaricator,
1619 5386 1833 5441 dicatur
1872 5386 2128 5456 iniquus;

571 5468 804 5534 injnstus
842 5485 970 5525 vero
1001 5471 1131 5542 legis
1167 5483 1394 5542 naturae,
1449 5484 1504 5530 et
1529 5478 1747 5546 scriptae
1769 5515 1784 5536 .
1839 5484 1894 5530 et
1923 5479 2126 5548 gratim,

570 5558 1065 5623 praevaricationem
1117 5558 1376 5618 insinuat.
1429 5561 1628 5631 Impius
1677 5572 1761 5617 est
1803 5562 1987 5633 igitur,
2035 5566 2128 5634 qui

646 5713 842 5767 'l’sal.
913 5731 1028 5781 ant,
1082 5717 1135 5772 Ι.

543 5937 555 5949 ἢ
645 5864 721 5935 (ι)
744 5866 955 5926 Clarius
994 5881 1146 5928 vetus
1168 5871 1452 5942 interpres,
1486 5888 1586 5925 non
1609 5873 2006 5930 discernentem.

2241 4193 2529 4250 culationis
2586 4193 2754 4248 verbo
2799 4194 3054 4258 ostendit,
3087 4195 3220 4266 quia
3265 4196 3444 4253 luctus
3473 4200 3814 4267 netiﬁcat,

2241 4292 2519 4352 operatur,
2555 4292 2609 4338 et
2631 4284 2890 4352 custodit,
2912 4292 2969 4339 et
2994 4267 3344 4342 annuntiator
3363 4287 3535 4344 beata:
3559 4288 3815 4359 impaui-

2244 4373 2466 4428 bilitatis
2501 4376 2737 4432 exsistit.
2782 4376 3092 4448 Quicunque
3125 4393 3194 4432 ea:
3225 4377 3460 4449 £gypto
3487 4381 3760 4450 egreditur
3785 4397 3808 4434 ε

2239 4475 2450 4535 oportet
2476 4482 2602 4522 eum
2628 4469 2723 4540 qui
2749 4470 2953 4525 mundo
2990 4470 3359 4534 abrenuntiat,
3387 4484 3738 4541 perseverare
3757 4472 3811 4526 in

2238 4561 2509 4616 cmnobio.
2539 4560 2596 4615 Si
2620 4577 2750 4617 vero
2775 4578 2882 4618 non
2916 4561 2970 4616 in
2998 4563 3247 4618 οωυοῦἰο
3278 4561 3648 4632 abrenuntiat,
3684 4572 3812 4618 tunc

2239 4667 2462 4708 necesse
2491 4653 2671 4718 habet,
2704 4653 2808 4707 sub
2840 4653 3102 4723 magistro
3144 4665 3201 4710 et
3240 4665 3393 4724 patre
3437 4654 3710 4723 apirituali
3737 4655 3812 4710 in-

2238 4743 2467 4797 formari
2516 4744 2580 4798 ad
2615 4744 3090 4800 mortiﬁcationem
3132 4744 3366 4815 propria
3405 4743 3728 4811 voluntatis,
3757 4755 3813 4798 ct

2238 4830 2450 4889 merum
2476 4836 2852 4897 directionem,
2887 4844 2942 4890 et
2969 4836 3307 4907 disciplinam
3343 4836 3694 4892 discretionis
3716 4852 3809 4892 co-

2238 4927 2560 4995 gitationum
2603 4940 2658 4981 et
2687 4926 2979 4996 Spirituum
3011 4945 3024 4982 :
3051 4927 3154 4982 hoc
3181 4927 3327 4982 enim
3375 4928 3571 4997 probat
3604 4937 3663 4982 et
3690 4928 3807 4982 lau-

2235 5016 2328 5070 dat
2364 5033 2456 5086 per
2497 5017 2664 5073 Mosis
2695 5018 2962 5087 exempla,
3005 5030 3062 5075 et
3092 5017 3476 5088 lsraelitarum,
3504 5030 3559 5076 et
3603 5021 3804 5091 angeli,

2235 5118 2288 5162 et
2319 5109 2434 5164 Lot.
2487 5110 2624 5164 Nam
2669 5110 2716 5165 si
2763 5113 2909 5178 quis,
2937 5112 2993 5166 in
3029 5112 3238 5167 artibus
3273 5099 3503 5168 faciliter
3541 5113 3669 5168 sine
3691 5128 3806 5167 ma-

2235 5203 2404 5269 gistro
2455 5218 2562 5258 non
2585 5202 2854 5272 dirigitur,
2888 5207 3058 5260 multo
3098 5206 3272 5276 magis
3306 5205 3364 5261 in
3415 5207 3519 5261 hac
3559 5213 3686 5261 arte
3718 5221 3805 5261 ar-

2234 5292 2391 5357 tium,
2421 5296 2680 5364 magistro
2706 5293 3007 5362 indigemus
3029 5303 3086 5351 et
3108 5295 3268 5360 duce;
3301 5297 3608 5351 humilitate
3639 5297 3806 5367 igitur

2234 5398 2371 5452 opus
2419 5394 2522 5449 est,
2563 5395 2616 5439 et
2641 5386 2940 5454 praesertim
2981 5387 3326 5446 orationibus
3367 5388 3612 5456 Patrum,
3648 5391 3805 5447 abre-

2235 5475 2541 5532 nuntiantes
2572 5478 2770 5531 saeculo
2805 5477 3065 5550 indigent.
3104 5479 3242 5536 Dicit
3266 5479 3619 5551 igiturpater,
3662 5498 3801 5550 quo-

2232 5567 2378 5621 niam
2406 5569 2868 5636 abrenuntiantes,
2888 5573 2979 5641 qui
3005 5572 3150 5629 vitiis
3174 5571 3801 5644 spiritualihusmtpnla,

2288 5874 2363 5945 (‘2)
2411 5875 2577 5942 Idem,
2617 5875 2867 5931 marenti.
