4032 6340
156 444 290 508 1213

1327 461 1641 520 SCIIOLIA
1679 462 1757 521 IN
1798 426 2205 529 CLISMCUM.

3248 481 3380 543 12H

154 557 423 656 superbia,
456 574 590 613 vana
630 559 820 631 gloria,
862 563 1079 631 invidia,
1129 570 1335 637 acedia,
1365 575 1615 639 elatione,
1656 585 1709 630 et
1738 583 1781 635 Α
1812 578 2035 651 Signum
2053 585 2444 653 quoqucestde
2460 586 2892 656 contingentibus
2907 597 2959 643 et
2975 591 3375 655 verisimililms,

92 658 106 665 ί
155 648 393 720 tristitia)
422 653 796 720 molestantur,
842 655 1085 726 indigent
1122 674 1449 731 praeceptore
1475 675 1529 720 et
1576 668 1713 723 duce

154 742 616 808 mansuetissimo,
656 754 709 800 et
749 748 1113 814 misericordi,
1158 754 1253 822 qui
1299 771 1488 823 parum
1528 759 1710 813 indul-

150 840 271 899 geat
302 835 474 899 carni,
511 844 567 889 ut
605 850 712 891 non
747 846 998 909 tanquam
1045 844 1374 903 abstinentes
1412 856 1465 901 et
1499 853 1711 907 studio-

140 924 195 1003 ἐἰ
219 925 456 995 amplius
481 929 811 985 extollantur
838 950 851 986 :
880 940 936 987 et
964 948 1353 1005 comparantur
1384 941 1495 1007 isti,
1527 958 1710 1014 egres—

151 1016 227 1087 sis
256 1034 322 1073 ex
354 1018 604 1091 Egypto,
631 1024 734 1079 sub
764 1023 964 1096 Moyse.
999 1027 1102 1094 Qui
1132 1046 1261 1085 vero
1289 1036 1598 1091 carnalibus
1632 1038 1710 1091 vi-

151 1108 239 1165 tiis
278 1110 506 1179 (scilicet
550 1115 697 1182 gula,
736 1116 970 1185 luxuria,
1007 1122 1253 1191 avaritia)
1301 1125 1705 1197 impugnantur,

153 1199 397 1270 indigent
440 1204 577 1261 duce
626 1208 844 1263 homine
893 1212 1217 1281 abstinente,
1248 1226 1485 1284 austero,
1538 1229 1592 1275 et
1626 1222 1707 1276 in-

149 1298 511 1366 compassivo,
539 1304 701 1356 vitam
731 1305 1049 1375 angelicam,
1083 1309 1201 1362 sine
1244 1326 1404 1366 carne
1430 1312 1543 1369 fere
1585 1331 1707 1384 per-

150 1392 436 1459 licientem,
471 1399 562 1466 qui
595 1413 689 1466 per
710 1400 977 1469 jejunium
1002 1413 1055 1457 et
1079 1407 1450 1461 austeritatem
1484 1424 1703 1467 carnem

147 1483 398 1552 castiget,
443 1496 497 1541 et
536 1488 665 1542 vitia
706 1492 1034 1546 mortilicet:
1080 1502 1135 1547 et
1183 1497 1550 1551 assimilantur
1592 1502 1699 1567 isti,

146 1578 377 1641 egressis
402 1577 469 1632 de
509 1579 762 1644 Sodoma,
794 1591 849 1637 et
875 1585 943 1639 ab
972 1587 1163 1655 angelo
1206 1590 1444 1644 directis.
1481 1591 1702 1648 Macella

148 1677 410 1719 assuetum
457 1685 638 1723 canent
665 1686 685 1725 :
725 1688 911 1728 canem
953 1658 1116 1744 dicit,
1167 1690 1400 1734 mentem
1450 1683 1698 1738 vitiosam

147 1768 363 1826 propter
387 1752 813 1830 permanentiam
847 1766 902 1820 in
927 1769 1339 1837 cogitationibus
1373 1776 1507 1842 gulae
1532 1786 1583 1829 et
1615 1777 1697 1829 Iu-

1813 687 2188 740 argumentum
2215 690 2340 729 vero
2382 677 2447 730 de
2478 682 2929 747 consequentibus
2958 691 3225 736 naturam.
3274 683 3376 737 Per

1811 763 1975 815 aliam
2004 775 2213 832 portam
2241 782 2258 819 :
2288 766 2468 835 Dicit,
2520 770 2740 838 quinam
2774 786 3053 838 sensuum,
3092 788 3185 842 per
3235 766 3374 842 quos

1810 869 1966 911 mens
1995 858 2113 912 sine
2147 858 2337 915 timore
2362 862 2585 931 degens,
2623 877 2717 930 per
2758 863 3078 918 oblivionem
3112 875 3165 919 et
3204 867 3375 936 negli-

1809 948 2068 1016 gentiam,
2116 958 2171 1004 et
2206 950 2405 1027 diaboli
2458 952 2689 1009 insidias
2719 956 3038 1024 captivatur,
3075 957 3237 1021 unde,
3279 973 3374 1026 per

1808 1039 2035 1107 gratiam
2060 1041 2240 1096 denuo
2264 1058 2458 1098 sensus
2484 1045 2833 1111 mortiﬁcans,
2858 1046 2924 1100 ab
2945 1048 3372 1126 insensibilitatis

1807 1145 1924 1184 sua:
1952 1145 2170 1186 carcere
2194 1133 2420 1189 liberata
2456 1136 2711 1206 resurgit.
2746 1135 2850 1201 Qui
2889 1153 2953 1189 ea:
2979 1137 3162 1189 timore
3183 1153 3201 1189 :
3226 1135 3372 1202 Quo-

1807 1221 1952 1274 niam
2005 1222 2382 1280 intellectualis
2424 1226 2639 1281 timoris
2699 1228 2939 1296 operatio
2996 1227 3191 1297 duplex
3248 1237 3391 1293 est,‘

1806 1311 1927 1367 ideo
1974 1314 2170 1369 dicitur
2218 1317 2384 1371 timor
2411 1317 2606 1387 duplex
2655 1336 2669 1372 :
2708 1319 2915 1374 scilicet
2957 1320 3275 1388 purgativus
3317 1330 3371 1374 et

1803 1404 2147 1472 perfectivus.
2174 1406 2271 1462 Hie
2293 1424 2442 1474 vero,
2469 1409 2535 1463 de
2553 1412 2855 1480 purg‘ativo,
2892 1409 3050 1465 Pater
3077 1411 3174 1464 iste
3196 1412 3371 1478 loqui-

1805 1504 1914 1558 tur,
1964 1498 2121 1568 cujus
2156 1501 2469 1568 operatione
2519 1504 2958 1572 compungimur,
2994 1512 3047 1557 et
3082 1504 3146 1557 ad
3184 1504 3366 1557 odium

1803 1589 2048 1644 onmium
2093 1592 2389 1647 visibilium
2427 1601 2481 1646 et
2518 1594 3042 1662 concupiscibilium,
3086 1604 3138 1650 et
3167 1598 3366 1665 proprii

1800 1681 2080 1749 corporis,
2131 1689 2187 1734 et
2225 1683 2455 1749 propriae
2499 1681 2793 1736 voluntatis
2842 1684 3161 1749 incitamur,
3202 1695 3255 1737 et
3302 1686 3366 1737 ad
3460 1734 3465 1737 χ

1800 1771 2067 1839 agendum
2108 1773 2517 1840 penitentiam,
2561 1783 2614 1826 et
2646 1773 2904 1826 mundum
2955 1775 3364 1843 relinquendum

149 1850 314 1903 xurim
341 1866 373 1904 a
404 1855 711 1924 metaphora
744 1858 895 1914 canis
933 1875 1053 1928 qua:
1085 1874 1324 1917 moratur
1350 1867 1403 1919 in
1439 1869 1697 1935 macellis,
1732 1907 1775 1961 Β
1807 1864 2140 1937 animamur.
2166 1871 2220 1918 ει
2251 1864 2635 1926 εοΙίίοὶῑυιΙίηο.
2664 1875 2717 1918 Cl
2740 1866 2920 1919 81υάίο
2950 1864 3253 1933 implentur.
3298 1867 3365 1919 θίί

146 1941 268 2008 quia
290 1943 434 1998 sicut
460 1944 548 1998 illa
575 1955 874 2003 stercorosa
901 1952 1217 2009 animalium
1263 1957 1517 2023 intestina
1559 1976 1701 2015 com-

144 2032 306 2089 edens
337 2050 442 2090 non
490 2038 712 2107 recedit,
750 2041 821 2094 ita
853 2058 1006 2098 mens
1054 2047 1239 2115 gulosa
1286 2058 1340 2103 et
1384 2048 1697 2118 fornicaria,

145 2142 247 2180 non
278 2137 456 2197 potest
491 2132 561 2185 ab
605 2132 690 2188 his
721 2134 867 2191 vitiis
898 2141 1223 2195 stercorosis
1270 2144 1546 2199 abstinere
1594 2147 1698 2200 nisi

144 2218 331 2288 (gratia
362 2221 455 2276 Dei
482 2224 773 2296 prmventa)
796 2228 849 2280 in
879 2228 1208 2298 fatigatione,
1240 2233 1459 2304 vigiliis,
1493 2237 1703 2303 labore,

141 2310 328 2366 dolore
366 2323 423 2367 et
466 2313 612 2369 luctu
670 2315 1069 2387 indesinenter,
1117 2323 1347 2393 seipsam
1395 2328 1699 2384 exercitatis

142 2402 420 2458 violenter.
451 2403 584 2459 Nam
613 2404 753 2461 sicut
772 2421 1063 2465 amatorem
1085 2414 1292 2468 macelli
1327 2416 1521 2485 primo,
1546 2430 1696 2487 post-

140 2506 201 2545 ea
245 2503 543 2550 amatorem
593 2512 839 2553 escarum
875 2502 1025 2568 ponit
1055 2521 1069 2557 :
1102 2502 1175 2557 ita
1198 2506 1477 2578 subjungit
1502 2510 1696 2578 prium,

140 2595 435 2667 amatorem
456 2589 738 2654 castitatis,
759 2600 812 2645 et
838 2602 1041 2661 postea,
1075 2606 1371 2652 amatorem
1402 2600 1697 2667 cujuscun-

140 2690 243 2743 que
269 2660 617 2734 visitationis.
651 2680 991 2738 Manifestum
1011 2696 1093 2741 est
1115 2688 1281 2754 enim,
1310 2693 1563 2759 quoniam
1587 2693 1697 2747 for-

140 2768 339 2824 nicatio
357 2771 649 2840 opponitur
680 2774 933 2841 castitati,
968 2776 1110 2831 sicut
1144 2780 1314 2833 amori
1350 2781 1691 2847 visitationis,

138 2875 290 2916 amor
353 2877 623 2917 escarum.
676 2861 896 2932 Oportet
956 2867 1121 2937 igitur
1164 2879 1395 2925 mentem
1442 2875 1694 2929 amabilia

139 2952 244 3006 Deo
275 2954 561 3023 inspicere,
586 2964 639 3010 et
686 2956 976 3025 diligibilia.
1011 2959 1207 3015 animae
1247 2964 1543 3018 secundum
1572 2983 1692 3020 car-

137 3058 279 3110 nem,
307 3046 574 3113 abnegare
598 3064 611 3100 :
635 3056 688 3103 et
717 3047 811 3112 ita,
850 3049 1289 3107 deliberationem
1320 3057 1526 3110 arbitrii
1553 3074 1692 3127 pun-

136 3151 258 3203 gere
290 3139 356 3191 ad
386 3139 809 3209 assumptionem
833 3143 1215 3213 eastigantium
1244 3162 1483 3214 carnem,
1523 3163 1572 3205 et
1600 3168 1694 3220 per

1803 1956 2147 2009 serviendum
2179 1954 2409 2009 Domino
2440 1954 2559 2009 sine
2609 1956 2933 2026 negligentia
2978 1957 3064 2010 die
3093 1972 3157 2012 ac
3188 1966 3363 2011 nocte.

1801 2047 2088 2103 Perfectivi
2116 2063 2246 2102 vero
2292 2057 2375 2102 est
2410 2048 2790 2113 scicntiﬁcare,
2830 2048 3106 2103 viviﬁcare
3155 2059 3210 2103 et
3242 2050 3365 2102 illuc

1801 2138 2009 2193 minare
2032 2139 2287 2202 animam,
2318 2146 2372 2192 et
2393 2139 2689 2201 memoriam,
2726 2138 2894 2192 Deum
2929 2138 3210 2193 ostendere
3232 2146 3367 2206 pra:—

1800 2240 2033 2295 sentem,
2062 2239 2116 2286 et
2138 2230 2522 2300 intelligentiae,
2548 2229 2641 2283 Dei
2658 2229 2937 2284 veritatem
2962 2238 3018 2283 et
3044 2230 3364 2298 sapientiam
3429 2234 3434 2239 ’

1799 2321 2059 2383 revelare,
2087 2330 2141 2375 et
2168 2336 2389 2377 sensum
2422 2321 2641 2386 habere,
2670 2328 2731 2374 ut
2773 2321 3118 2390 experiamur
3146 2330 3201 2375 et
3228 2322 3367 2375 scia-

1798 2429 1922 2469 mus
1968 2414 2242 2483 quomodo
2294 2413 2348 2468 in
2381 2415 2503 2483 ipso
2557 2428 2769 2479 sumus,
2803 2428 3118 2479 movemur,
3156 2422 3211 2467 et
3232 2415 3367 2467 vivi-

1797 2522 1921 2561 mus
1951 2506 2017 2558 ἐ
2063 2505 2166 2572 Qui
2209 2506 2400 2559 timore
2456 2506 2739 2575 purgativo
2776 2505 2974 2574 agitur,
3025 2514 3367 2574 comparatur

1800 2600 1897 2667 (ait
1926 2598 2109 2665 Pater)
2151 2598 2529 2669 Thymiamati,
2574 2598 2701 2667 quia
2736 2612 2801 2651 ex
2848 2597 3026 2652 studio
3074 2599 3365 2667 spiritualis

1796 2689 2223 2743 conversationis
2267 2688 2615 2742 vehementer
2639 2688 2847 2757 incipit,
2875 2695 2929 2740 et
2972 2702 3068 2756 per
3116 2689 3363 2757 tepidita-

1796 2790 1901 2835 tem
1932 2780 1983 2833 in
2013 2794 2287 2833 summum
2314 2778 2654 2848 negligentiae
2698 2778 2916 2833 desinit.
2950 2778 3091 2831 Mala
3126 2781 3364 2833 asinaria

1795 2873 2027 2942 profecto
2054 2884 2172 2925 est:
2207 2870 2311 2936 Qui
2336 2880 2517 2924 autem
2547 2886 2643 2939 per
2679 2886 2856 2940 spem,
2887 2872 3187 2925 mercedem
3223 2886 3365 2937 qua:-

1748 2994 1767 3015 ιτ
1797 2963 1886 3028 rit,
1923 2970 2273 3031 comparatur
2319 2962 2629 3016 molendino
2655 2962 2912 3026 asinario,
2942 2976 3154 3030 semper
3192 2957 3360 3027 moto,

1794 3065 1848 3109 et
1886 3070 1984 3125 per
2038 3056 2363 3110 delationem
2402 3064 2671 3124 quaestum
2723 3053 2970 3118 faciente,
3006 3062 3060 3106 et
3098 3051 3359 3106 tributum

1794 3155 2152 3216 aggregante,
2209 3144 2563 3213 subjectionis
2608 3144 2903 3212 pretiosum
2952 3148 3008 3194 et
3060 3141 3361 3193 venerabile

135 3243 374 3282 amorem
428 3230 707 3298 virtutum,
752 3232 1062 3290 aﬁ'ectioues
1098 3236 1318 3292 vitiosas
1364 3240 1538 3307 gladio
1575 3243 1685 3310 spi-
1716 3222 1760 3278 (ἶ
1793 3251 1950 3303 opus.
2006 3235 2111 3300 Qui
2137 3250 2254 3289 vero
2283 3248 2347 3286 ex
2375 3234 2637 3285 clraritate
2658 3232 2857 3295 divina,
2898 3231 2943 3285 si
2976 3231 3029 3284 itt
3061 3245 3191 3300 agro
3213 3231 3362 3283 inve-

134 3320 271 3375 ritus
294 3337 506 3376 necare.
543 3323 747 3377 Durum
779 3335 827 3378 et
856 3328 1103 3389 arduum,
1136 3329 1225 3381 sed
1250 3330 1354 3383 leve
1378 3342 1635 3384 certamen
1667 3350 1684 3385 :

133 3428 345 3481 agonem
384 3414 533 3477 dicit,
564 3424 778 3486 propter
795 3419 1195 3489 castigationem
1219 3423 1396 3477 carnis
1420 3440 1433 3488 ;
1459 3423 1683 3489 Durum,

135 3514 350 3573 propter
386 3507 687 3561 custodiam
727 3524 985 3563 sensuum
1019 3522 1255 3589 arctam;
1289 3524 1508 3582 propter
1548 3517 1687 3569 anti-

132 3610 360 3663 quorum
413 3613 623 3651 morum
661 3615 948 3670 pravorum
1000 3600 1417 3677 depositionem.
1458 3606 1683 3674 Durum,

122 3697 350 3757 propter
384 3691 855 3762 mortiﬁcationem
885 3695 1117 3763 propria:
1149 3696 1478 3765 voluntatis;
1505 3700 1683 3760 levem,

133 3787 350 3845 propter
370 3778 747 3843 conﬁdentiam
790 3782 843 3835 in
870 3768 1057 3847 Deum,
1091 3793 1144 3838 et
1172 3784 1371 3839 donum
1403 3789 1608 3856 gratiae,
1633 3800 1698 3847 et.

132 3866 433 3934 profectum
459 3871 742 3941 virtutum,
776 3881 832 3927 et
863 3874 1309 3942 impassibilitatis
1339 3881 1681 3933 munditiam.

132 3956 283 4021 Quod
314 3960 371 4013 in
411 3961 576 4029 ignem
604 3963 805 4015 insilire
830 3978 850 4016 :
878 3965 1054 4034 ignem
1100 3966 1332 4035 intelligo
1364 3970 1685 4025 tentationcs

133 4048 354 4113 diaboli,
401 4050 585 4104 mundi
619 4061 673 4105 et
690 4053 892 4107 carnis.
925 4053 1058 4107 Cum
1094 4057 1539 4112 amaritudinibus
1568 4061 1681 4131 (4):

129 4140 446 4195 exercitium
514 4140 844 4195 laboriosum
888 4151 943 4197 et
989 4158 1235 4197 amarum
1317 4148 1681 4215 continentiae,

128 4239 183 4286 et
213 4220 643 4288 mortiﬁcationis
673 4235 875 4300 carnis,
914 4242 969 4289 et
996 4237 1292 4292 voluntatis
1324 4243 1589 4309 propriae;
1623 4250 1680 4296 tu

130 4338 256 4379 vero
281 4324 515 4395 adjunge
563 4312 776 4395 panem,
816 4326 1180 4398 fatigationem
1222 4331 1274 4384 in
1311 4348 1432 4386 vera
1464 4334 1684 4390 Immiti—

131 4423 259 4480 ωε,
292 4425 351 4469 et
390 4417 929 4483 abrenuntiationem,
974 4429 1027 4475 et
1069 4424 1264 4477 luctam
1306 4436 1493 4480 contra
1529 4436 1685 4481 natu-

132 4522 245 4561 ram
273 4517 330 4563 et
350 4508 646 4567 invisibiles
688 4512 999 4580 potestates.
1036 4512 1113 4568 ει
1128 4532 1229 4569 non
1267 4520 1435 4571 omnis
1473 4522 1561 4588 qui
1590 4521 1684 4573 ba-

130 4600 320 4666 ptisma
350 4603 681 4669 consequitur
717 4604 994 4669 solvatur;
1026 4606 1119 4660 sed
1152 4607 1353 4663 faciens
1385 4620 1437 4664 et
1468 4626 1688 4667 servans

131 4689 407 4755 mandata,
435 4705 608 4759 neque
623 4692 799 4747 omnis
824 4695 915 4761 qui
944 4696 1212 4758 tondetur,
1239 4699 1332 4752 sed
1377 4702 1687 4758 custodiens

132 4781 413 4836 monachis
468 4784 863 4838 convenientia.
920 4785 1094 4841 Silebo
1136 4790 1335 4855 reliqua
1386 4807 1405 4843 :
1457 4793 1687 4848 subaudi

133 4890 231 4926 non
264 4882 527 4927 servantes
564 4889 712 4936 vero,
745 4877 993 4945 graviora
1042 4894 1298 4947 passuros
1328 4899 1340 4934 :
1387 4884 1514 4950 quia
1541 4885 1691 4939 dam-

133 4969 278 5045 natio
306 4969 506 5027 futnra.
534 4971 869 5025 amarissima
893 4986 915 5036 ,'
951 4980 1005 5025 et
1028 4973 1094 5026 ad
1140 4990 1376 5043 prmsens
1396 5020 1409 5041 ,
1461 4979 1702 5045 privatio.

132 5063 342 5130 gratim,
374 5063 586 5117 caecitas
616 5063 832 5126 mentis,
864 5064 1102 5119 carentia
1138 5065 1359 5125 doloris,
1399 5070 1577 5123 cordis
1608 5072 1691 5125 in-

133 5154 477 5217 sensibilitas,
506 5164 562 5209 et
586 5156 749 5225 impia
775 5156 1017 5211 avaritiae
1062 5156 1382 5222 idololatria,
1406 5169 1459 5212 ct
1480 5149 1689 5225 passio-

134 5259 262 5297 num
283 5246 593 5313 ignominia
617 5263 819 5303 carcer.
847 5248 964 5301 Non
982 5251 1257 5303 obscurum
1283 5262 1647 5318 argumentum
1668 5272 1686 5308 :

136 5332 532 5402 Argumentum
562 5346 666 5401 est,
689 5341 829 5409 qttod
854 5354 1063 5409 semper
1089 5340 1335 5393 similiter
1350 5356 1407 5394 se
1429 5341 1611 5406 habet,
1633 5354 1691 5399 ut

137 5424 321 5481 funus
342 5436 391 5481 et
411 5428 548 5484 cinis
563 5428 630 5484 de
648 5429 771 5501 igne
790 5448 806 5497 ;
827 5431 1037 5502 signum
1062 5446 1207 5495 vero,
1234 5432 1558 5501 quandoque
1589 5435 1690 5501 sic,

137 5516 467 5588 quandoque
487 5520 840 5591 aliter,,sicuti
856 5523 1134 5592 percussio
1150 5532 1233 5577 est
1247 5522 1459 5592 signum
1476 5539 1689 5596 pugnae.

207 5694 367 5747 Ἀρι.
397 5710 525 5759 xvn,
545 5694 634 5749 28.
708 5698 730 5729 ³
758 5694 899 5752 Psal.
933 5713 1116 5765 xxsxt,
1153 5698 1209 5753 3.

215 5848 293 5921 lt)
319 5847 484 5907 Vetus
507 5850 790 5923 interpres,
817 5870 933 5909 cum
973 5856 1192 5912 lactucis
1216 5855 1528 5926 agrestibus.

1716 4557 1769 4616 D

1754 4695 2091 4765 .ambulant,
2148 4700 2276 4748 sunt
2322 4692 2415 4760 qui
2445 4691 2564 4745 sine
2614 4698 2828 4743 tumore
2870 4689 3141 4755 elationis,
3169 4690 3359 4760 jngum

1795 3327 1935 3379 nerit
1967 3326 2259 3380 sollicitum
2289 3333 2452 3392 atque
2489 3322 2765 3385 festinum,
2797 3336 2893 3391 per
2918 3322 3093 3391 ignem
3126 3323 3361 3374 Charita-

1793 3418 1862 3471 tis
1897 3430 2191 3472 succensus
2218 3430 2246 3467 a
2287 3413 2711 3484 promptitudine
2741 3426 2847 3465 non
2884 3412 3233 3475 relaxabitur,
3264 3415 3361 3467 do-

1793 3526 1890 3564 nec
1917 3510 2200 3578 pertingat,
2224 3507 2518 3561 secundum
2544 3506 2808 3558 dicentem
2844 3523 2857 3557 :
2889 3503 3111 3569 Quando
3134 3508 3357 3568 veniam,

1790 3612 1837 3655 et
1886 3599 2142 3670 apparebo
2199 3605 2318 3650 ante
2366 3597 2555 3665 {aciem
2608 3596 2817 3648 Domini
2849 3596 2890 3646 ⁸.
2925 3594 3058 3650 Sunt
3120 3597 3360 3650 nonnulli

1791 3695 1880 3763 qui
1913 3708 2074 3761 supra
2112 3690 2313 3759 lapides
2341 3690 2440 3758 (5).
2475 3686 2611 3741 llinc
2635 3689 2701 3741 de
2732 3687 3238 3741 abrenuntiantibus
3278 3691 3361 3741 di-

1791 3786 1865 3840 cit
1902 3793 2145 3847 sanctus,
2184 3782 2439 3851 quoniam
2471 3788 2598 3834 sunt
2625 3777 2865 3849 quidam,
2918 3792 3080 3845 supra
3127 3776 3366 3845 petram,‘

1791 3877 1986 3930 lateres
2013 3874 2360 3936 aediﬁcantes,
2390 3882 2443 3925 et
2468 3871 2521 3923 hi
2554 3878 2681 3924 sunt
2718 3869 2810 3936 qui
2846 3882 3162 3937 magnarum
3192 3868 3360 3921 virtu-

1793 3976 1905 4019 tum
1941 3966 1994 4019 in
2021 3964 2302 4033 prommiis
2328 3960 2740 4015 aediﬁcationem
2770 3959 2889 4013 sine
2918 3958 3256 4026 subjectione
3284 3958 3360 4011 fa-

1789 4057 1962 4120 ciunt,
2000 4054 2057 4109 et
2105 4054 2253 4123 (quia
2290 4052 2646 4107 certaminum
2678 4050 2987 4114 humilium,
3020 4058 3075 4103 et
3101 4050 3358 4103 obedien-

1792 4147 1878 4199 tite
1902 4161 2007 4199 non
2036 4144 2235 4199 habent
2263 4141 2671 4213 experientiam)
2706 4152 2764 4196 ut
2788 4139 3026 4211 fragiles.
3061 4142 3358 4202 hnbecillcs

1791 4240 1949 4293 ﬁunt.
2010 4238 2114 4305 Qui
2161 4252 2288 4292 vero
2326 4251 2499 4306 super
2529 4244 2727 4289 terram
2768 4234 3052 4304 columnas
3092 4238 3362 4304 erigentes

1791 4332 1989 4395 locant,
2016 4341 2146 4385 sunt
2170 4330 2261 4400 qui
2294 4329 2459 4382 vitam
2491 4326 3268 4392 anachoreticam,confestim,
3292 4342 3359 4381 ex

1790 4424 2093 4493 prooemiis,
2142 4431 2267 4476 ante
2294 4421 2550 4475 vitiorum
2588 4419 3030 4488 expurgationem
3083 4420 3231 4485 sequi
3260 4433 3359 4469 vo.

1796 4516 1913 4568 lunt
1940 4533 1953 4568 :
1983 4530 2106 4568 nam
2134 4514 2253 4568 sine
2274 4512 2623 4566 fundamento
2645 4509 2996 4577 subjectiouis
3015 4509 3357 4587 exsistentcs,

1794 4605 2122 4672 dejiciuntur
2167 4613 2221 4658 et
2244 4611 2431 4656 ruunt.
2474 4601 2579 4665 Qui
2619 4613 2749 4653 vero
2780 4599 3050 4653 modicum
3087 4600 3359 4668 pedestres

1790 4785 2111 4844 nbedientiae
2140 4791 2382 4846 sumunt,
2408 4790 2462 4837 et
2491 4781 2848 4851 subiectionis
2879 4781 2983 4835 iter
3010 4790 3186 4835 tutum
3234 4797 3357 4835 eum

1793 4877 2093 4934 reverentia
2124 4882 2373 4944 pergunt.
2407 4872 2496 4927 Isti
2530 4874 2786 4941 paulatim
2815 4873 3073 4937 roborati,
3101 4883 3154 4927 et
3179 4861 3359 4927 calore

1796 4970 2028 5039 Spiritus
2087 4966 2321 5032 accensi,
2384 4966 2743 5035 infatigabiles
2803 4972 2859 5019 et
2909 4964 3352 5033 inexpugnabiles

1796 5066 1954 5125 fiunt,
1984 5070 2036 5114 et
2058 5073 2359 5129 pugnarum
2385 5059 2773 5129 experientiam
2810 5056 3089 5139 habentes,
3118 5071 3240 5109 cum
3269 5055 3359 5111 Dei

1770 5154 2066 5225 .adjutorio
2103 5151 2346 5207 celeriter
2390 5148 2669 5207 transeunt
2705 5164 2877 5219 usque
2912 5149 2964 5201 in
3008 5147 3193 5201 ﬁnem.
3239 5149 3359 5203 Non

1797 5250 1907 5301 sine
1952 5245 2129 5299 labore
2182 5256 2231 5297 et
2274 5244 2525 5299 uiolentia
2554 5256 2573 5294 :
2610 5243 2740 5307 quia
2781 5238 3179 5295 consuetudine
3225 5257 3351 5309 prn-

1770 5340 1927 5419 fecta
1990 5338 2043 5390 in
2093 5337 2357 5405 habitum,
2412 5345 2469 5393 et
2516 5338 2569 5390 in
2616 5345 2859 5389 naturam
2900 5347 3035 5399 pene
3080 5348 3362 5398 conversa,

1791 5447 1917 5486 vere
1969 5429 2226 5483 violentia
2291 5440 2375 5485 est
2421 5444 2540 5483 eam
2590 5439 2839 5480 amovere
2882 5432 2938 5478 ct
2979 5432 3357 5479 transmutarc.

1794 5518 1950 5579 Sicut
1978 5522 2123 5578 enim
2172 5523 2327 5577 multi
2366 5520 2621 5590 temporis
2670 5518 2884 5584 vulnus,
2914 5526 2996 5572 cst
3022 5516 3176 5587 quasi
3206 5514 3361 5568 incu-

1874 5855 1948 5925 (ὅ)
1980 5855 2144 5913 Vetus
2173 5858 2437 5925 interpres
2480 5868 2633 5923 super
2660 5861 2880 5922 petram.
