4032 6340
605 410 744 477 1215

1719 413 1781 474 S.
1847 413 2166 476 JOANNIS
2211 413 2723 476 RAITHUENSIS

3705 418 3842 486 1216

607 523 775 578 rabile
827 522 1054 592 factum,
1114 523 1188 578 ita
1238 534 1294 611 et
1359 524 1513 582 multi
1581 526 1842 596 temporis
1901 544 2060 584 usum
2130 531 2255 588 ctA
2285 529 2509 593 SCilIiliS,
2559 545 2654 598 per
2691 529 2950 600 Spiritum
2997 542 3244 588 sanctum
3296 534 3461 592 unitas
3506 535 3576 590 ad
3614 552 3838 594 omnem

608 627 817 672 morem
906 615 1232 685 malignum,
1279 625 1364 672 est
1430 632 1594 688 grave
1645 619 1970 688 relinquere.
2033 619 2170 675 lliuc

608 705 870 760 Dominus
897 705 1048 771 dicit,
1087 707 1344 776 quoniam
1376 706 1606 777 Regnum
1635 708 1882 762 actorum
1922 711 2025 765 vim
2069 727 2169 779 pa-

611 797 793 850 tuur‘.
832 795 954 850 Sine
981 814 1228 853 mai-ore:
1255 807 1474 868 pr0pter
1494 809 1843 870 augmentum
1875 801 1928 856 in
1957 801 2169 856 virtuti-

611 887 735 951 bus,
759 895 813 941 et
841 890 1319 945 commutationem
1348 905 1413 946 ac
1439 891 1812 948 liberationem
1840 908 1869 947 ι
1893 895 2166 963 peccatis;

611 977 691 1028 uel
713 986 850 1032 certe
879 994 996 1030 cum
1027 980 1265 1034 minimo.
1300 979 1566 1036 Modicum
1593 997 1726 1037 vero
1756 984 2019 1037 contrista
2045 998 2170 1052 pro-

611 1077 730 1136 pter
758 1068 1083 1124 desiderium
1132 1069 1499 1139 perfectionis,
1527 1083 1580 1127 et
1609 1072 1856 1128 timorem
1889 1089 2050 1142 quem
2084 1075 2174 1128 ba-

613 1159 824 1225 bemus,
854 1175 924 1215 ne
948 1161 1200 1216 cadentes
1229 1163 1423 1217 iterum
1453 1162 1817 1220 oll‘endamus.
1858 1165 2172 1218 Animarum

613 1259 914 1303 nostrarum
937 1252 1110 1304 vultus
1133 1266 1152 1304 :
1177 1250 1392 1308 Faciem
1420 1255 1615 1309 anima:
1643 1255 1734 1310 hic
1764 1256 1912 1320 dicit,
1946 1256 2174 1310 virtutes

611 1340 751 1408 ejus.
777 1340 986 1394 Etenim
1019 1355 1086 1395 ex
1116 1343 1541 1401 conversationis
1571 1357 1770 1401 nostra:
1807 1345 2089 1415 exemplis,
2123 1356 2178 1401 et

610 1448 678 1487 ex
709 1435 912 1490 nostris
951 1435 1439 1504 immutationibus,
1468 1447 1522 1492 et
1563 1440 1889 1497 animalibus
1926 1441 2174 1496 affectio-

615 1523 796 1588 nibus,
823 1525 1005 1580 vident
1038 1537 1280 1582 nostram
1325 1530 1732 1585 consistentiam
1769 1541 1824 1587 et
1862 1517 2208 1601 dispositio--

613 1631 777 1680 nem,
818 1617 1024 1671 inimici
1075 1618 1254 1672 nostri.
1296 1622 1571 1675 daemones
1604 1621 1699 1690 qui
1723 1637 1830 1676 non
1877 1638 1943 1676 ex
1982 1623 2177 1692 seipsis

614 1717 832 1762 nostras
850 1719 1184 1777 cognoscunt
1202 1710 1615 1767 deliberationes
1641 1722 1693 1766 et
1725 1721 1932 1768 mentes
1961 1732 1976 1767 :
2003 1713 2172 1769 absit!

617 1798 708 1850 sed
740 1799 912 1852 solum
935 1815 1045 1853 suae
1069 1801 1204 1854 artis
1234 1802 1595 1871 malignitates
1620 1804 2076 1872 superseminaut,
2121 1814 2174 1859 et

2272 615 2639 682 operationem
2685 617 2854 670 divini
2905 619 3219 688 bencplaciti
3254 629 3306 676 et
3350 624 3614 686 mandati,
3643 644 3677 678 ιι
3705 625 3840 679 dex-

2272 713 2368 765 tris
2389 723 2439 768 et
2470 713 2725 778 sinistris,
2757 731 2847 781 per
2879 714 3156 782 infamiam
3189 726 3238 768 et
3265 716 3448 770 bonam
3482 719 3710 787 famam.

2743 806 2869 858 CAP.
2906 806 2942 858 ll
2979 805 3246 874 (001.654
3272 806 3358 876 (ι).
3491 797 3494 799 ‘

2361 891 2578 948 Omnem
2605 894 2906 962 Iiujusmodi
2937 897 3204 963 aﬂ’ectum,
3249 898 3383 953 dixit
3417 902 3677 968 quoniam
3729 898 3839 955 (διυ-
3866 957 3880 972 δ

2270 985 2450 1038 ctione
2501 986 2802 1041 aliectiouis
2848 987 3243 1056 (habitudinem
3271 991 3410 1045 dans
3451 991 3558 1046 Deo
3602 993 3731 1061 (7))
3773 993 3836 1062 ad

2269 1092 2411 1139 eam,
2443 1086 2498 1130 et
2541 1078 2858 1138 naturalem,
2888 1088 2942 1132 et
2975 1079 3379 1148 accidentalem,
3409 1091 3462 1137 et
3499 1083 3837 1138 artiﬁcialein

2279 1165 2648 1220 habitudinem
2673 1169 2920 1236 apposuit
2945 1178 2998 1222 et
3017 1170 3254 1224 devovit.
3282 1171 3471 1228 Omnis
3498 1175 3643 1227 enim
3680 1175 3839 1228 habi-

2275 1253 2477 1310 tudinis
2506 1265 2559 1310 et
2591 1257 2889 1314 aﬂectiouis
2918 1261 3205 1328 depositio,
3240 1271 3601 1332 contemptus,
3633 1275 3686 1320 et
3719 1267 3840 1320 vili-

2278 1358 2379 1410 tas,
2408 1356 2462 1400 et
2511 1349 2827 1417 paenitentia
2861 1350 3089 1420 integra,
3121 1362 3175 1406 et
3206 1353 3426 1408 humilis
3455 1357 3741 1423 prudentia
3785 1361 3840 1410 in

2276 1437 2425 1491 exitu
2477 1449 2530 1492 et
2569 1439 2919 1504 resolutione,
2967 1441 3316 1498 beneficentia
3347 1454 3402 1499 et
3438 1447 3693 1501 viaticum
3739 1463 3840 1502 no-

2275 1538 2398 1583 strm
2424 1531 2874 1599 peregrinationis
2896 1532 3182 1588 exsistunt.
3210 1533 3336 1590 Sine
3381 1547 3612 1590 mortuos
3652 1539 3818 1607 sepeli

2277 1636 2330 1672 re
2351 1621 2394 1684 ',
2427 1631 2532 1676 etc.
2565 1621 3028 1686 Quemadmodum
3061 1626 3417 1682 mortilicatur
3448 1631 3651 1682 mundo
3683 1631 3781 1701 qui
3810 1647 3841 1684 a

2277 1712 2703 1781 proprietatibus
2733 1716 2915 1768 mundi
2947 1717 3186 1782 recessit,
3212 1719 3282 1772 ita
3313 1721 3541 1774 moritur
3566 1723 3689 1775 vitae
3721 1739 3843 1791 gra-

2280 1802 2366 1855 tiae
2392 1802 2486 1872 qui
2520 1804 2641 1856 vita:
2667 1805 2852 1872 gratia:
2869 1816 3135 1876 praecepta
3165 1824 3271 1863 non
3296 1809 3427 1865 facit
3455 1831 3468 1866 :
3495 1823 3548 1867 et
3577 1823 3840 1882 tamquam

617 1899 933 1956 exspectant
963 1898 1023 1943 ut
1058 1891 1234 1944 sciant
1260 1907 1381 1946 cum
1406 1893 1554 1962 quali
1580 1893 1859 1948 affectione
1885 1895 2174 1974 recipimus
2204 1873 2246 1927 Β
2275 1901 2493 1960 propter
2516 1895 2812 1947 carentium
2832 1905 3013 1952 motus
3040 1909 3092 1952 et
3108 1899 3462 1967 privationem
3493 1905 3695 1972 operis,
3723 1909 3848 1959 aui-

617 1979 953 2046 probationis
980 1995 1167 2035 eorum
1193 1982 1416 2037 insidias
1449 2001 1462 2037 :
1491 1984 1630 2038 unde
1659 1999 1778 2049 nos,
1807 1995 2025 2053 propter
2074 2002 2175 2040 no-

615 2079 780 2123 stram
814 2071 1189 2140 negligentiam
1223 2083 1277 2128 et
1301 2073 1583 2144 segnitiem
1621 2075 1741 2129 illos
1767 2075 1912 2143 (cum
1959 2091 2066 2130 non
2097 2077 2178 2131 vi-

616 2159 800 2226 deant)
832 2160 1060 2217 facimus
1081 2164 1282 2218 videre.
1305 2164 1590 2218 Abscondit
1621 2164 1876 2220 Dominus
1897 2183 1929 2220 a
1956 2167 2179 2221 uacula-

617 2249 761 2301 ribus
794 2250 954 2303 stadii
991 2253 1344 2320 difﬁcultatem
1373 2254 1450 2324 (6)
1474 2272 1489 2308 :
1515 2254 1678 2310 stadii
1708 2256 2173 2324 importunitatem

616 2340 714 2403 ait,
745 2341 896 2407 juxta
940 2344 1304 2413 acceptionem
1331 2347 1473 2399 male
1508 2346 1947 2416 intelligentium,
1979 2349 2179 2416 quibus

616 2429 865 2483 certatim
896 2430 1082 2500 agonis
1102 2431 1341 2486 studium
1369 2431 1584 2486 videtur
1614 2433 2014 2502 importunitas,
2036 2435 2180 2503 quod

619 2534 743 2574 vere
793 2521 1098 2576 necessaria
1144 2530 1229 2576 est
1271 2523 1646 2591 Opportunitas
1677 2541 1690 2576 :
1720 2531 1898 2578 tamen
1936 2526 2177 2580 eamdem

615 2612 1069 2681 Opportunitatem
1095 2613 1483 2682 (apparentem,
1518 2613 2002 2683 importunitatem":
2047 2616 2177 2670 abs-

614 2701 800 2756 condit
837 2702 974 2758 Deus
1023 2703 1106 2756 his
1155 2704 1248 2773 qui
1301 2712 1430 2758 sunt
1463 2705 1515 2757 iu
1567 2707 1788 2769 mundo,
1826 2705 2082 2774 quoniam
2134 2706 2180 2762 si

622 2795 982 2861 respexissent
1016 2795 1082 2848 ad
1117 2796 1484 2864 importunum
1517 2796 1617 2862 eis,
1657 2813 1761 2852 non
1806 2799 1990 2868 utique
2027 2799 2178 2854 abre-

623 2883 928 2938 nuntiasset
951 2885 1074 2952 quis
1121 2885 1306 2938 talium
1337 2887 1646 2954 aliquando.
1683 2886 1740 2940 Si
1786 2889 1954 2953 enim,
1987 2903 2182 2944 secun-

622 2973 751 3028 dum
777 2973 1088 3042 Apostolum
1116 2991 1128 3026 :
1161 2975 1410 3029 animalis
1434 2975 1586 3028 homo
1617 2991 1719 3029 non
1738 2979 1957 3046 percipit
1979 2994 2039 3031 ea
2068 2994 2183 3046 qua:

623 3074 745 3121 sunt
790 3067 1003 3134 spiritus
1041 3065 1140 3120 Dei
1169 3067 1212 3132 ⁸,
1253 3067 1318 3121 ad
1347 3066 1516 3122 Deum
1555 3084 1682 3122 vero
1716 3068 1871 3138 jungi
1915 3070 2184 3124 charitate

628 3169 684 3212 et
718 3157 1026 3220 dilectione,
1078 3157 1358 3227 spirituale
1406 3158 1829 3227 est:quomodo
1867 3159 2180 3229 (secundum

627 3248 909 3318 mundum)
955 3249 1450 3314 abrenuntiassent,
1497 3249 1658 3305 etiam
1697 3249 2026 3318 abnegantcs
2056 3266 2182 3306 suas

624 3353 946 3393 mammonae
984 3339 1224 3405 divitias,
1251 3349 1305 3395 et
1331 3339 1666 3396 confusionis
1697 3343 2070 3411 proprietates,
2104 3344 2186 3398 ni-

624 3428 671 3481 si
703 3443 794 3496 pcr
828 3430 1204 3498 compendium
1248 3441 1303 3486 et
1348 3427 1862 3488 circumventioucm
1907 3443 2177 3497 sanctam,

623 3531 718 3572 eos
746 3519 989 3572 traheret
1006 3528 1060 3573 et
1095 3521 1350 3574 vocaret?
1391 3520 1604 3575 Etenim
1639 3539 1762 3576 caro
1788 3532 1837 3577 et
1865 3526 2076 3597 sanguis
2102 3542 2184 3578 re-

627 3623 786 3676 gnum
816 3606 911 3661 Dei
955 3625 1054 3661 non
1082 3610 1412 3678 possidebunt
1435 3609 1733 3682 '.-Ignem
1764 3614 1818 3665 in
1848 3615 2084 3667 manibus
2111 3626 2186 3669 te-

627 3709 803 3756 nentes
827 3717 844 3757 :
867 3700 1043 3772 lgnem
1075 3711 1257 3758 tenent
1278 3703 1331 3757 in
1358 3703 1630 3768 manibus,
1658 3711 1718 3758 ut
1746 3719 1839 3773 per
1858 3717 2184 3760 consensum

625 3799 683 3847 et
715 3801 867 3847 actus
898 3793 1144 3858 vitiosos,
1179 3793 1425 3849 carnales
1454 3802 1508 3848 et
1531 3794 1793 3850 animales
1823 3794 2105 3861 inclinent,
2131 3804 2184 3850 et

625 3884 727 3947 sic,
773 3899 873 3939 nos
909 3885 1132 3954 (corpus
1167 3885 1394 3948 scilicet,
1433 3895 1487 3940 et
1527 3885 1791 3956 animum)
1837 3885 2082 3940 ardeant.
2117 3884 2184 3940 In

628 3974 794 4028 tribus
839 3978 1071 4030 maxime
1107 3977 1484 4046 principalibus
1510 3993 1530 4031 :
1559 3977 1882 4033 auctoritate
1927 3992 2086 4032 sacra
2131 3986 2186 4032 et

628 4068 932 4135 evangeliea
964 4068 1014 4140 (a
1045 4069 1219 4124 tribus
1245 4070 1685 4126 distinctionibus
1717 4070 2032 4125 monastica:
2059 4082 2186 4126 cen-

630 4140 992 4228 versationis),
1030 4175 1214 4215 verum
1248 4159 1505 4215 virtutum
1535 4161 1772 4216 medium
1803 4161 2062 4228 declarat,
2089 4177 2183 4217 so-

634 4248 908 4304 tummodo
933 4250 986 4304 iu
1020 4254 1269 4321 perlectis
1307 4254 1597 4308 virtutibus
1623 4268 1763 4322 quas
1792 4253 2055 4308 Mediator
2085 4255 2178 4310 Dei

631 4347 686 4392 et
730 4338 1010 4393 hominum
1035 4341 1279 4399 Christus
1308 4343 1466 4401 Jesus
1501 4344 1687 4398 docuit
1713 4351 1768 4397 et
1796 4343 2039 4411 perfecit,
2068 4360 2186 4399 me-

633 4428 781 4483 dium
814 4429 1030 4485 beatum
1062 4447 1183 4487 esse
1228 4435 1528 4500 insinuans,
1573 4443 1628 4489 et
1666 4433 1720 4488 in
1773 4433 2184 4490 admirationem

2209 3211 2251 3268 C

2279 1984 2385 2037 mal
2408 1991 2680 2038 mortuum
2721 1985 2976 2053 dicimus,
3007 1989 3078 2044 ita
3105 1991 3265 2046 homo
3298 2003 3547 2049 mortuus
3583 1996 3847 2067 intelligi-

2278 2083 2385 2137 tur,
2407 2083 2581 2141 etest,
2602 2084 2656 2130 et
2673 2077 2972 2144 dicitur,ex
2991 2095 3056 2136 eo
3072 2082 3215 2149 quod
3233 2084 3611 2139 mandatorum
3633 2086 3843 2143 Christi

2278 2166 2662 2236 perfectionem
2682 2173 2892 2239 operari
2910 2181 2965 2227 et
2992 2174 3190 2230 imitari
3209 2191 3316 2229 non
3333 2179 3466 2239 vult.
3496 2166 3550 2233 et
3564 2180 3848 2236 adhaerere

2277 2258 2403 2312 vita:
2425 2267 2641 2313 mterme
2667 2276 2789 2328 qua:
2819 2263 2871 2314 in
2906 2265 3162 2318 mandato
3191 2266 3289 2334 ipsi
3320 2278 3422 2332 est,
3453 2283 3550 2336 per
3588 2272 3849 2326 volunta-

2278 2348 2414 2402 riam
2441 2351 2620 2403 carnis
2663 2351 3102 2420 abnegationem,
3131 2356 3327 2411 renuit.
3376 2357 3752 2416 Adulterium»
3797 2372 3848 2418 et

2279 2433 2456 2502 ﬁctam
2487 2434 2586 2504 (8.)
2630 2435 3000 2492 Adulterinam
3057 2440 3206 2505 dicit,
3258 2445 3599 2500 saecularium
3643 2448 3845 2505 bonam

2282 2525 2771 2592 conversationem,
2803 2540 3026 2598 promer
3075 2531 3258 2587 laudes
3289 2545 3344 2588 et
3373 2551 3564 2592 vanam
3587 2540 3844 2610 gloriam,

2281 2627 2335 2671 et
2364 2628 2582 2688 propter
2616 2637 2772 2675 usum
2824 2624 3054 2692 propriae
3087 2625 3400 2695 voluntatis,
3452 2640 3508 2685 et
3539 2648 3846 2690 conversa-

2281 2709 2477 2763 tionem
2500 2713 2883 2768 tumultuosam
2907 2715 2960 2774 in
2985 2717 3131 2772 curis
3155 2717 3293 2783 vitae,
3326 2730 3379 2774 et
3400 2737 3580 2776 rerum
3602 2727 3850 2796 proprie-

2283 2809 2444 2854 tatem
2470 2819 2482 2854 :
2503 2803 2757 2870 quoniam
2791 2819 2852 2860 ea
2883 2821 3003 2873 quae
3024 2804 3243 2862 Patrum
3265 2812 3494 2866 consilio
3517 2824 3573 2869 et
3595 2817 3858 2872 obediea-

2285 2892 2353 2942 tia
2384 2891 2538 2957 ﬁunt,
2571 2902 2626 2946 et
2661 2910 2720 2947 ea
2746 2910 2866 2964 quae
2886 2910 3074 2950 eorum
3104 2900 3506 2958 examinatione
3543 2908 3852 2973 probantur

2283 2991 2338 3034 et
2364 2982 2667 3048 firmantur,
2701 2995 2847 3039 recta
2873 2997 3000 3041 sunt
3034 2997 3089 3042 et
3131 2992 3424 3057 manentia,
3455 3004 3508 3048 et
3537 2995 3649 3051 Deo
3680 2999 3849 3054 bene-

2286 3071 2499 3138 placita,
2527 3073 2658 3141 quia
2690 3073 2820 3128 fiunt
2862 3078 3158 3132 secundum
3189 3080 3517 3138 voluntatem
3556 3087 3728 3154 illius,
3758 3093 3848 3160 qui

2285 3162 2416 3216 dicit
2449 3179 2462 3215 :
2497 3160 2564 3214 Et
2604 3181 2636 3216 a
2687 3167 2882 3236 meipso
2908 3167 3047 3236 facio
3087 3172 3219 3228 nihil
3249 3172 3291 3230 ⁸.
3322 3173 3454 3239 Eam
3485 3180 3629 3248 quod
3676 3181 3756 3237 ita
3795 3187 3854 3238 tit

2287 3253 2428 3324 (cum
2464 3253 2758 3322 perfectum
2779 3273 2896 3314 esse
2925 3261 3160 3333 habeat),
3189 3265 3259 3318 ab
3298 3269 3443 3322 omni
3469 3270 3709 3327 vanitate
3735 3289 3852 3330 ser-

2283 3355 2444 3398 vatur
2472 3345 2718 3403 illmsum.
2753 3347 3019 3405 Plurimos
3052 3354 3108 3407 iu
3147 3358 3339 3411 swculo
3367 3362 3566 3428 aspexi,
3597 3374 3705 3418 etc.
3739 3363 3854 3421 Hoc

2285 3435 2344 3489 lit
2373 3436 2670 3492 secundum
2706 3439 3028 3497 industriam
3077 3445 3186 3498 doli
3227 3456 3281 3501 et
3318 3447 3526 3506 fraudis
3571 3453 3855 3511 illudentis

2285 3523 2511 3591 inimici,
2539 3532 3023 3612 quoniamdetenti
3059 3535 3113 3588 in
3149 3536 3267 3592 ~vita
3295 3541 3563 3607 saeculari,
3604 3559 3733 3612 qua:
3764 3557 3851 3603 est

2284 3615 2470 3669 multis
2496 3618 2730 3684 peccatis
2773 3629 2826 3674 et
2861 3609 3183 3682 tumultibus
3226 3628 3405 3698 plena,
3455 3633 3510 3688 in
3546 3609 3658 3705 qua
3710 3648 3857 3696 recte

2283 3717 2405 3760 esse
2430 3715 2484 3760 et
2515 3707 2651 3762 bene
2682 3711 2860 3766 vivere
2892 3713 3235 3786 videbantur,
3262 3728 3318 3774 et
3343 3725 3644 3780 secundum
3682 3743 3856 3800 appa-

2285 3797 2513 3850 rentiam
2541 3799 2800 3866 prolicere
2823 3803 2876 3858 in
2899 3805 3206 3873 virtutibus,
3236 3810 3531 3883 illaqueati,
3559 3797 3736 3874 ruunt
3761 3797 3857 3876 ini-

2284 3888 2584 3943 serabiliter
2608 3893 2894 3950 sordidati.
2932 3895 3206 3970 Contingit
3243 3887 3404 3976 etiam
3437 3905 3540 3963 hoc
3571 3909 3655 3965 eis
3679 3913 3857 3983 negli-

2284 3979 2481 4047 gentia,
2516 3980 2886 4053 irreverentia,
2913 3986 3318 4059 ingratitudine,
3343 4004 3400 4052 et
3423 3998 3684 4064 elatione,
3709 3979 3856 4059 et'ex

2284 4071 2579 4127 correctiva
2607 4077 2987 4146 permissione,
3013 4089 3068 4136 et
3093 4096 3156 4138 ex
3182 4087 3415 4155 eoquod
3449 4101 3730 4158 pastorem
3759 4095 3856 4151 de-

2285 4169 2406 4215 vote
2460 4179 2568 4218 uon
2614 4167 2865 4236 audiunt,
2926 4171 3018 4226 sed
3065 4174 3403 4246 relinquunt.
3443 4179 3860 4242 [inmunditiam

2281 4251 2466 4306 δωρειιὶ
2489 4269 2508 4307 :
2547 4255 3022 4327 Concupiscentias
3061 4273 3114 4325 et
3143 4267 3533 4327 delectationes
3583 4277 3777 4331 carnis
3803 4287 3858 4332 et

2285 4346 2492 4419 mundi,
2512 4357 2822 4430 etamorem
2853 4355 3207 4411 materialium
3230 4367 3284 4412 et
3309 4376 3549 4418 amorem
3579 4363 3862 4424 honorum

2283 4442 2337 4486 et
2369 4437 2573 4505 gloriae,
2626 4440 2885 4513 intellige.
2926 4445 3043 4501 Non
3087 4448 3232 4502 enim
3272 4453 3434 4508 homo
3476 4455 3740 4513 conditus
3774 4467 3858 4514 est

633 4522 908 4586 desinens,
938 4522 1137 4590 ubique
1165 4539 1290 4578 vero
1327 4541 1359 4580 a
1406 4527 1667 4580 virtutum
1699 4525 1912 4589 medio,
1961 4526 2183 4581 vitiosos
2212 4531 2255 4585 D
2285 4523 2614 4591 immundus.
2635 4531 2720 4584 vel
2750 4543 2945 4589 natura
2971 4552 3175 4603 rerum.
3203 4541 3285 4594 vel
3311 4544 3537 4600 maleria
3574 4549 3854 4605 exsistet!-

637 4611 906 4672 recedere,
938 4619 992 4665 ot
1013 4611 1116 4666 sibi
1146 4614 1305 4667 noxia
1338 4631 1576 4684 qumrcre
1603 4614 1753 4679 dicit,
1779 4616 1905 4684 quia
1940 4615 2056 4670 sine
2086 4631 2185 4684 pu-

636 4716 741 4772 gna
757 4710 811 4758 et
839 4701 958 4756 sine
985 4701 1186 4765 labore,
1219 4701 1335 4756 sine
1363 4704 1556 4773 vigiliis
1576 4716 1630 4760 et
1650 4705 1768 4761 sine
1789 4705 2048 4760 exercitio
2071 4705 2184 4774 spi-

639 4793 839 4853 rituali,
871 4806 993 4846 cum
1025 4805 1209 4845 amore
1242 4791 1327 4846 sui
1349 4792 1607 4861 ipsorum,
1630 4796 1847 4852 Christo
1890 4797 2094 4851 servire
2125 4812 2185 4850 se

638 4881 917 4935 simulant.
950 4877 1101 4933 Unde
1120 4892 1228 4933 non
1257 4888 1386 4933 sunt
1413 4880 1466 4934 hi
1499 4883 1629 4938 tales
1655 4885 1708 4938 in
1735 4885 1954 4940 nomine
1983 4884 2198 4940 Christi.

639 4970 970 5040 ceiigregati,
1014 4969 1142 5038 quia
1169 4968 1495 5024 voluntatem
1521 4980 1574 5025 et
1603 4973 1948 5030 intentionem
1979 4976 2180 5032 Christi

640 5065 1015 5130 congregantis
1045 5063 1313 5130 ignorant.
1349 5057 1448 5112 Ubi
1490 5076 1606 5114 vero
1628 5073 1747 5117 sunt
1770 5066 1874 5119 duo
1899 5066 1975 5120 uel
2003 5076 2106 5120 tres
2136 5069 2178 5132 ⁷,

640 5162 746 5208 etc.
773 5153 889 5208 Duo
915 5157 997 5210 vel
1027 5167 1138 5210 tres
1157 5152 1464 5225 congregati
1491 5154 1544 5208 in
1573 5158 1786 5214 nomine
1811 5160 2031 5222 Christi.
2058 5163 2192 5217 acti-

640 5243 695 5298 vi
725 5249 781 5297 et
825 5243 1219 5313 contemplativi
1253 5253 1309 5298 et
1354 5252 1598 5315 regentes
1640 5257 1694 5301 et
1742 5264 1936 5318 corpus
1979 5260 2033 5307 et
2074 5254 2191 5306 ani-

642 5349 807 5411 mam,
853 5348 1027 5398 mens,
1056 5336 1192 5389 ratio
1213 5345 1267 5391 et
1296 5337 1581 5396 voluntas:
1612 5337 1713 5402 vel,
1737 5356 1952 5411 corpus,
1984 5345 2186 5410 anima,

639 5404 696 5479 et
734 5423 964 5494 spiritus
991 5423 1074 5478 vel
1102 5424 1459 5491 rationabilis,
1493 5404 1949 5495 concopiscibilis,
1981 5443 2034 5488 et
2076 5404 2190 5488 ira;

2289 4615 2447 4681 tium,
2482 4618 2574 4671 sed
2597 4621 2724 4688 quia
2747 4623 2907 4690 homo
2936 4631 3198 4684 avertitur
3222 4633 3334 4688 suis
3365 4637 3763 4706 voluntatibus,
3788 4643 3855 4698 ab

2288 4720 2353 4759 eo
2377 4707 2521 4775 quod
2547 4718 2630 4763 est
2651 4714 2977 4769 conveniens
3003 4727 3055 4772 et
3083 4718 3391 4791 honestum,
3424 4741 3680 4796 quarens
3701 4734 3853 4788 dele-

2289 4797 2507 4852 ctabilia
2535 4802 2591 4854 “et
2629 4800 2905 4869 sublimia,
2956 4806 3099 4862 altus
3142 4813 3308 4869 corde
3339 4815 3420 4881 tit,
3451 4827 3679 4888 propter
3707 4825 3852 4892 quod

2290 4887 2603 4946 immundus
2665 4901 2749 4948 est
2799 4895 2940 4964 apud
2995 4895 3187 4954 Deum.
3245 4887 3616 4971 Importunum
3666 4887 3851 4970 cordis

2289 4980 2457 5049 ignem
2485 4997 2502 5035 :
2521 4980 2664 5053 ignis
2687 4983 3030 5054 importunus
3050 4999 3133 5044 est
3152 4992 3331 5047 omnis
3345 4985 3497 5051 arnor
3511 5002 3778 5070 carnalis,
3797 5018 3850 5062 et

2287 5072 2466 5128 omnis
2501 5074 2697 5129 vitiosa
2719 5078 3174 5146 concupiscentia,
3197 5090 3253 5135 et
3294 5083 3602 5144 delectatio.
3641 5093 3853 5165 Oppor-

2251 5180 2258 5184 ·
2287 5171 2451 5220 tunus
2479 5180 2608 5235 ergo
2647 5165 2789 5238 ignis
2813 5176 2918 5230 est,
2973 5184 3128 5224 amor
3159 5171 3256 5228 Dei
3301 5182 3470 5246 atque
3498 5167 3773 5254 cognitio,
3798 5196 3856 5242 et

2287 5251 2520 5322 Spiritus
2558 5256 2735 5312 sancti
2761 5256 3093 5324 iucemlium,
3115 5269 3170 5316 et
3194 5267 3616 5328 communicatio
3644 5289 3662 5329 :
3691 5251 3854 5334 etidi.

2244 5377 2267 5400 ν
2286 5346 2425 5403 citur
2451 5359 2810 5418 opportunus,
2831 5350 2957 5419 quia
2983 5353 3166 5410 omnia
3190 5355 3441 5416 arbitrari
3462 5358 3593 5420 facit
3617 5374 3683 5420 ut
3713 5376 3848 5424 ster.

2284 5451 2412 5494 cora
2442 5449 2659 5516 propter
2691 5441 2862 5503 Deum
2889 5442 2938 5510 ’,
2961 5443 3108 5501 sicut
3153 5445 3493 5518 importunus
3523 5453 3738 5514 dicitur
3757 5458 3850 5529 qui

708 5600 936 5707 ‘D‘lat‘tlt.
958 5601 1172 5696 xt,.‘2l.~
1223 5601 1244 5633 ⁵
1271 5600 1434 5698 lcor.
1471 5618 1532 5667 ll,
1733 5603 1754 5633 °
1776 5603 1794 5654 l
1814 5605 1937 5659 Chr.
1960 5625 2046 5675 xv,
2077 5611 2165 5666 50.
2239 5616 2260 5647 ⁷
2285 5615 2476 5674 Matth.
2516 5635 2636 5687 vm,
2663 5621 2755 5676 22.
2826 5619 2851 5653 ³
2881 5619 3038 5677 Joan.
3060 5634 3174 5688 vm,
3199 5625 3287 5683 38.
3362 5629 3384 5663 ³
3405 5627 3643 5707 Philipp.
3680 5634 3852 5704 111,8.

713 5688 790 5754 (ti)
849 5686 1006 5741 \‘ctus
1036 5686 1322 5754 interpres,
1351 5689 1820 5751 importunitatem.
2185 5731 2189 5736 .

714 5757 790 5824 (7)
822 5755 988 5814 Vetus
1015 5758 1282 5827 interpres
1317 5757 1696 5813 habitudinem
1744 5760 2170 5828 cta/fectionem.

2370 5707 2449 5780 (8)
2473 5706 2640 5764 Vetus
2669 5709 2952 5779 interpres,
2976 5724 3202 5781 segnem.
