  <div class='ocr_page' id='page_1' title='image "/cluster/home/n/w/nwhite01/storage/ocr_20150623/88/pst.000005712946/644.png"; bbox 0 0 4032 6340; ppageno 0'>
   <div class='ocr_carea' id='block_1_1' title="bbox 226 368 363 438">
    <p class='ocr_par' dir='ltr' id='par_1_1' title="bbox 226 368 363 438">
     <span class='ocr_line' id='line_1_1' title="bbox 226 368 363 438; baseline 0.029 -3"><span class='ocrx_word' id='word_1_1' title='bbox 226 368 363 438; x_wconf 75' lang='lat' dir='ltr'><strong>i217</strong></span> 
     </span>
    </p>
   </div>
   <div class='ocr_carea' id='block_1_2' title="bbox 1401 381 2283 453">
    <p class='ocr_par' dir='ltr' id='par_1_2' title="bbox 1401 381 2283 453">
     <span class='ocr_line' id='line_1_2' title="bbox 1401 381 2283 453; baseline 0.014 -12"><span class='ocrx_word' id='word_1_2' title='bbox 1401 381 1718 443; x_wconf 84' lang='lat' dir='ltr'><strong>SCIIOLIA</strong></span> <span class='ocrx_word' id='word_1_3' title='bbox 1747 384 1830 446; x_wconf 89' lang='lat' dir='ltr'><strong>IN</strong></span> <span class='ocrx_word' id='word_1_4' title='bbox 1869 384 2283 453; x_wconf 81' lang='lat' dir='ltr'><strong>CLIMACUM.</strong></span> 
     </span>
    </p>
   </div>
   <div class='ocr_carea' id='block_1_3' title="bbox 3317 412 3453 479">
    <p class='ocr_par' dir='ltr' id='par_1_3' title="bbox 3317 412 3453 479">
     <span class='ocr_line' id='line_1_3' title="bbox 3317 412 3453 479; baseline 0.007 -2"><span class='ocrx_word' id='word_1_5' title='bbox 3317 412 3453 479; x_wconf 77' lang='lat'><strong>1218</strong></span> 
     </span>
    </p>
   </div>
   <div class='ocr_carea' id='block_1_4' title="bbox 222 484 3453 581">
    <p class='ocr_par' dir='ltr' id='par_1_4' title="bbox 222 484 3453 581">
     <span class='ocr_line' id='line_1_4' title="bbox 222 484 3453 581; baseline 0.013 -43"><span class='ocrx_word' id='word_1_6' title='bbox 222 484 398 541; x_wconf 59' lang='lat' dir='ltr'><strong>findat</strong></span> <span class='ocrx_word' id='word_1_7' title='bbox 432 494 486 540; x_wconf 89' lang='lat' dir='ltr'><strong>et</strong></span> <span class='ocrx_word' id='word_1_8' title='bbox 514 484 783 555; x_wconf 88' lang='lat' dir='ltr'><strong>inquinat,</strong></span> <span class='ocrx_word' id='word_1_9' title='bbox 822 498 876 543; x_wconf 93' lang='lat' dir='ltr'><strong>et</strong></span> <span class='ocrx_word' id='word_1_10' title='bbox 899 489 1224 545; x_wconf 77' lang='lat' dir='ltr'><strong>exterminat</strong></span> <span class='ocrx_word' id='word_1_11' title='bbox 1250 492 1487 547; x_wconf 87' lang='lat' dir='ltr'><strong>animam</strong></span> <span class='ocrx_word' id='word_1_12' title='bbox 1528 511 1541 546; x_wconf 90' lang='lat'><strong>:</strong></span> <span class='ocrx_word' id='word_1_13' title='bbox 1576 493 1789 568; x_wconf 77' lang='lat' dir='ltr'><strong>Deliciis</strong></span> <span class='ocrx_word' id='word_1_14' title='bbox 1818 511 1863 568; x_wconf 70' lang='grc' dir='ltr'><strong>Α</strong></span> <span class='ocrx_word' id='word_1_15' title='bbox 1892 494 2015 563; x_wconf 88' lang='lat' dir='ltr'><strong>Lot,</strong></span> <span class='ocrx_word' id='word_1_16' title='bbox 2046 500 2141 553; x_wconf 90' lang='lat' dir='ltr'><strong>sed</strong></span> <span class='ocrx_word' id='word_1_17' title='bbox 2176 500 2355 570; x_wconf 83' lang='lat' dir='ltr'><strong>ipsum</strong></span> <span class='ocrx_word' id='word_1_18' title='bbox 2385 518 2617 576; x_wconf 89' lang='lat' dir='ltr'><strong>sequens</strong></span> <span class='ocrx_word' id='word_1_19' title='bbox 2646 507 2809 580; x_wconf 77' lang='lat' dir='ltr'><strong>fuge:</strong></span> <span class='ocrx_word' id='word_1_20' title='bbox 2839 526 2994 569; x_wconf 89' lang='lat' dir='ltr'><strong>amor</strong></span> <span class='ocrx_word' id='word_1_21' title='bbox 3034 517 3177 573; x_wconf 89' lang='lat' dir='ltr'><strong>enim</strong></span> <span class='ocrx_word' id='word_1_22' title='bbox 3228 530 3281 576; x_wconf 89' lang='lat' dir='ltr'><strong>et</strong></span> <span class='ocrx_word' id='word_1_23' title='bbox 3328 524 3453 581; x_wconf 85' lang='lat' dir='ltr'><strong>alle-</strong></span> 
     </span>
    </p>
   </div>
   <div class='ocr_carea' id='block_1_5' title="bbox 218 577 1788 652">
    <p class='ocr_par' dir='ltr' id='par_1_5' title="bbox 218 577 1788 652">
     <span class='ocr_line' id='line_1_5' title="bbox 218 577 1788 652; baseline 0.006 -23"><span class='ocrx_word' id='word_1_24' title='bbox 218 577 466 631; x_wconf 75' lang='lat' dir='ltr'><strong>omnibus</strong></span> <span class='ocrx_word' id='word_1_25' title='bbox 487 586 538 631; x_wconf 80' lang='lat' dir='ltr'><strong>et</strong></span> <span class='ocrx_word' id='word_1_26' title='bbox 564 579 706 632; x_wconf 77' lang='lat' dir='ltr'><strong>vitiis</strong></span> <span class='ocrx_word' id='word_1_27' title='bbox 741 580 1106 635; x_wconf 85' lang='lat' dir='ltr'><strong>abstinendum</strong></span> <span class='ocrx_word' id='word_1_28' title='bbox 1134 584 1233 652; x_wconf 83' lang='lat'><strong>(8‘)</strong></span> <span class='ocrx_word' id='word_1_29' title='bbox 1264 600 1278 636; x_wconf 90' lang='lat'><strong>:</strong></span> <span class='ocrx_word' id='word_1_30' title='bbox 1305 584 1388 638; x_wconf 80' lang='lat' dir='ltr'><strong>Ab</strong></span> <span class='ocrx_word' id='word_1_31' title='bbox 1415 586 1666 639; x_wconf 89' lang='lat' dir='ltr'><strong>omnibus</strong></span> <span class='ocrx_word' id='word_1_32' title='bbox 1691 588 1788 639; x_wconf 82' lang='lat' dir='ltr'><strong>de-</strong></span> 
     </span>
    </p>
   </div>
   <div class='ocr_carea' id='block_1_6' title="bbox 218 666 1787 739">
    <p class='ocr_par' dir='ltr' id='par_1_6' title="bbox 218 666 1787 739">
     <span class='ocr_line' id='line_1_6' title="bbox 218 666 1787 739; baseline 0.005 -17"><span class='ocrx_word' id='word_1_33' title='bbox 218 666 367 723; x_wconf 77' lang='lat' dir='ltr'><strong>liciis</strong></span> <span class='ocrx_word' id='word_1_34' title='bbox 410 677 466 722; x_wconf 91' lang='lat' dir='ltr'><strong>et</strong></span> <span class='ocrx_word' id='word_1_35' title='bbox 512 669 842 739; x_wconf 85' lang='lat' dir='ltr'><strong>malignitate</strong></span> <span class='ocrx_word' id='word_1_36' title='bbox 896 671 985 727; x_wconf 90' lang='lat' dir='ltr'><strong>hic</strong></span> <span class='ocrx_word' id='word_1_37' title='bbox 1028 671 1160 729; x_wconf 82' lang='lat' dir='ltr'><strong>dicit</strong></span> <span class='ocrx_word' id='word_1_38' title='bbox 1207 674 1614 730; x_wconf 76' lang='lat' dir='ltr'><strong>abstinendum:</strong></span> <span class='ocrx_word' id='word_1_39' title='bbox 1654 674 1787 730; x_wconf 89' lang='lat' dir='ltr'><strong>Nam</strong></span> 
     </span>
    </p>
   </div>
   <div class='ocr_carea' id='block_1_7' title="bbox 213 759 1788 834">
    <p class='ocr_par' dir='ltr' id='par_1_7' title="bbox 213 759 1788 834">
     <span class='ocr_line' id='line_1_7' title="bbox 213 759 1788 834; baseline 0.006 -23"><span class='ocrx_word' id='word_1_40' title='bbox 213 772 323 824; x_wconf 86' lang='lat' dir='ltr'><strong>per</strong></span> <span class='ocrx_word' id='word_1_41' title='bbox 367 759 613 822; x_wconf 88' lang='lat' dir='ltr'><strong>delicias,</strong></span> <span class='ocrx_word' id='word_1_42' title='bbox 646 764 829 817; x_wconf 89' lang='lat' dir='ltr'><strong>carnis</strong></span> <span class='ocrx_word' id='word_1_43' title='bbox 870 764 1361 834; x_wconf 75' lang='lat' dir='ltr'><strong>concupiscentiae,</strong></span> <span class='ocrx_word' id='word_1_44' title='bbox 1412 762 1467 821; x_wconf 87' lang='grc' dir='ltr'>εἰ</span> <span class='ocrx_word' id='word_1_45' title='bbox 1512 768 1788 824; x_wconf 88' lang='lat' dir='ltr'><strong>universas</strong></span> 
     </span>
    </p>
   </div>
   <div class='ocr_carea' id='block_1_8' title="bbox 216 850 1786 928">
    <p class='ocr_par' dir='ltr' id='par_1_8' title="bbox 216 850 1786 928">
     <span class='ocr_line' id='line_1_8' title="bbox 216 850 1786 928; baseline 0.009 -27"><span class='ocrx_word' id='word_1_46' title='bbox 216 850 411 904; x_wconf 84' lang='lat' dir='ltr'><strong>mundi</strong></span> <span class='ocrx_word' id='word_1_47' title='bbox 428 850 815 908; x_wconf 88' lang='lat' dir='ltr'><strong>delectationes</strong></span> <span class='ocrx_word' id='word_1_48' title='bbox 836 851 1072 925; x_wconf 83' lang='lat' dir='ltr'><strong>intellige</strong></span> <span class='ocrx_word' id='word_1_49' title='bbox 1105 873 1121 910; x_wconf 93' lang='lat'><strong>:</strong></span> <span class='ocrx_word' id='word_1_50' title='bbox 1152 872 1248 926; x_wconf 92' lang='lat' dir='ltr'><strong>per</strong></span> <span class='ocrx_word' id='word_1_51' title='bbox 1271 857 1663 928; x_wconf 86' lang='lat' dir='ltr'><strong>malignitatem</strong></span> <span class='ocrx_word' id='word_1_52' title='bbox 1694 876 1786 915; x_wconf 90' lang='lat' dir='ltr'><strong>ve-</strong></span> 
     </span>
    </p>
   </div>
   <div class='ocr_carea' id='block_1_9' title="bbox 215 940 1788 1021">
    <p class='ocr_par' dir='ltr' id='par_1_9' title="bbox 215 940 1788 1021">
     <span class='ocr_line' id='line_1_9' title="bbox 215 940 1788 1021; baseline 0.009 -28"><span class='ocrx_word' id='word_1_53' title='bbox 215 954 307 1003; x_wconf 87' lang='lat' dir='ltr'><strong>ro,</strong></span> <span class='ocrx_word' id='word_1_54' title='bbox 335 940 450 1002; x_wconf 69' lang='lat' dir='ltr'><strong>irae.</strong></span> <span class='ocrx_word' id='word_1_55' title='bbox 480 950 535 995; x_wconf 92' lang='lat' dir='ltr'><strong>et</strong></span> <span class='ocrx_word' id='word_1_56' title='bbox 563 942 935 1009; x_wconf 79' lang='lat' dir='ltr'><strong>immunditize,</strong></span> <span class='ocrx_word' id='word_1_57' title='bbox 964 956 1017 1001; x_wconf 89' lang='lat' dir='ltr'><strong>et</strong></span> <span class='ocrx_word' id='word_1_58' title='bbox 1044 947 1329 1016; x_wconf 63' lang='lat' dir='ltr'><strong>superbiaa,</strong></span> <span class='ocrx_word' id='word_1_59' title='bbox 1353 959 1407 1005; x_wconf 91' lang='lat' dir='ltr'><strong>et</strong></span> <span class='ocrx_word' id='word_1_60' title='bbox 1427 952 1673 1021; x_wconf 88' lang='lat' dir='ltr'><strong>reliquas</strong></span> <span class='ocrx_word' id='word_1_61' title='bbox 1692 953 1788 1006; x_wconf 92' lang='lat' dir='ltr'><strong>ad-</strong></span> 
     </span>
    </p>
   </div>
   <div class='ocr_carea' id='block_1_10' title="bbox 205 1032 1787 1114">
    <p class='ocr_par' dir='ltr' id='par_1_10' title="bbox 205 1032 1787 1114">
     <span class='ocr_line' id='line_1_10' title="bbox 205 1032 1787 1114; baseline 0.007 -28"><span class='ocrx_word' id='word_1_62' title='bbox 205 1032 584 1090; x_wconf 75' lang='lat' dir='ltr'><strong>inventiones.</strong></span> <span class='ocrx_word' id='word_1_63' title='bbox 615 1035 810 1091; x_wconf 81' lang='lat' dir='ltr'><strong>Portus</strong></span> <span class='ocrx_word' id='word_1_64' title='bbox 832 1039 968 1092; x_wconf 86' lang='lat' dir='ltr'><strong>enim</strong></span> <span class='ocrx_word' id='word_1_65' title='bbox 989 1049 1039 1093; x_wconf 88' lang='lat' dir='ltr'><strong>et</strong></span> <span class='ocrx_word' id='word_1_66' title='bbox 1077 1041 1291 1107; x_wconf 87' lang='lat' dir='ltr'><strong>salutis,</strong></span> <span class='ocrx_word' id='word_1_67' title='bbox 1317 1052 1422 1099; x_wconf 91' lang='lat' dir='ltr'><strong>etc.</strong></span> <span class='ocrx_word' id='word_1_68' title='bbox 1449 1044 1653 1099; x_wconf 79' lang='lat' dir='ltr'><strong>Salutis</strong></span> <span class='ocrx_word' id='word_1_69' title='bbox 1667 1043 1787 1114; x_wconf 86' lang='lat' dir='ltr'><strong>qui-</strong></span> 
     </span>
    </p>
   </div>
   <div class='ocr_carea' id='block_1_11' title="bbox 212 1125 1783 1207">
    <p class='ocr_par' dir='ltr' id='par_1_11' title="bbox 212 1125 1783 1207">
     <span class='ocr_line' id='line_1_11' title="bbox 212 1125 1783 1207; baseline 0.007 -28"><span class='ocrx_word' id='word_1_70' title='bbox 212 1125 367 1199; x_wconf 83' lang='lat' dir='ltr'><strong>dem,</strong></span> <span class='ocrx_word' id='word_1_71' title='bbox 390 1136 607 1196; x_wconf 85' lang='lat' dir='ltr'><strong>propter</strong></span> <span class='ocrx_word' id='word_1_72' title='bbox 634 1129 864 1197; x_wconf 82' lang='lat' dir='ltr'><strong>vigilias,</strong></span> <span class='ocrx_word' id='word_1_73' title='bbox 890 1134 1374 1207; x_wconf 10' lang='lat' dir='ltr'><strong>conversationem»,</strong></span> <span class='ocrx_word' id='word_1_74' title='bbox 1402 1135 1783 1199; x_wconf 82' lang='lat' dir='ltr'><strong>humilitatem,</strong></span> 
     </span>
    </p>
   </div>
   <div class='ocr_carea' id='block_1_12' title="bbox 212 1218 1784 1297">
    <p class='ocr_par' dir='ltr' id='par_1_12' title="bbox 212 1218 1784 1297">
     <span class='ocr_line' id='line_1_12' title="bbox 212 1218 1784 1297; baseline 0.007 -26"><span class='ocrx_word' id='word_1_75' title='bbox 212 1218 592 1285; x_wconf 78' lang='lat' dir='ltr'><strong>sobrietatem,</strong></span> <span class='ocrx_word' id='word_1_76' title='bbox 621 1229 676 1275; x_wconf 91' lang='lat' dir='ltr'><strong>et</strong></span> <span class='ocrx_word' id='word_1_77' title='bbox 704 1221 999 1278; x_wconf 91' lang='lat' dir='ltr'><strong>virtuosam</strong></span> <span class='ocrx_word' id='word_1_78' title='bbox 1032 1224 1484 1291; x_wconf 84' lang='lat' dir='ltr'><strong>sollicitudinem;</strong></span> <span class='ocrx_word' id='word_1_79' title='bbox 1516 1227 1784 1297; x_wconf 85' lang='lat' dir='ltr'><strong>periculo-</strong></span> 
     </span>
    </p>
   </div>
   <div class='ocr_carea' id='block_1_13' title="bbox 203 1315 1780 1389">
    <p class='ocr_par' dir='ltr' id='par_1_13' title="bbox 203 1315 1780 1389">
     <span class='ocr_line' id='line_1_13' title="bbox 203 1315 1780 1389; baseline 0.006 -27"><span class='ocrx_word' id='word_1_80' title='bbox 203 1321 343 1362; x_wconf 67' lang='lat' dir='ltr'><strong>tum</strong></span> <span class='ocrx_word' id='word_1_81' title='bbox 385 1324 538 1375; x_wconf 87' lang='lat' dir='ltr'><strong>vero,</strong></span> <span class='ocrx_word' id='word_1_82' title='bbox 571 1321 791 1382; x_wconf 84' lang='lat' dir='ltr'><strong>propter</strong></span> <span class='ocrx_word' id='word_1_83' title='bbox 822 1315 1346 1384; x_wconf 88' lang='lat' dir='ltr'><strong>pusillanimitatem,</strong></span> <span class='ocrx_word' id='word_1_84' title='bbox 1378 1318 1780 1389; x_wconf 78' lang='lat' dir='ltr'><strong>negligentiam,</strong></span> 
     </span>
    </p>
   </div>
   <div class='ocr_carea' id='block_1_14' title="bbox 214 1389 1784 1474">
    <p class='ocr_par' dir='ltr' id='par_1_14' title="bbox 214 1389 1784 1474">
     <span class='ocr_line' id='line_1_14' title="bbox 214 1389 1784 1474; baseline 0.008 -22"><span class='ocrx_word' id='word_1_85' title='bbox 214 1400 565 1468; x_wconf 66' lang='lat' dir='ltr'><strong>tepiditatem</strong></span> <span class='ocrx_word' id='word_1_86' title='bbox 592 1413 646 1458; x_wconf 88' lang='lat' dir='ltr'><strong>et</strong></span> <span class='ocrx_word' id='word_1_87' title='bbox 686 1389 928 1474; x_wconf 65' lang='lat' dir='ltr'><strong>propria:</strong></span> <span class='ocrx_word' id='word_1_88' title='bbox 963 1406 1255 1463; x_wconf 75' lang='lat' dir='ltr'><strong>voluntatis</strong></span> <span class='ocrx_word' id='word_1_89' title='bbox 1284 1409 1482 1464; x_wconf 87' lang='lat' dir='ltr'><strong>malam</strong></span> <span class='ocrx_word' id='word_1_90' title='bbox 1510 1425 1784 1465; x_wconf 85' lang='lat' dir='ltr'><strong>reassum-</strong></span> 
     </span>
    </p>
   </div>
   <div class='ocr_carea' id='block_1_15' title="bbox 200 1491 1783 1571">
    <p class='ocr_par' dir='ltr' id='par_1_15' title="bbox 200 1491 1783 1571">
     <span class='ocr_line' id='line_1_15' title="bbox 200 1491 1783 1571; baseline 0.008 -27"><span class='ocrx_word' id='word_1_91' title='bbox 200 1491 458 1560; x_wconf 76' lang='lat' dir='ltr'><strong>ptionem</strong></span> <span class='ocrx_word' id='word_1_92' title='bbox 501 1512 515 1548; x_wconf 90' lang='lat'><strong>:</strong></span> <span class='ocrx_word' id='word_1_93' title='bbox 543 1495 668 1563; x_wconf 86' lang='lat' dir='ltr'><strong>quia</strong></span> <span class='ocrx_word' id='word_1_94' title='bbox 704 1505 922 1566; x_wconf 89' lang='lat' dir='ltr'><strong>propter</strong></span> <span class='ocrx_word' id='word_1_95' title='bbox 953 1497 1074 1564; x_wconf 89' lang='lat' dir='ltr'><strong>ista,</strong></span> <span class='ocrx_word' id='word_1_96' title='bbox 1101 1499 1153 1552; x_wconf 90' lang='lat' dir='ltr'><strong>in</strong></span> <span class='ocrx_word' id='word_1_97' title='bbox 1193 1510 1350 1569; x_wconf 93' lang='lat' dir='ltr'><strong>portu</strong></span> <span class='ocrx_word' id='word_1_98' title='bbox 1379 1502 1632 1571; x_wconf 70' lang='lat' dir='ltr'><strong>angelica:</strong></span> <span class='ocrx_word' id='word_1_99' title='bbox 1662 1504 1783 1557; x_wconf 81' lang='lat' dir='ltr'><strong>vita:</strong></span> 
     </span>
    </p>
   </div>
   <div class='ocr_carea' id='block_1_16' title="bbox 197 1582 1783 1659">
    <p class='ocr_par' dir='ltr' id='par_1_16' title="bbox 197 1582 1783 1659">
     <span class='ocr_line' id='line_1_16' title="bbox 197 1582 1783 1659; baseline 0.01 -25"><span class='ocrx_word' id='word_1_100' title='bbox 197 1582 449 1651; x_wconf 73' lang='lat' dir='ltr'><strong>religiosi</strong></span> <span class='ocrx_word' id='word_1_101' title='bbox 475 1586 863 1654; x_wconf 90' lang='lat' dir='ltr'><strong>periclitantur,</strong></span> <span class='ocrx_word' id='word_1_102' title='bbox 893 1589 1034 1643; x_wconf 88' lang='lat' dir='ltr'><strong>sicut</strong></span> <span class='ocrx_word' id='word_1_103' title='bbox 1073 1604 1169 1659; x_wconf 90' lang='lat' dir='ltr'><strong>per</strong></span> <span class='ocrx_word' id='word_1_104' title='bbox 1206 1591 1564 1647; x_wconf 82' lang='lat' dir='ltr'><strong>obedientiam</strong></span> <span class='ocrx_word' id='word_1_105' title='bbox 1610 1601 1665 1648; x_wconf 88' lang='lat' dir='ltr'><strong>et</strong></span> <span class='ocrx_word' id='word_1_106' title='bbox 1698 1609 1783 1649; x_wconf 88' lang='lat' dir='ltr'><strong>rc-</strong></span> 
     </span>
    </p>
   </div>
   <div class='ocr_carea' id='block_1_17' title="bbox 206 1676 1284 1744">
    <p class='ocr_par' dir='ltr' id='par_1_17' title="bbox 206 1676 1284 1744">
     <span class='ocr_line' id='line_1_17' title="bbox 206 1676 1284 1744; baseline 0.011 -19"><span class='ocrx_word' id='word_1_107' title='bbox 206 1676 536 1740; x_wconf 84' lang='lat' dir='ltr'><strong>verentiam,</strong></span> <span class='ocrx_word' id='word_1_108' title='bbox 568 1691 697 1744; x_wconf 76' lang='lat' dir='ltr'><strong>pace</strong></span> <span class='ocrx_word' id='word_1_109' title='bbox 727 1687 781 1733; x_wconf 92' lang='lat' dir='ltr'><strong>et</strong></span> <span class='ocrx_word' id='word_1_110' title='bbox 806 1680 980 1734; x_wconf 87' lang='lat' dir='ltr'><strong>salute</strong></span> <span class='ocrx_word' id='word_1_111' title='bbox 1007 1680 1284 1737; x_wconf 80' lang='lat' dir='ltr'><strong>fruuntur.</strong></span> 
     </span>
    </p>
   </div>
   <div class='ocr_carea' id='block_1_18' title="bbox 193 1765 1776 1844">
    <p class='ocr_par' dir='ltr' id='par_1_18' title="bbox 193 1765 1776 1844">
     <span class='ocr_line' id='line_1_18' title="bbox 193 1765 1776 1844; baseline 0.006 -24"><span class='ocrx_word' id='word_1_112' title='bbox 193 1765 339 1821; x_wconf 74' lang='lat' dir='ltr'><strong>Car.</strong></span> <span class='ocrx_word' id='word_1_113' title='bbox 403 1766 488 1822; x_wconf 92' lang='lat' dir='ltr'><strong>Ill.</strong></span> <span class='ocrx_word' id='word_1_114' title='bbox 544 1796 611 1814; x_wconf 68' lang='grc' dir='ltr'><strong>-η</strong></span> <span class='ocrx_word' id='word_1_115' title='bbox 669 1769 974 1837; x_wconf 81' lang='lat' dir='ltr'><strong>Spiritualis</strong></span> <span class='ocrx_word' id='word_1_116' title='bbox 1028 1774 1463 1843; x_wconf 77' lang='lat' dir='ltr'><strong>peregrinationis</strong></span> <span class='ocrx_word' id='word_1_117' title='bbox 1539 1776 1776 1844; x_wconf 79' lang='lat' dir='ltr'><strong>deﬁnitio</strong></span> 
     </span>
    </p>
   </div>
   <div class='ocr_carea' id='block_1_19' title="bbox 815 1859 1196 1931">
    <p class='ocr_par' dir='ltr' id='par_1_19' title="bbox 815 1859 1196 1931">
     <span class='ocr_line' id='line_1_19' title="bbox 815 1859 1196 1931; baseline 0.01 -20"><span class='ocrx_word' id='word_1_118' title='bbox 815 1859 937 1928; x_wconf 85' lang='lat' dir='ltr'><strong>(col.</strong></span> <span class='ocrx_word' id='word_1_119' title='bbox 972 1859 1075 1915; x_wconf 78' lang='grc'><strong>665</strong></span> <span class='ocrx_word' id='word_1_120' title='bbox 1116 1860 1196 1931; x_wconf 85' lang='grc' dir='ltr'><strong>Β).</strong></span> 
     </span>
    </p>
   </div>
   <div class='ocr_carea' id='block_1_20' title="bbox 276 1937 1773 2025">
    <p class='ocr_par' dir='ltr' id='par_1_20' title="bbox 276 1937 1773 2025">
     <span class='ocr_line' id='line_1_20' title="bbox 276 1937 1773 2025; baseline 0.009 -27"><span class='ocrx_word' id='word_1_121' title='bbox 276 1944 668 2015; x_wconf 69' lang='lat' dir='ltr'><strong>Peregrinatio,</strong></span> <span class='ocrx_word' id='word_1_122' title='bbox 712 1959 798 2004; x_wconf 86' lang='lat' dir='ltr'><strong>est</strong></span> <span class='ocrx_word' id='word_1_123' title='bbox 857 1966 985 2005; x_wconf 80' lang='lat' dir='ltr'><strong>vera</strong></span> <span class='ocrx_word' id='word_1_124' title='bbox 1039 1937 1358 2025; x_wconf 52' lang='lat' dir='ltr'><strong>segregatio&#39;</strong></span> <span class='ocrx_word' id='word_1_125' title='bbox 1391 1955 1459 2009; x_wconf 89' lang='lat' dir='ltr'><strong>ab</strong></span> <span class='ocrx_word' id='word_1_126' title='bbox 1517 1956 1773 2012; x_wconf 92' lang='lat' dir='ltr'><strong>omnibus</strong></span> 
     </span>
    </p>
   </div>
   <div class='ocr_carea' id='block_1_21' title="bbox 189 2039 1771 2111">
    <p class='ocr_par' dir='ltr' id='par_1_21' title="bbox 189 2039 1771 2111">
     <span class='ocr_line' id='line_1_21' title="bbox 189 2039 1771 2111; baseline 0.006 -22"><span class='ocrx_word' id='word_1_127' title='bbox 189 2039 704 2105; x_wconf 70' lang='lat' dir='ltr'><strong>cimcupiscentiis,</strong></span> <span class='ocrx_word' id='word_1_128' title='bbox 771 2041 1155 2111; x_wconf 80' lang='lat' dir='ltr'><strong>voluptatibus,</strong></span> <span class='ocrx_word' id='word_1_129' title='bbox 1208 2055 1263 2097; x_wconf 91' lang='lat' dir='ltr'><strong>et</strong></span> <span class='ocrx_word' id='word_1_130' title='bbox 1322 2046 1543 2101; x_wconf 89' lang='lat' dir='ltr'><strong>malitiis</strong></span> <span class='ocrx_word' id='word_1_131' title='bbox 1585 2065 1599 2101; x_wconf 93' lang='lat'><strong>:</strong></span> <span class='ocrx_word' id='word_1_132' title='bbox 1650 2062 1771 2100; x_wconf 88' lang='lat' dir='ltr'><strong>nam</strong></span> 
     </span>
    </p>
   </div>
   <div class='ocr_carea' id='block_1_22' title="bbox 198 2132 1771 2206">
    <p class='ocr_par' dir='ltr' id='par_1_22' title="bbox 198 2132 1771 2206">
     <span class='ocr_line' id='line_1_22' title="bbox 198 2132 1771 2206; baseline 0.01 -28"><span class='ocrx_word' id='word_1_133' title='bbox 198 2138 428 2194; x_wconf 88' lang='lat' dir='ltr'><strong>propter</strong></span> <span class='ocrx_word' id='word_1_134' title='bbox 451 2132 873 2199; x_wconf 75' lang='lat' dir='ltr'><strong>segregationem</strong></span> <span class='ocrx_word' id='word_1_135' title='bbox 905 2148 935 2186; x_wconf 91' lang='lat' dir='ltr'><strong>a</strong></span> <span class='ocrx_word' id='word_1_136' title='bbox 960 2135 1127 2201; x_wconf 89' lang='lat' dir='ltr'><strong>vitiis,</strong></span> <span class='ocrx_word' id='word_1_137' title='bbox 1171 2134 1582 2206; x_wconf 81' lang='lat' dir='ltr'><strong>insegregabilis</strong></span> <span class='ocrx_word' id='word_1_138' title='bbox 1634 2140 1693 2193; x_wconf 86' lang='lat' dir='ltr'><strong>tit</strong></span> <span class='ocrx_word' id='word_1_139' title='bbox 1742 2154 1771 2193; x_wconf 89' lang='lat' dir='ltr'><strong>a</strong></span> 
     </span>
    </p>
   </div>
   <div class='ocr_carea' id='block_1_23' title="bbox 192 2215 1774 2293">
    <p class='ocr_par' dir='ltr' id='par_1_23' title="bbox 192 2215 1774 2293">
     <span class='ocr_line' id='line_1_23' title="bbox 192 2215 1774 2293; baseline 0.009 -23"><span class='ocrx_word' id='word_1_140' title='bbox 192 2215 335 2281; x_wconf 86' lang='lat' dir='ltr'><strong>Deo,</strong></span> <span class='ocrx_word' id='word_1_141' title='bbox 383 2235 506 2273; x_wconf 81' lang='lat' dir='ltr'><strong>nam</strong></span> <span class='ocrx_word' id='word_1_142' title='bbox 538 2222 681 2276; x_wconf 88' lang='lat' dir='ltr'><strong>vitiis</strong></span> <span class='ocrx_word' id='word_1_143' title='bbox 705 2225 1078 2293; x_wconf 77' lang='lat' dir='ltr'><strong>praesentibus,</strong></span> <span class='ocrx_word' id='word_1_144' title='bbox 1122 2226 1198 2280; x_wconf 92' lang='lat' dir='ltr'><strong>nil</strong></span> <span class='ocrx_word' id='word_1_145' title='bbox 1261 2229 1464 2283; x_wconf 87' lang='lat' dir='ltr'><strong>utiliter</strong></span> <span class='ocrx_word' id='word_1_146' title='bbox 1521 2244 1774 2284; x_wconf 81' lang='lat' dir='ltr'><strong>consum-</strong></span> 
     </span>
    </p>
   </div>
   <div class='ocr_carea' id='block_1_24' title="bbox 194 2310 1771 2388">
    <p class='ocr_par' dir='ltr' id='par_1_24' title="bbox 194 2310 1771 2388">
     <span class='ocr_line' id='line_1_24' title="bbox 194 2310 1771 2388; baseline 0.008 -27"><span class='ocrx_word' id='word_1_147' title='bbox 194 2317 405 2363; x_wconf 86' lang='lat' dir='ltr'><strong>matur.</strong></span> <span class='ocrx_word' id='word_1_148' title='bbox 429 2310 647 2365; x_wconf 84' lang='lat' dir='ltr'><strong>Omnem</strong></span> <span class='ocrx_word' id='word_1_149' title='bbox 675 2329 892 2367; x_wconf 66' lang='lat' dir='ltr'><strong>suorum</strong></span> <span class='ocrx_word' id='word_1_150' title='bbox 923 2315 1311 2379; x_wconf 83' lang='lat' dir='ltr'><strong>alienorumque</strong></span> <span class='ocrx_word' id='word_1_151' title='bbox 1344 2319 1588 2387; x_wconf 69' lang='lat' dir='ltr'><strong>affectum</strong></span> <span class='ocrx_word' id='word_1_152' title='bbox 1609 2336 1627 2373; x_wconf 93' lang='lat'><strong>:</strong></span> <span class='ocrx_word' id='word_1_153' title='bbox 1648 2338 1771 2388; x_wconf 91' lang='lat' dir='ltr'><strong>pro-</strong></span> 
     </span>
    </p>
   </div>
   <div class='ocr_carea' id='block_1_25' title="bbox 186 2401 1765 2474">
    <p class='ocr_par' dir='ltr' id='par_1_25' title="bbox 186 2401 1765 2474">
     <span class='ocr_line' id='line_1_25' title="bbox 186 2401 1765 2474; baseline 0.009 -23"><span class='ocrx_word' id='word_1_154' title='bbox 186 2401 445 2467; x_wconf 80' lang='lat' dir='ltr'><strong>priorum</strong></span> <span class='ocrx_word' id='word_1_155' title='bbox 522 2403 893 2461; x_wconf 87' lang='lat' dir='ltr'><strong>habitudinem</strong></span> <span class='ocrx_word' id='word_1_156' title='bbox 942 2407 1071 2462; x_wconf 88' lang='lat' dir='ltr'><strong>dicit</strong></span> <span class='ocrx_word' id='word_1_157' title='bbox 1122 2420 1365 2474; x_wconf 90' lang='lat' dir='ltr'><strong>sanctus,</strong></span> <span class='ocrx_word' id='word_1_158' title='bbox 1427 2410 1765 2465; x_wconf 80' lang='lat' dir='ltr'><strong>aﬂ‘ectionem</strong></span> 
     </span>
    </p>
   </div>
   <div class='ocr_carea' id='block_1_26' title="bbox 192 2493 1763 2569">
    <p class='ocr_par' dir='ltr' id='par_1_26' title="bbox 192 2493 1763 2569">
     <span class='ocr_line' id='line_1_26' title="bbox 192 2493 1763 2569; baseline 0.009 -26"><span class='ocrx_word' id='word_1_159' title='bbox 192 2493 539 2562; x_wconf 78' lang='lat' dir='ltr'><strong>voluptatum</strong></span> <span class='ocrx_word' id='word_1_160' title='bbox 594 2495 663 2551; x_wconf 86' lang='lat' dir='ltr'><strong>ad</strong></span> <span class='ocrx_word' id='word_1_161' title='bbox 704 2498 962 2567; x_wconf 87' lang='lat' dir='ltr'><strong>seipsum,</strong></span> <span class='ocrx_word' id='word_1_162' title='bbox 992 2508 1047 2555; x_wconf 89' lang='lat' dir='ltr'><strong>et</strong></span> <span class='ocrx_word' id='word_1_163' title='bbox 1072 2500 1139 2554; x_wconf 91' lang='lat' dir='ltr'><strong>ad</strong></span> <span class='ocrx_word' id='word_1_164' title='bbox 1182 2502 1421 2569; x_wconf 87' lang='lat' dir='ltr'><strong>propria,</strong></span> <span class='ocrx_word' id='word_1_165' title='bbox 1471 2502 1523 2556; x_wconf 90' lang='lat' dir='ltr'><strong>id</strong></span> <span class='ocrx_word' id='word_1_166' title='bbox 1564 2514 1648 2557; x_wconf 92' lang='lat' dir='ltr'><strong>est</strong></span> <span class='ocrx_word' id='word_1_167' title='bbox 1700 2505 1763 2557; x_wconf 86' lang='lat' dir='ltr'><strong>ad</strong></span> 
     </span>
    </p>
   </div>
   <div class='ocr_carea' id='block_1_27' title="bbox 190 2582 1765 2659">
    <p class='ocr_par' dir='ltr' id='par_1_27' title="bbox 190 2582 1765 2659">
     <span class='ocr_line' id='line_1_27' title="bbox 190 2582 1765 2659; baseline 0.009 -24"><span class='ocrx_word' id='word_1_168' title='bbox 190 2582 532 2641; x_wconf 86' lang='lat' dir='ltr'><strong>domesticos</strong></span> <span class='ocrx_word' id='word_1_169' title='bbox 568 2596 623 2641; x_wconf 90' lang='lat' dir='ltr'><strong>et</strong></span> <span class='ocrx_word' id='word_1_170' title='bbox 654 2590 1024 2659; x_wconf 88' lang='lat' dir='ltr'><strong>propinquos:</strong></span> <span class='ocrx_word' id='word_1_171' title='bbox 1065 2590 1367 2645; x_wconf 83' lang='lat' dir='ltr'><strong>Alienorum</strong></span> <span class='ocrx_word' id='word_1_172' title='bbox 1395 2607 1524 2648; x_wconf 90' lang='lat' dir='ltr'><strong>vero</strong></span> <span class='ocrx_word' id='word_1_173' title='bbox 1576 2595 1765 2649; x_wconf 87' lang='lat' dir='ltr'><strong>amici-</strong></span> 
     </span>
    </p>
   </div>
   <div class='ocr_carea' id='block_1_28' title="bbox 192 2674 1765 2755">
    <p class='ocr_par' dir='ltr' id='par_1_28' title="bbox 192 2674 1765 2755">
     <span class='ocr_line' id='line_1_28' title="bbox 192 2674 1765 2755; baseline 0.008 -28"><span class='ocrx_word' id='word_1_174' title='bbox 192 2674 335 2742; x_wconf 84' lang='lat' dir='ltr'><strong>tiam</strong></span> <span class='ocrx_word' id='word_1_175' title='bbox 383 2692 618 2744; x_wconf 91' lang='lat' dir='ltr'><strong>omnem,</strong></span> <span class='ocrx_word' id='word_1_176' title='bbox 668 2688 720 2732; x_wconf 89' lang='lat' dir='ltr'><strong>et</strong></span> <span class='ocrx_word' id='word_1_177' title='bbox 750 2678 1089 2737; x_wconf 77' lang='lat' dir='ltr'><strong>all&#39;eCtionem</strong></span> <span class='ocrx_word' id='word_1_178' title='bbox 1139 2698 1587 2755; x_wconf 85' lang='lat' dir='ltr'><strong>quorumcunque</strong></span> <span class='ocrx_word' id='word_1_179' title='bbox 1640 2700 1765 2740; x_wconf 85' lang='lat' dir='ltr'><strong>sen-</strong></span> 
     </span>
    </p>
   </div>
   <div class='ocr_carea' id='block_1_29' title="bbox 180 2768 1763 2843">
    <p class='ocr_par' dir='ltr' id='par_1_29' title="bbox 180 2768 1763 2843">
     <span class='ocr_line' id='line_1_29' title="bbox 180 2768 1763 2843; baseline 0.008 -24"><span class='ocrx_word' id='word_1_180' title='bbox 180 2768 432 2833; x_wconf 78' lang='lat' dir='ltr'><strong>sualem,</strong></span> <span class='ocrx_word' id='word_1_181' title='bbox 463 2779 517 2823; x_wconf 91' lang='lat' dir='ltr'><strong>et</strong></span> <span class='ocrx_word' id='word_1_182' title='bbox 546 2770 666 2826; x_wconf 88' lang='lat' dir='ltr'><strong>aliis</strong></span> <span class='ocrx_word' id='word_1_183' title='bbox 715 2772 970 2828; x_wconf 89' lang='lat' dir='ltr'><strong>omnibus</strong></span> <span class='ocrx_word' id='word_1_184' title='bbox 1003 2790 1123 2843; x_wconf 80' lang='lat' dir='ltr'><strong>qua:</strong></span> <span class='ocrx_word' id='word_1_185' title='bbox 1157 2785 1286 2830; x_wconf 91' lang='lat' dir='ltr'><strong>sunt</strong></span> <span class='ocrx_word' id='word_1_186' title='bbox 1329 2785 1506 2841; x_wconf 81' lang='lat' dir='ltr'><strong>extra,</strong></span> <span class='ocrx_word' id='word_1_187' title='bbox 1540 2776 1655 2833; x_wconf 86' lang='lat' dir='ltr'><strong>sive</strong></span> <span class='ocrx_word' id='word_1_188' title='bbox 1697 2778 1763 2832; x_wconf 91' lang='lat' dir='ltr'><strong>dc</strong></span> 
     </span>
    </p>
   </div>
   <div class='ocr_carea' id='block_1_30' title="bbox 190 2862 1762 2938">
    <p class='ocr_par' dir='ltr' id='par_1_30' title="bbox 190 2862 1762 2938">
     <span class='ocr_line' id='line_1_30' title="bbox 190 2862 1762 2938; baseline 0.007 -25"><span class='ocrx_word' id='word_1_189' title='bbox 190 2862 466 2929; x_wconf 77' lang='lat' dir='ltr'><strong>pecuniis,</strong></span> <span class='ocrx_word' id='word_1_190' title='bbox 514 2863 627 2916; x_wconf 83' lang='lat' dir='ltr'><strong>sive</strong></span> <span class='ocrx_word' id='word_1_191' title='bbox 670 2865 1125 2931; x_wconf 90' lang='lat' dir='ltr'><strong>possessionibus.</strong></span> <span class='ocrx_word' id='word_1_192' title='bbox 1175 2865 1289 2932; x_wconf 87' lang='lat' dir='ltr'><strong>Vel,</strong></span> <span class='ocrx_word' id='word_1_193' title='bbox 1330 2870 1663 2938; x_wconf 84' lang='lat' dir='ltr'><strong>propriorum</strong></span> <span class='ocrx_word' id='word_1_194' title='bbox 1687 2868 1762 2924; x_wconf 90' lang='lat' dir='ltr'><strong>di-</strong></span> 
     </span>
    </p>
   </div>
   <div class='ocr_carea' id='block_1_31' title="bbox 186 2951 1760 3019">
    <p class='ocr_par' dir='ltr' id='par_1_31' title="bbox 186 2951 1760 3019">
     <span class='ocr_line' id='line_1_31' title="bbox 186 2951 1760 3019; baseline 0.008 -16"><span class='ocrx_word' id='word_1_195' title='bbox 186 2959 349 3003; x_wconf 87' lang='lat' dir='ltr'><strong>ctum</strong></span> <span class='ocrx_word' id='word_1_196' title='bbox 402 2951 663 3019; x_wconf 78' lang='lat' dir='ltr'><strong>arbitror,</strong></span> <span class='ocrx_word' id='word_1_197' title='bbox 689 2953 756 3008; x_wconf 90' lang='lat' dir='ltr'><strong>de</strong></span> <span class='ocrx_word' id='word_1_198' title='bbox 778 2954 1150 3011; x_wconf 84' lang='lat' dir='ltr'><strong>voluntatibus</strong></span> <span class='ocrx_word' id='word_1_199' title='bbox 1211 2957 1618 3015; x_wconf 84' lang='lat' dir='ltr'><strong>conferentibus</strong></span> <span class='ocrx_word' id='word_1_200' title='bbox 1668 2974 1760 3015; x_wconf 37' lang='lat' dir='ltr'><strong>se.-</strong></span> 
     </span>
    </p>
   </div>
   <div class='ocr_carea' id='block_1_32' title="bbox 186 3039 1759 3117">
    <p class='ocr_par' dir='ltr' id='par_1_32' title="bbox 186 3039 1759 3117">
     <span class='ocr_line' id='line_1_32' title="bbox 186 3039 1759 3117; baseline 0.008 -27"><span class='ocrx_word' id='word_1_201' title='bbox 186 3039 435 3093; x_wconf 65' lang='lat' dir='ltr'><strong>rundum</strong></span> <span class='ocrx_word' id='word_1_202' title='bbox 467 3056 706 3097; x_wconf 86' lang='lat' dir='ltr'><strong>carnem.</strong></span> <span class='ocrx_word' id='word_1_203' title='bbox 746 3043 1047 3097; x_wconf 84' lang='lat' dir='ltr'><strong>Alienorum</strong></span> <span class='ocrx_word' id='word_1_204' title='bbox 1080 3060 1227 3110; x_wconf 88' lang='lat' dir='ltr'><strong>vero,</strong></span> <span class='ocrx_word' id='word_1_205' title='bbox 1263 3050 1328 3101; x_wconf 90' lang='lat' dir='ltr'><strong>de</strong></span> <span class='ocrx_word' id='word_1_206' title='bbox 1354 3049 1608 3102; x_wconf 89' lang='lat' dir='ltr'><strong>omnibus</strong></span> <span class='ocrx_word' id='word_1_207' title='bbox 1639 3064 1759 3117; x_wconf 75' lang='lat' dir='ltr'><strong>qua:</strong></span> 
     </span>
    </p>
   </div>
   <div class='ocr_carea' id='block_1_33' title="bbox 1895 587 3449 673">
    <p class='ocr_par' dir='ltr' id='par_1_33' title="bbox 1895 587 3449 673">
     <span class='ocr_line' id='line_1_33' title="bbox 1895 587 3449 673; baseline 0.021 -32"><span class='ocrx_word' id='word_1_208' title='bbox 1895 587 2008 643; x_wconf 87' lang='lat' dir='ltr'><strong>ctio</strong></span> <span class='ocrx_word' id='word_1_209' title='bbox 2064 593 2407 659; x_wconf 88' lang='lat' dir='ltr'><strong>propriorum</strong></span> <span class='ocrx_word' id='word_1_210' title='bbox 2439 615 2664 656; x_wconf 82' lang='lat' dir='ltr'><strong>uxorem</strong></span> <span class='ocrx_word' id='word_1_211' title='bbox 2698 602 2801 659; x_wconf 86' lang='lat' dir='ltr'><strong>Lot</strong></span> <span class='ocrx_word' id='word_1_212' title='bbox 2843 612 3110 666; x_wconf 89' lang='lat' dir='ltr'><strong>convertit</strong></span> <span class='ocrx_word' id='word_1_213' title='bbox 3137 615 3190 667; x_wconf 93' lang='lat' dir='ltr'><strong>in</strong></span> <span class='ocrx_word' id='word_1_214' title='bbox 3218 624 3449 673; x_wconf 82' lang='lat' dir='ltr'><strong>statuam</strong></span> 
     </span>
    </p>
   </div>
   <div class='ocr_carea' id='block_1_34' title="bbox 1888 678 3446 772">
    <p class='ocr_par' dir='ltr' id='par_1_34' title="bbox 1888 678 3446 772">
     <span class='ocr_line' id='line_1_34' title="bbox 1888 678 3446 772; baseline 0.019 -39"><span class='ocrx_word' id='word_1_215' title='bbox 1888 678 2040 733; x_wconf 88' lang='lat' dir='ltr'><strong>salis.</strong></span> <span class='ocrx_word' id='word_1_216' title='bbox 2069 678 2296 739; x_wconf 74' lang='lat' dir='ltr'><strong>Atl&#39;eCtio</strong></span> <span class='ocrx_word' id='word_1_217' title='bbox 2320 700 2566 744; x_wconf 85' lang='lat' dir='ltr'><strong>escarum</strong></span> <span class='ocrx_word' id='word_1_218' title='bbox 2608 694 2835 761; x_wconf 89' lang='lat' dir='ltr'><strong>privavit</strong></span> <span class='ocrx_word' id='word_1_219' title='bbox 2866 699 3238 772; x_wconf 87' lang='lat' dir='ltr'><strong>primogenitis</strong></span> <span class='ocrx_word' id='word_1_220' title='bbox 3284 707 3446 764; x_wconf 83' lang='lat' dir='ltr'><strong>Esau.</strong></span> 
     </span>
    </p>
   </div>
   <div class='ocr_carea' id='block_1_35' title="bbox 1885 769 3447 853">
    <p class='ocr_par' dir='ltr' id='par_1_35' title="bbox 1885 769 3447 853">
     <span class='ocr_line' id='line_1_35' title="bbox 1885 769 3447 853; baseline 0.02 -32"><span class='ocrx_word' id='word_1_221' title='bbox 1885 769 2113 827; x_wconf 75' lang='lat' dir='ltr'><strong>All‘eetio</strong></span> <span class='ocrx_word' id='word_1_222' title='bbox 2138 777 2369 845; x_wconf 77' lang='lat' dir='ltr'><strong>propria:</strong></span> <span class='ocrx_word' id='word_1_223' title='bbox 2429 779 2727 838; x_wconf 79' lang='lat' dir='ltr'><strong>voluntatis</strong></span> <span class='ocrx_word' id='word_1_224' title='bbox 2748 788 2757 805; x_wconf 71' lang='lat'>&quot;</span> <span class='ocrx_word' id='word_1_225' title='bbox 2782 789 2976 845; x_wconf 80' lang='lat' dir='ltr'><strong>extulit</strong></span> <span class='ocrx_word' id='word_1_226' title='bbox 3034 769 3339 851; x_wconf 59' lang='lat' dir='ltr'><strong>Luciferum</strong></span> <span class='ocrx_word' id='word_1_227' title='bbox 3394 801 3447 853; x_wconf 90' lang='lat' dir='ltr'><strong>in</strong></span> 
     </span>
    </p>
   </div>
   <div class='ocr_carea' id='block_1_36' title="bbox 1886 865 3450 959">
    <p class='ocr_par' dir='ltr' id='par_1_36' title="bbox 1886 865 3450 959">
     <span class='ocr_line' id='line_1_36' title="bbox 1886 865 3450 959; baseline 0.019 -43"><span class='ocrx_word' id='word_1_228' title='bbox 1886 865 2216 932; x_wconf 85' lang='lat' dir='ltr'><strong>superbiam,</strong></span> <span class='ocrx_word' id='word_1_229' title='bbox 2246 878 2300 922; x_wconf 90' lang='lat' dir='ltr'><strong>et</strong></span> <span class='ocrx_word' id='word_1_230' title='bbox 2343 874 2697 943; x_wconf 71' lang='lat' dir='ltr'><strong>praecipitavit</strong></span> <span class='ocrx_word' id='word_1_231' title='bbox 2720 878 2774 932; x_wconf 91' lang='lat' dir='ltr'><strong>in</strong></span> <span class='ocrx_word' id='word_1_232' title='bbox 2824 881 3024 939; x_wconf 77' lang='lat' dir='ltr'><strong>inferos</strong></span> <span class='ocrx_word' id='word_1_233' title='bbox 3050 902 3173 941; x_wconf 90' lang='lat' dir='ltr'><strong>cum</strong></span> <span class='ocrx_word' id='word_1_234' title='bbox 3216 905 3450 959; x_wconf 86' lang='lat' dir='ltr'><strong>sequen-</strong></span> 
     </span>
    </p>
   </div>
   <div class='ocr_carea' id='block_1_37' title="bbox 1888 954 3447 1049">
    <p class='ocr_par' dir='ltr' id='par_1_37' title="bbox 1888 954 3447 1049">
     <span class='ocr_line' id='line_1_37' title="bbox 1888 954 3447 1049; baseline 0.019 -42"><span class='ocrx_word' id='word_1_235' title='bbox 1888 954 2033 1010; x_wconf 90' lang='lat' dir='ltr'><strong>tibus</strong></span> <span class='ocrx_word' id='word_1_236' title='bbox 2074 972 2221 1012; x_wconf 91' lang='lat' dir='ltr'><strong>eum.</strong></span> <span class='ocrx_word' id='word_1_237' title='bbox 2275 960 2503 1018; x_wconf 78' lang='lat' dir='ltr'><strong>Allectio</strong></span> <span class='ocrx_word' id='word_1_238' title='bbox 2547 968 2884 1038; x_wconf 85' lang='lat' dir='ltr'><strong>voluptatum</strong></span> <span class='ocrx_word' id='word_1_239' title='bbox 2911 971 3121 1031; x_wconf 82' lang='lat' dir='ltr'><strong>chabel</strong></span> <span class='ocrx_word' id='word_1_240' title='bbox 3147 954 3447 1049; x_wconf 69' lang='lat' dir='ltr'><strong>interiecit,</strong></span> 
     </span>
    </p>
   </div>
   <div class='ocr_carea' id='block_1_38' title="bbox 1883 1045 3447 1132">
    <p class='ocr_par' dir='ltr' id='par_1_38' title="bbox 1883 1045 3447 1132">
     <span class='ocr_line' id='line_1_38' title="bbox 1883 1045 3447 1132; baseline 0.019 -35"><span class='ocrx_word' id='word_1_241' title='bbox 1883 1054 1937 1098; x_wconf 85' lang='lat' dir='ltr'><strong>et</strong></span> <span class='ocrx_word' id='word_1_242' title='bbox 1996 1045 2343 1105; x_wconf 89' lang='lat' dir='ltr'><strong>Salomonem</strong></span> <span class='ocrx_word' id='word_1_243' title='bbox 2390 1054 2443 1107; x_wconf 92' lang='lat' dir='ltr'><strong>in</strong></span> <span class='ocrx_word' id='word_1_244' title='bbox 2496 1054 2851 1116; x_wconf 88' lang='lat' dir='ltr'><strong>idololatriam</strong></span> <span class='ocrx_word' id='word_1_245' title='bbox 2907 1067 3157 1132; x_wconf 86' lang='lat' dir='ltr'><strong>pervertit</strong></span> <span class='ocrx_word' id='word_1_246' title='bbox 3188 1069 3250 1122; x_wconf 82' lang='lat'><strong>“.</strong></span> <span class='ocrx_word' id='word_1_247' title='bbox 3303 1045 3447 1125; x_wconf 57' lang='grc' dir='ltr'>Αιιδᾷ</span> 
     </span>
    </p>
   </div>
   <div class='ocr_carea' id='block_1_39' title="bbox 1883 1135 3441 1220">
    <p class='ocr_par' dir='ltr' id='par_1_39' title="bbox 1883 1135 3441 1220">
     <span class='ocr_line' id='line_1_39' title="bbox 1883 1135 3441 1220; baseline 0.018 -31"><span class='ocrx_word' id='word_1_248' title='bbox 1883 1135 1992 1190; x_wconf 90' lang='lat' dir='ltr'><strong>ctio</strong></span> <span class='ocrx_word' id='word_1_249' title='bbox 2041 1142 2393 1208; x_wconf 90' lang='lat' dir='ltr'><strong>pecuniarum</strong></span> <span class='ocrx_word' id='word_1_250' title='bbox 2438 1145 2631 1202; x_wconf 85' lang='lat' dir='ltr'><strong>Judam</strong></span> <span class='ocrx_word' id='word_1_251' title='bbox 2706 1153 3034 1220; x_wconf 84' lang='lat' dir='ltr'><strong>proditorem</strong></span> <span class='ocrx_word' id='word_1_252' title='bbox 3067 1158 3264 1215; x_wconf 86' lang='lat' dir='ltr'><strong>Christi</strong></span> <span class='ocrx_word' id='word_1_253' title='bbox 3296 1163 3441 1217; x_wconf 80' lang='lat' dir='ltr'><strong>fecit.</strong></span> 
     </span>
    </p>
   </div>
   <div class='ocr_carea' id='block_1_40' title="bbox 1882 1226 3445 1308">
    <p class='ocr_par' dir='ltr' id='par_1_40' title="bbox 1882 1226 3445 1308">
     <span class='ocr_line' id='line_1_40' title="bbox 1882 1226 3445 1308; baseline 0.019 -30"><span class='ocrx_word' id='word_1_254' title='bbox 1882 1226 1985 1291; x_wconf 79' lang='lat' dir='ltr'><strong>Qui</strong></span> <span class='ocrx_word' id='word_1_255' title='bbox 2014 1238 2193 1283; x_wconf 90' lang='lat' dir='ltr'><strong>autem</strong></span> <span class='ocrx_word' id='word_1_256' title='bbox 2247 1236 2317 1286; x_wconf 89' lang='lat' dir='ltr'><strong>ab</strong></span> <span class='ocrx_word' id='word_1_257' title='bbox 2361 1235 2481 1291; x_wconf 86' lang='lat' dir='ltr'><strong>istis</strong></span> <span class='ocrx_word' id='word_1_258' title='bbox 2513 1239 2732 1306; x_wconf 83' lang='lat' dir='ltr'><strong>recedit,</strong></span> <span class='ocrx_word' id='word_1_259' title='bbox 2762 1242 2969 1298; x_wconf 87' lang='lat' dir='ltr'><strong>invenit</strong></span> <span class='ocrx_word' id='word_1_260' title='bbox 3000 1246 3288 1303; x_wconf 80' lang='lat' dir='ltr'><strong>Ahrahami</strong></span> <span class='ocrx_word' id='word_1_261' title='bbox 3322 1269 3445 1308; x_wconf 84' lang='lat' dir='ltr'><strong>vere</strong></span> 
     </span>
    </p>
   </div>
   <div class='ocr_carea' id='block_1_41' title="bbox 1883 1322 3440 1412">
    <p class='ocr_par' dir='ltr' id='par_1_41' title="bbox 1883 1322 3440 1412">
     <span class='ocr_line' id='line_1_41' title="bbox 1883 1322 3440 1412; baseline 0.017 -41"><span class='ocrx_word' id='word_1_262' title='bbox 1883 1322 2278 1391; x_wconf 88' lang='lat' dir='ltr'><strong>peregrinantis</strong></span> <span class='ocrx_word' id='word_1_263' title='bbox 2312 1328 2498 1395; x_wconf 88' lang='lat' dir='ltr'><strong>vitam,</strong></span> <span class='ocrx_word' id='word_1_264' title='bbox 2531 1340 2583 1385; x_wconf 88' lang='lat' dir='ltr'><strong>et</strong></span> <span class='ocrx_word' id='word_1_265' title='bbox 2611 1347 2719 1388; x_wconf 93' lang='lat' dir='ltr'><strong>non</strong></span> <span class='ocrx_word' id='word_1_266' title='bbox 2767 1336 3076 1407; x_wconf 73' lang='lat' dir='ltr'><strong>coniugem,</strong></span> <span class='ocrx_word' id='word_1_267' title='bbox 3112 1341 3208 1394; x_wconf 87' lang='lat' dir='ltr'><strong>scd</strong></span> <span class='ocrx_word' id='word_1_268' title='bbox 3265 1343 3440 1412; x_wconf 89' lang='lat' dir='ltr'><strong>ipsum</strong></span> 
     </span>
    </p>
   </div>
   <div class='ocr_carea' id='block_1_42' title="bbox 1880 1408 3440 1495">
    <p class='ocr_par' dir='ltr' id='par_1_42' title="bbox 1880 1408 3440 1495">
     <span class='ocr_line' id='line_1_42' title="bbox 1880 1408 3440 1495; baseline 0.017 -32"><span class='ocrx_word' id='word_1_269' title='bbox 1880 1408 1983 1464; x_wconf 89' lang='lat' dir='ltr'><strong>Lot</strong></span> <span class='ocrx_word' id='word_1_270' title='bbox 2035 1411 2295 1469; x_wconf 86' lang='lat' dir='ltr'><strong>imitatur.</strong></span> <span class='ocrx_word' id='word_1_271' title='bbox 2323 1416 2497 1472; x_wconf 84' lang='lat' dir='ltr'><strong>Corda</strong></span> <span class='ocrx_word' id='word_1_272' title='bbox 2538 1424 2676 1475; x_wconf 86' lang='lat' dir='ltr'><strong>enim</strong></span> <span class='ocrx_word' id='word_1_273' title='bbox 2739 1442 2857 1495; x_wconf 80' lang='lat' dir='ltr'><strong>qua:</strong></span> <span class='ocrx_word' id='word_1_274' title='bbox 2912 1429 3042 1482; x_wconf 82' lang='lat' dir='ltr'><strong>illac</strong></span> <span class='ocrx_word' id='word_1_275' title='bbox 3072 1408 3440 1491; x_wconf 37' lang='lat' dir='ltr'><strong>reversa‘snnt.</strong></span> 
     </span>
    </p>
   </div>
   <div class='ocr_carea' id='block_1_43' title="bbox 1881 1497 3444 1588">
    <p class='ocr_par' dir='ltr' id='par_1_43' title="bbox 1881 1497 3444 1588">
     <span class='ocr_line' id='line_1_43' title="bbox 1881 1497 3444 1588; baseline 0.019 -36"><span class='ocrx_word' id='word_1_276' title='bbox 1881 1497 2035 1565; x_wconf 84' lang='lat' dir='ltr'><strong>Vide,</strong></span> <span class='ocrx_word' id='word_1_277' title='bbox 2065 1502 2140 1558; x_wconf 91' lang='lat' dir='ltr'><strong>ait</strong></span> <span class='ocrx_word' id='word_1_278' title='bbox 2179 1517 2416 1574; x_wconf 85' lang='lat' dir='ltr'><strong>sanctus,</strong></span> <span class='ocrx_word' id='word_1_279' title='bbox 2458 1514 2731 1580; x_wconf 84' lang='lat' dir='ltr'><strong>quomodo</strong></span> <span class='ocrx_word' id='word_1_280' title='bbox 2760 1532 2867 1571; x_wconf 93' lang='lat' dir='ltr'><strong>non</strong></span> <span class='ocrx_word' id='word_1_281' title='bbox 2899 1520 2964 1573; x_wconf 90' lang='lat' dir='ltr'><strong>ad</strong></span> <span class='ocrx_word' id='word_1_282' title='bbox 3007 1536 3115 1588; x_wconf 91' lang='lat' dir='ltr'><strong>res,</strong></span> <span class='ocrx_word' id='word_1_283' title='bbox 3145 1523 3242 1576; x_wconf 80' lang='lat' dir='ltr'><strong>fuit</strong></span> <span class='ocrx_word' id='word_1_284' title='bbox 3272 1526 3444 1581; x_wconf 78' lang='lat' dir='ltr'><strong>lsrac~</strong></span> 
     </span>
    </p>
   </div>
   <div class='ocr_carea' id='block_1_44' title="bbox 1880 1587 3440 1669">
    <p class='ocr_par' dir='ltr' id='par_1_44' title="bbox 1880 1587 3440 1669">
     <span class='ocr_line' id='line_1_44' title="bbox 1880 1587 3440 1669; baseline 0.017 -25"><span class='ocrx_word' id='word_1_285' title='bbox 1880 1587 2093 1645; x_wconf 90' lang='lat' dir='ltr'><strong>litarum</strong></span> <span class='ocrx_word' id='word_1_286' title='bbox 2146 1599 2451 1661; x_wconf 89' lang='lat' dir='ltr'><strong>conversio,</strong></span> <span class='ocrx_word' id='word_1_287' title='bbox 2499 1602 2593 1655; x_wconf 90' lang='lat' dir='ltr'><strong>sed</strong></span> <span class='ocrx_word' id='word_1_288' title='bbox 2644 1606 2709 1657; x_wconf 84' lang='lat' dir='ltr'><strong>ad</strong></span> <span class='ocrx_word' id='word_1_289' title='bbox 2746 1619 3026 1664; x_wconf 84' lang='lat' dir='ltr'><strong>sermones</strong></span> <span class='ocrx_word' id='word_1_290' title='bbox 3084 1587 3266 1666; x_wconf 85' lang='lat' dir='ltr'><strong>rerum</strong></span> <span class='ocrx_word' id='word_1_291' title='bbox 3315 1625 3440 1669; x_wconf 88' lang='lat' dir='ltr'><strong>tan-</strong></span> 
     </span>
    </p>
   </div>
   <div class='ocr_carea' id='block_1_45' title="bbox 1876 1685 3436 1768">
    <p class='ocr_par' dir='ltr' id='par_1_45' title="bbox 1876 1685 3436 1768">
     <span class='ocr_line' id='line_1_45' title="bbox 1876 1685 3436 1768; baseline 0.018 -37"><span class='ocrx_word' id='word_1_292' title='bbox 1876 1690 1992 1732; x_wconf 88' lang='lat' dir='ltr'><strong>tum</strong></span> <span class='ocrx_word' id='word_1_293' title='bbox 2040 1695 2224 1736; x_wconf 90' lang='lat' dir='ltr'><strong>eorum</strong></span> <span class='ocrx_word' id='word_1_294' title='bbox 2268 1685 2494 1743; x_wconf 89' lang='lat' dir='ltr'><strong>intentio</strong></span> <span class='ocrx_word' id='word_1_295' title='bbox 2521 1699 2577 1745; x_wconf 91' lang='lat' dir='ltr'><strong>et</strong></span> <span class='ocrx_word' id='word_1_296' title='bbox 2626 1692 2836 1748; x_wconf 78' lang='lat' dir='ltr'><strong>atleetio</strong></span> <span class='ocrx_word' id='word_1_297' title='bbox 2870 1700 3324 1768; x_wconf 82' lang='lat' dir='ltr'><strong>apprOpinquavit</strong></span> <span class='ocrx_word' id='word_1_298' title='bbox 3381 1716 3436 1759; x_wconf 90' lang='lat' dir='ltr'><strong>et</strong></span> 
     </span>
    </p>
   </div>
   <div class='ocr_carea' id='block_1_46' title="bbox 1875 1771 3437 1847">
    <p class='ocr_par' dir='ltr' id='par_1_46' title="bbox 1875 1771 3437 1847">
     <span class='ocr_line' id='line_1_46' title="bbox 1875 1771 3437 1847; baseline 0.017 -26"><span class='ocrx_word' id='word_1_299' title='bbox 1875 1771 2096 1836; x_wconf 87' lang='lat' dir='ltr'><strong>erravit,</strong></span> <span class='ocrx_word' id='word_1_300' title='bbox 2142 1780 2199 1827; x_wconf 89' lang='lat' dir='ltr'><strong>et</strong></span> <span class='ocrx_word' id='word_1_301' title='bbox 2248 1788 2529 1846; x_wconf 87' lang='lat' dir='ltr'><strong>propterea</strong></span> <span class='ocrx_word' id='word_1_302' title='bbox 2603 1784 2943 1840; x_wconf 86' lang='lat' dir='ltr'><strong>condemnati</strong></span> <span class='ocrx_word' id='word_1_303' title='bbox 2997 1786 3213 1843; x_wconf 78' lang='lat' dir='ltr'><strong>fuerunt</strong></span> <span class='ocrx_word' id='word_1_304' title='bbox 3254 1811 3266 1845; x_wconf 93' lang='lat'><strong>:</strong></span> <span class='ocrx_word' id='word_1_305' title='bbox 3329 1808 3437 1847; x_wconf 88' lang='lat' dir='ltr'><strong>non</strong></span> 
     </span>
    </p>
   </div>
   <div class='ocr_carea' id='block_1_47' title="bbox 1806 1837 3433 1953">
    <p class='ocr_par' dir='ltr' id='par_1_47' title="bbox 1806 1837 3433 1953">
     <span class='ocr_line' id='line_1_47' title="bbox 1806 1837 3433 1953; baseline 0.016 -41"><span class='ocrx_word' id='word_1_306' title='bbox 1806 1837 1848 1892; x_wconf 72' lang='grc' dir='ltr'><strong>Β</strong></span> <span class='ocrx_word' id='word_1_307' title='bbox 1875 1861 2020 1915; x_wconf 89' lang='lat' dir='ltr'><strong>enim</strong></span> <span class='ocrx_word' id='word_1_308' title='bbox 2045 1862 2100 1916; x_wconf 91' lang='lat' dir='ltr'><strong>in</strong></span> <span class='ocrx_word' id='word_1_309' title='bbox 2128 1837 2442 1936; x_wconf 60' lang='lat' dir='ltr'><strong>Egvptum,</strong></span> <span class='ocrx_word' id='word_1_310' title='bbox 2468 1871 2559 1925; x_wconf 90' lang='lat' dir='ltr'><strong>sed</strong></span> <span class='ocrx_word' id='word_1_311' title='bbox 2586 1874 2652 1927; x_wconf 89' lang='lat' dir='ltr'><strong>ad</strong></span> <span class='ocrx_word' id='word_1_312' title='bbox 2676 1837 3433 1953; x_wconf 88' lang='lat' dir='ltr'><strong>ea</strong></span> 
     </span>
    </p>
   </div>
   <div class='ocr_carea' id='block_1_48' title="bbox 1876 1957 3427 2038">
    <p class='ocr_par' dir='ltr' id='par_1_48' title="bbox 1876 1957 3427 2038">
     <span class='ocr_line' id='line_1_48' title="bbox 1876 1957 3427 2038; baseline 0.016 -34"><span class='ocrx_word' id='word_1_313' title='bbox 1876 1965 2033 2007; x_wconf 89' lang='lat' dir='ltr'><strong>mens</strong></span> <span class='ocrx_word' id='word_1_314' title='bbox 2077 1957 2256 2024; x_wconf 94' lang='lat' dir='ltr'><strong>populi</strong></span> <span class='ocrx_word' id='word_1_315' title='bbox 2290 1960 2583 2016; x_wconf 88' lang='lat' dir='ltr'><strong>descendit.</strong></span> <span class='ocrx_word' id='word_1_316' title='bbox 2618 1964 2770 2019; x_wconf 84' lang='lat' dir='ltr'><strong>Time</strong></span> <span class='ocrx_word' id='word_1_317' title='bbox 2798 1966 2983 2037; x_wconf 81' lang='lat' dir='ltr'><strong>igitur,</strong></span> <span class='ocrx_word' id='word_1_318' title='bbox 3013 1980 3067 2024; x_wconf 91' lang='lat' dir='ltr'><strong>et</strong></span> <span class='ocrx_word' id='word_1_319' title='bbox 3100 1980 3153 2024; x_wconf 92' lang='lat' dir='ltr'><strong>tu</strong></span> <span class='ocrx_word' id='word_1_320' title='bbox 3184 1973 3427 2038; x_wconf 87' lang='lat' dir='ltr'><strong>humilis,</strong></span> 
     </span>
    </p>
   </div>
   <div class='ocr_carea' id='block_1_49' title="bbox 1873 2042 3436 2123">
    <p class='ocr_par' dir='ltr' id='par_1_49' title="bbox 1873 2042 3436 2123">
     <span class='ocr_line' id='line_1_49' title="bbox 1873 2042 3436 2123; baseline 0.017 -28"><span class='ocrx_word' id='word_1_321' title='bbox 1873 2051 1928 2096; x_wconf 88' lang='lat' dir='ltr'><strong>et</strong></span> <span class='ocrx_word' id='word_1_322' title='bbox 1956 2042 2050 2098; x_wconf 88' lang='lat' dir='ltr'><strong>Dei</strong></span> <span class='ocrx_word' id='word_1_323' title='bbox 2100 2061 2277 2113; x_wconf 90' lang='lat' dir='ltr'><strong>serve,</strong></span> <span class='ocrx_word' id='word_1_324' title='bbox 2304 2051 2371 2105; x_wconf 91' lang='lat' dir='ltr'><strong>ad</strong></span> <span class='ocrx_word' id='word_1_325' title='bbox 2414 2053 2768 2123; x_wconf 84' lang='lat' dir='ltr'><strong>cogitationes</strong></span> <span class='ocrx_word' id='word_1_326' title='bbox 2806 2059 3055 2114; x_wconf 88' lang='lat' dir='ltr'><strong>vitiorum</strong></span> <span class='ocrx_word' id='word_1_327' title='bbox 3090 2063 3284 2120; x_wconf 88' lang='lat' dir='ltr'><strong>habere</strong></span> <span class='ocrx_word' id='word_1_328' title='bbox 3306 2082 3436 2121; x_wconf 88' lang='lat' dir='ltr'><strong>con-</strong></span> 
     </span>
    </p>
   </div>
   <div class='ocr_carea' id='block_1_50' title="bbox 1873 2142 3435 2219">
    <p class='ocr_par' dir='ltr' id='par_1_50' title="bbox 1873 2142 3435 2219">
     <span class='ocr_line' id='line_1_50' title="bbox 1873 2142 3435 2219; baseline 0.017 -32"><span class='ocrx_word' id='word_1_329' title='bbox 1873 2146 2116 2204; x_wconf 86' lang='lat' dir='ltr'><strong>sensum,</strong></span> <span class='ocrx_word' id='word_1_330' title='bbox 2152 2153 2219 2193; x_wconf 90' lang='lat' dir='ltr'><strong>ne</strong></span> <span class='ocrx_word' id='word_1_331' title='bbox 2265 2142 2429 2196; x_wconf 90' lang='lat' dir='ltr'><strong>etiam</strong></span> <span class='ocrx_word' id='word_1_332' title='bbox 2460 2153 2514 2199; x_wconf 91' lang='lat' dir='ltr'><strong>tu</strong></span> <span class='ocrx_word' id='word_1_333' title='bbox 2559 2144 2836 2203; x_wconf 89' lang='lat' dir='ltr'><strong>damneris</strong></span> <span class='ocrx_word' id='word_1_334' title='bbox 2880 2165 2975 2219; x_wconf 89' lang='lat' dir='ltr'><strong>per</strong></span> <span class='ocrx_word' id='word_1_335' title='bbox 3015 2167 3128 2207; x_wconf 90' lang='lat' dir='ltr'><strong>eas.</strong></span> <span class='ocrx_word' id='word_1_336' title='bbox 3160 2154 3227 2209; x_wconf 85' lang='lat' dir='ltr'><strong>Et</strong></span> <span class='ocrx_word' id='word_1_337' title='bbox 3263 2157 3435 2213; x_wconf 78' lang='lat' dir='ltr'><strong>Moses</strong></span> 
     </span>
    </p>
   </div>
   <div class='ocr_carea' id='block_1_51' title="bbox 1873 2224 3437 2312">
    <p class='ocr_par' dir='ltr' id='par_1_51' title="bbox 1873 2224 3437 2312">
     <span class='ocr_line' id='line_1_51' title="bbox 1873 2224 3437 2312; baseline 0.018 -35"><span class='ocrx_word' id='word_1_338' title='bbox 1873 2224 1967 2278; x_wconf 80' lang='lat' dir='ltr'><strong>ille</strong></span> <span class='ocrx_word' id='word_1_339' title='bbox 1990 2228 2080 2296; x_wconf 85' lang='lat' dir='ltr'><strong>qui</strong></span> <span class='ocrx_word' id='word_1_340' title='bbox 2116 2227 2279 2283; x_wconf 86' lang='lat' dir='ltr'><strong>Deum</strong></span> <span class='ocrx_word' id='word_1_341' title='bbox 2303 2232 2840 2308; x_wconf 68' lang='lat' dir='ltr'><strong>viderat:A3gyptus,</strong></span> <span class='ocrx_word' id='word_1_342' title='bbox 2875 2240 2965 2295; x_wconf 89' lang='lat' dir='ltr'><strong>Dei</strong></span> <span class='ocrx_word' id='word_1_343' title='bbox 2998 2242 3352 2312; x_wconf 80' lang='lat' dir='ltr'><strong>ignorantiam</strong></span> <span class='ocrx_word' id='word_1_344' title='bbox 3383 2262 3437 2305; x_wconf 90' lang='lat' dir='ltr'><strong>et</strong></span> 
     </span>
    </p>
   </div>
   <div class='ocr_carea' id='block_1_52' title="bbox 1871 2322 3432 2404">
    <p class='ocr_par' dir='ltr' id='par_1_52' title="bbox 1871 2322 3432 2404">
     <span class='ocr_line' id='line_1_52' title="bbox 1871 2322 3432 2404; baseline 0.02 -39"><span class='ocrx_word' id='word_1_345' title='bbox 1871 2326 2171 2383; x_wconf 84' lang='lat' dir='ltr'><strong>peccatum,</strong></span> <span class='ocrx_word' id='word_1_346' title='bbox 2204 2330 2257 2373; x_wconf 91' lang='lat' dir='ltr'><strong>et</strong></span> <span class='ocrx_word' id='word_1_347' title='bbox 2299 2322 2630 2393; x_wconf 85' lang='lat' dir='ltr'><strong>impietatem</strong></span> <span class='ocrx_word' id='word_1_348' title='bbox 2663 2328 2951 2396; x_wconf 78' lang='lat' dir='ltr'><strong>signiﬁcat,</strong></span> <span class='ocrx_word' id='word_1_349' title='bbox 2981 2332 3191 2404; x_wconf 82' lang='lat' dir='ltr'><strong>Moyses</strong></span> <span class='ocrx_word' id='word_1_350' title='bbox 3230 2350 3432 2404; x_wconf 89' lang='lat' dir='ltr'><strong>autem,</strong></span> 
     </span>
    </p>
   </div>
   <div class='ocr_carea' id='block_1_53' title="bbox 1871 2405 3435 2491">
    <p class='ocr_par' dir='ltr' id='par_1_53' title="bbox 1871 2405 3435 2491">
     <span class='ocr_line' id='line_1_53' title="bbox 1871 2405 3435 2491; baseline 0.018 -34"><span class='ocrx_word' id='word_1_351' title='bbox 1871 2405 2137 2475; x_wconf 79' lang='lat' dir='ltr'><strong>perfectos</strong></span> <span class='ocrx_word' id='word_1_352' title='bbox 2164 2409 2309 2463; x_wconf 85' lang='lat' dir='ltr'><strong>viros</strong></span> <span class='ocrx_word' id='word_1_353' title='bbox 2340 2419 2392 2465; x_wconf 90' lang='grc' dir='ltr'><strong>ει</strong></span> <span class='ocrx_word' id='word_1_354' title='bbox 2418 2413 2509 2467; x_wconf 86' lang='lat' dir='ltr'><strong>Dei</strong></span> <span class='ocrx_word' id='word_1_355' title='bbox 2538 2416 2933 2485; x_wconf 74' lang='lat' dir='ltr'><strong>praedicatores,</strong></span> <span class='ocrx_word' id='word_1_356' title='bbox 2962 2423 3051 2491; x_wconf 91' lang='lat' dir='ltr'><strong>qui</strong></span> <span class='ocrx_word' id='word_1_357' title='bbox 3083 2438 3206 2479; x_wconf 89' lang='lat' dir='ltr'><strong>cum</strong></span> <span class='ocrx_word' id='word_1_358' title='bbox 3238 2430 3435 2484; x_wconf 81' lang='lat' dir='ltr'><strong>talibus</strong></span> 
     </span>
    </p>
   </div>
   <div class='ocr_carea' id='block_1_54' title="bbox 1869 2496 3433 2587">
    <p class='ocr_par' dir='ltr' id='par_1_54' title="bbox 1869 2496 3433 2587">
     <span class='ocr_line' id='line_1_54' title="bbox 1869 2496 3433 2587; baseline 0.019 -41"><span class='ocrx_word' id='word_1_359' title='bbox 1869 2496 2065 2551; x_wconf 87' lang='lat' dir='ltr'><strong>multas</strong></span> <span class='ocrx_word' id='word_1_360' title='bbox 2099 2501 2367 2554; x_wconf 89' lang='lat' dir='ltr'><strong>sustinent</strong></span> <span class='ocrx_word' id='word_1_361' title='bbox 2403 2504 2926 2565; x_wconf 79' lang='lat' dir='ltr'><strong>tenebrel‘aetiones:</strong></span> <span class='ocrx_word' id='word_1_362' title='bbox 2966 2514 3058 2581; x_wconf 89' lang='lat' dir='ltr'><strong>qui</strong></span> <span class='ocrx_word' id='word_1_363' title='bbox 3123 2530 3264 2584; x_wconf 78' lang='lat' dir='ltr'><strong>saepe</strong></span> <span class='ocrx_word' id='word_1_364' title='bbox 3308 2535 3433 2587; x_wconf 87' lang='lat' dir='ltr'><strong>pro-</strong></span> 
     </span>
    </p>
   </div>
   <div class='ocr_carea' id='block_1_55' title="bbox 1865 2580 3429 2671">
    <p class='ocr_par' dir='ltr' id='par_1_55' title="bbox 1865 2580 3429 2671">
     <span class='ocr_line' id='line_1_55' title="bbox 1865 2580 3429 2671; baseline 0.016 -36"><span class='ocrx_word' id='word_1_365' title='bbox 1865 2580 2012 2647; x_wconf 85' lang='lat' dir='ltr'><strong>l‘ecti,</strong></span> <span class='ocrx_word' id='word_1_366' title='bbox 2038 2599 2101 2637; x_wconf 76' lang='lat' dir='ltr'><strong>ex</strong></span> <span class='ocrx_word' id='word_1_367' title='bbox 2135 2586 2454 2654; x_wconf 82' lang='lat' dir='ltr'><strong>ignorantia,</strong></span> <span class='ocrx_word' id='word_1_368' title='bbox 2488 2603 2707 2660; x_wconf 88' lang='lat' dir='ltr'><strong>peccato</strong></span> <span class='ocrx_word' id='word_1_369' title='bbox 2736 2604 2789 2649; x_wconf 93' lang='lat' dir='ltr'><strong>et</strong></span> <span class='ocrx_word' id='word_1_370' title='bbox 2814 2580 3083 2665; x_wconf 79' lang='lat' dir='ltr'><strong>impietate</strong></span> <span class='ocrx_word' id='word_1_371' title='bbox 3142 2580 3429 2671; x_wconf 74' lang='lat' dir='ltr'><strong>pravorum</strong></span> 
     </span>
    </p>
   </div>
   <div class='ocr_carea' id='block_1_56' title="bbox 1866 2681 3431 2758">
    <p class='ocr_par' dir='ltr' id='par_1_56' title="bbox 1866 2681 3431 2758">
     <span class='ocr_line' id='line_1_56' title="bbox 1866 2681 3431 2758; baseline 0.019 -34"><span class='ocrx_word' id='word_1_372' title='bbox 1866 2688 2156 2741; x_wconf 80' lang='lat' dir='ltr'><strong>gravantur</strong></span> <span class='ocrx_word' id='word_1_373' title='bbox 2185 2694 2197 2730; x_wconf 92' lang='lat'><strong>:</strong></span> <span class='ocrx_word' id='word_1_374' title='bbox 2233 2688 2285 2731; x_wconf 89' lang='lat' dir='ltr'><strong>et</strong></span> <span class='ocrx_word' id='word_1_375' title='bbox 2340 2681 2539 2749; x_wconf 67' lang='lat' dir='ltr'><strong>saepius</strong></span> <span class='ocrx_word' id='word_1_376' title='bbox 2574 2687 2879 2754; x_wconf 78' lang='lat' dir='ltr'><strong>exaggerati</strong></span> <span class='ocrx_word' id='word_1_377' title='bbox 2914 2688 3025 2758; x_wconf 77' lang='grc'><strong>(10)</strong></span> <span class='ocrx_word' id='word_1_378' title='bbox 3056 2699 3431 2751; x_wconf 89' lang='lat' dir='ltr'><strong>conversatio-</strong></span> 
     </span>
    </p>
   </div>
   <div class='ocr_carea' id='block_1_57' title="bbox 1865 2770 3430 2845">
    <p class='ocr_par' dir='ltr' id='par_1_57' title="bbox 1865 2770 3430 2845">
     <span class='ocr_line' id='line_1_57' title="bbox 1865 2770 3430 2845; baseline 0.017 -28"><span class='ocrx_word' id='word_1_379' title='bbox 1865 2780 1932 2819; x_wconf 88' lang='lat' dir='ltr'><strong>ne</strong></span> <span class='ocrx_word' id='word_1_380' title='bbox 1961 2770 2248 2835; x_wconf 87' lang='lat' dir='ltr'><strong>malorum,</strong></span> <span class='ocrx_word' id='word_1_381' title='bbox 2286 2773 2447 2840; x_wconf 88' lang='lat' dir='ltr'><strong>quasi</strong></span> <span class='ocrx_word' id='word_1_382' title='bbox 2494 2776 2817 2844; x_wconf 89' lang='lat' dir='ltr'><strong>quibusdam</strong></span> <span class='ocrx_word' id='word_1_383' title='bbox 2863 2780 3148 2840; x_wconf 78' lang='lat' dir='ltr'><strong>anxietatis</strong></span> <span class='ocrx_word' id='word_1_384' title='bbox 3197 2791 3430 2845; x_wconf 80' lang='lat' dir='ltr'><strong>tenebris</strong></span> 
     </span>
    </p>
   </div>
   <div class='ocr_carea' id='block_1_58' title="bbox 1865 2855 3433 2953">
    <p class='ocr_par' dir='ltr' id='par_1_58' title="bbox 1865 2855 3433 2953">
     <span class='ocr_line' id='line_1_58' title="bbox 1865 2855 3433 2953; baseline 0.018 -44"><span class='ocrx_word' id='word_1_385' title='bbox 1865 2855 2237 2928; x_wconf 88' lang='lat' dir='ltr'><strong>involvuntur,</strong></span> <span class='ocrx_word' id='word_1_386' title='bbox 2268 2864 2396 2917; x_wconf 91' lang='lat' dir='ltr'><strong>dum</strong></span> <span class='ocrx_word' id='word_1_387' title='bbox 2436 2879 2503 2919; x_wconf 82' lang='lat' dir='ltr'><strong>ex</strong></span> <span class='ocrx_word' id='word_1_388' title='bbox 2539 2869 2654 2939; x_wconf 66' lang='lat' dir='ltr'><strong>zelo</strong></span> <span class='ocrx_word' id='word_1_389' title='bbox 2691 2870 2983 2932; x_wconf 70' lang='lat' dir='ltr'><strong>Dominica:</strong></span> <span class='ocrx_word' id='word_1_390' title='bbox 3010 2878 3205 2946; x_wconf 88' lang='lat' dir='ltr'><strong>laudis,</strong></span> <span class='ocrx_word' id='word_1_391' title='bbox 3268 2900 3433 2953; x_wconf 86' lang='lat' dir='ltr'><strong>super</strong></span> 
     </span>
    </p>
   </div>
   <div class='ocr_carea' id='block_1_59' title="bbox 1862 2951 3430 3034">
    <p class='ocr_par' dir='ltr' id='par_1_59' title="bbox 1862 2951 3430 3034">
     <span class='ocr_line' id='line_1_59' title="bbox 1862 2951 3430 3034; baseline 0.018 -33"><span class='ocrx_word' id='word_1_392' title='bbox 1862 2951 2157 3005; x_wconf 86' lang='lat' dir='ltr'><strong>carnalium</strong></span> <span class='ocrx_word' id='word_1_393' title='bbox 2188 2952 2538 3010; x_wconf 74' lang='lat' dir='ltr'><strong>otfensionem</strong></span> <span class='ocrx_word' id='word_1_394' title='bbox 2572 2961 2951 3022; x_wconf 88' lang='lat' dir='ltr'><strong>molestantur.</strong></span> <span class='ocrx_word' id='word_1_395' title='bbox 3019 2967 3121 3034; x_wconf 85' lang='lat' dir='ltr'><strong>Qui</strong></span> <span class='ocrx_word' id='word_1_396' title='bbox 3178 2974 3247 3027; x_wconf 91' lang='lat' dir='ltr'><strong>ad</strong></span> <span class='ocrx_word' id='word_1_397' title='bbox 3303 2951 3430 3029; x_wconf 78' lang='lat' dir='ltr'><strong>suos</strong></span> 
     </span>
    </p>
   </div>
   <div class='ocr_carea' id='block_1_60' title="bbox 1864 3042 3429 3131">
    <p class='ocr_par' dir='ltr' id='par_1_60' title="bbox 1864 3042 3429 3131">
     <span class='ocr_line' id='line_1_60' title="bbox 1864 3042 3429 3131; baseline 0.016 -36"><span class='ocrx_word' id='word_1_398' title='bbox 1864 3042 2153 3097; x_wconf 90' lang='lat' dir='ltr'><strong>mittnntur</strong></span> <span class='ocrx_word' id='word_1_399' title='bbox 2176 3045 2379 3100; x_wconf 80' lang='lat' dir='ltr'><strong>eisdem</strong></span> <span class='ocrx_word' id='word_1_400' title='bbox 2419 3050 2720 3108; x_wconf 85' lang='lat' dir='ltr'><strong>rationibus</strong></span> <span class='ocrx_word' id='word_1_401' title='bbox 2777 3057 2977 3124; x_wconf 90' lang='lat' dir='ltr'><strong>quibus</strong></span> <span class='ocrx_word' id='word_1_402' title='bbox 3028 3061 3080 3114; x_wconf 94' lang='lat' dir='ltr'><strong>in</strong></span> <span class='ocrx_word' id='word_1_403' title='bbox 3141 3063 3429 3131; x_wconf 87' lang='lat' dir='ltr'><strong>Nazareth,</strong></span> 
     </span>
    </p>
   </div>
   <div class='ocr_carea' id='block_1_61' title="bbox 184 3131 3431 3225">
    <p class='ocr_par' dir='ltr' id='par_1_61' title="bbox 184 3131 3431 3225">
     <span class='ocr_line' id='line_1_61' title="bbox 184 3131 3431 3225; baseline 0.013 -54"><span class='ocrx_word' id='word_1_404' title='bbox 184 3139 329 3184; x_wconf 68' lang='lat' dir='ltr'><strong>sum</strong></span> <span class='ocrx_word' id='word_1_405' title='bbox 350 3140 525 3196; x_wconf 61' lang='lat' dir='ltr'><strong>eum,</strong></span> <span class='ocrx_word' id='word_1_406' title='bbox 564 3134 815 3202; x_wconf 67' lang='lat' dir='ltr'><strong>superius</strong></span> <span class='ocrx_word' id='word_1_407' title='bbox 850 3134 1032 3211; x_wconf 52' lang='lat' dir='ltr'><strong>dictis,</strong></span> <span class='ocrx_word' id='word_1_408' title='bbox 1079 3151 1111 3185; x_wconf 66' lang='grc' dir='ltr'><strong>ει</strong></span> <span class='ocrx_word' id='word_1_409' title='bbox 1133 3136 1330 3207; x_wconf 63' lang='lat' dir='ltr'><strong>quibus</strong></span> <span class='ocrx_word' id='word_1_410' title='bbox 1357 3138 1637 3203; x_wconf 52' lang='lat' dir='ltr'><strong>alienatus,</strong></span> <span class='ocrx_word' id='word_1_411' title='bbox 1674 3154 1758 3191; x_wconf 73' lang='lat' dir='ltr'><strong>ra-</strong></span> <span class='ocrx_word' id='word_1_412' title='bbox 1786 3167 1829 3225; x_wconf 65' lang='grc' dir='ltr'>ο</span> <span class='ocrx_word' id='word_1_413' title='bbox 1866 3131 2129 3188; x_wconf 90' lang='lat' dir='ltr'><strong>Dominus</strong></span> <span class='ocrx_word' id='word_1_414' title='bbox 2158 3137 2400 3192; x_wconf 86' lang='lat' dir='ltr'><strong>ridebat:</strong></span> <span class='ocrx_word' id='word_1_415' title='bbox 2438 3141 2709 3209; x_wconf 91' lang='lat' dir='ltr'><strong>videlicet,</strong></span> <span class='ocrx_word' id='word_1_416' title='bbox 2742 3160 2808 3199; x_wconf 89' lang='lat' dir='ltr'><strong>ne</strong></span> <span class='ocrx_word' id='word_1_417' title='bbox 2828 3146 2969 3204; x_wconf 83' lang='lat' dir='ltr'><strong>forte</strong></span> <span class='ocrx_word' id='word_1_418' title='bbox 3005 3152 3286 3210; x_wconf 85' lang='lat' dir='ltr'><strong>dicerent:</strong></span> <span class='ocrx_word' id='word_1_419' title='bbox 3321 3158 3431 3212; x_wconf 82' lang='lat' dir='ltr'><strong>Me-</strong></span> 
     </span>
    </p>
   </div>
   <div class='ocr_carea' id='block_1_62' title="bbox 187 3222 1759 3281">
    <p class='ocr_par' dir='ltr' id='par_1_62' title="bbox 187 3222 1759 3281">
     <span class='ocr_line' id='line_1_62' title="bbox 187 3222 1759 3281; baseline 0.004 -7"><span class='ocrx_word' id='word_1_420' title='bbox 187 3222 511 3276; x_wconf 80' lang='lat' dir='ltr'><strong>tionahilem</strong></span> <span class='ocrx_word' id='word_1_421' title='bbox 550 3231 607 3276; x_wconf 88' lang='lat' dir='ltr'><strong>et</strong></span> <span class='ocrx_word' id='word_1_422' title='bbox 672 3224 809 3277; x_wconf 86' lang='lat' dir='ltr'><strong>bene</strong></span> <span class='ocrx_word' id='word_1_423' title='bbox 852 3223 1109 3279; x_wconf 77' lang='lat' dir='ltr'><strong>ferentem</strong></span> <span class='ocrx_word' id='word_1_424' title='bbox 1165 3227 1230 3279; x_wconf 91' lang='lat' dir='ltr'><strong>ad</strong></span> <span class='ocrx_word' id='word_1_425' title='bbox 1280 3226 1507 3281; x_wconf 88' lang='lat' dir='ltr'><strong>salutem</strong></span> <span class='ocrx_word' id='word_1_426' title='bbox 1560 3227 1759 3281; x_wconf 80' lang='lat' dir='ltr'><strong>incedit</strong></span> 
     </span>
    </p>
   </div>
   <div class='ocr_carea' id='block_1_63' title="bbox 185 3311 1757 3383">
    <p class='ocr_par' dir='ltr' id='par_1_63' title="bbox 185 3311 1757 3383">
     <span class='ocr_line' id='line_1_63' title="bbox 185 3311 1757 3383; baseline 0.003 -21"><span class='ocrx_word' id='word_1_427' title='bbox 185 3313 365 3364; x_wconf 61' lang='lat' dir='ltr'><strong>viam.</strong></span> <span class='ocrx_word' id='word_1_428' title='bbox 417 3311 614 3367; x_wconf 89' lang='lat' dir='ltr'><strong>Statim</strong></span> <span class='ocrx_word' id='word_1_429' title='bbox 650 3322 707 3365; x_wconf 82' lang='lat' dir='ltr'><strong>ut</strong></span> <span class='ocrx_word' id='word_1_430' title='bbox 734 3315 1019 3383; x_wconf 82' lang='lat' dir='ltr'><strong>susceperis</strong></span> <span class='ocrx_word' id='word_1_431' title='bbox 1048 3315 1341 3382; x_wconf 79' lang='lat' dir='ltr'><strong>ﬂammam,</strong></span> <span class='ocrx_word' id='word_1_432' title='bbox 1394 3334 1563 3371; x_wconf 82' lang='lat' dir='ltr'><strong>curre.</strong></span> <span class='ocrx_word' id='word_1_433' title='bbox 1626 3316 1757 3370; x_wconf 82' lang='lat' dir='ltr'><strong>Pro-</strong></span> 
     </span>
    </p>
   </div>
   <div class='ocr_carea' id='block_1_64' title="bbox 184 3405 1753 3481">
    <p class='ocr_par' dir='ltr' id='par_1_64' title="bbox 184 3405 1753 3481">
     <span class='ocr_line' id='line_1_64' title="bbox 184 3405 1753 3481; baseline 0.004 -24"><span class='ocrx_word' id='word_1_434' title='bbox 184 3414 317 3475; x_wconf 78' lang='lat' dir='ltr'><strong>pter</strong></span> <span class='ocrx_word' id='word_1_435' title='bbox 346 3412 586 3459; x_wconf 90' lang='lat' dir='ltr'><strong>nostram</strong></span> <span class='ocrx_word' id='word_1_436' title='bbox 618 3405 1040 3462; x_wconf 86' lang='lat' dir='ltr'><strong>inconstantiam</strong></span> <span class='ocrx_word' id='word_1_437' title='bbox 1083 3416 1138 3462; x_wconf 90' lang='lat' dir='ltr'><strong>et</strong></span> <span class='ocrx_word' id='word_1_438' title='bbox 1179 3409 1577 3464; x_wconf 89' lang='lat' dir='ltr'><strong>vertibilitatem</strong></span> <span class='ocrx_word' id='word_1_439' title='bbox 1600 3449 1614 3475; x_wconf 94' lang='lat'><strong>,</strong></span> <span class='ocrx_word' id='word_1_440' title='bbox 1650 3426 1753 3481; x_wconf 89' lang='lat' dir='ltr'><strong>qua</strong></span> 
     </span>
    </p>
   </div>
   <div class='ocr_carea' id='block_1_65' title="bbox 184 3494 1757 3569">
    <p class='ocr_par' dir='ltr' id='par_1_65' title="bbox 184 3494 1757 3569">
     <span class='ocr_line' id='line_1_65' title="bbox 184 3494 1757 3569; baseline 0.006 -22"><span class='ocrx_word' id='word_1_441' title='bbox 184 3510 295 3548; x_wconf 57' lang='lat' dir='ltr'><strong>nos</strong></span> <span class='ocrx_word' id='word_1_442' title='bbox 324 3494 467 3563; x_wconf 85' lang='lat' dir='ltr'><strong>ipsos</strong></span> <span class='ocrx_word' id='word_1_443' title='bbox 498 3496 789 3551; x_wconf 87' lang='lat' dir='ltr'><strong>avertimus</strong></span> <span class='ocrx_word' id='word_1_444' title='bbox 813 3513 841 3552; x_wconf 92' lang='lat' dir='ltr'><strong>a</strong></span> <span class='ocrx_word' id='word_1_445' title='bbox 876 3499 1061 3569; x_wconf 75' lang='lat' dir='ltr'><strong>gratia:</strong></span> <span class='ocrx_word' id='word_1_446' title='bbox 1095 3499 1267 3561; x_wconf 88' lang='lat' dir='ltr'><strong>radio,</strong></span> <span class='ocrx_word' id='word_1_447' title='bbox 1303 3499 1554 3561; x_wconf 88' lang='lat' dir='ltr'><strong>dicimur.</strong></span> <span class='ocrx_word' id='word_1_448' title='bbox 1588 3518 1616 3555; x_wconf 92' lang='lat' dir='ltr'><strong>a</strong></span> <span class='ocrx_word' id='word_1_449' title='bbox 1651 3501 1757 3556; x_wconf 90' lang='lat' dir='ltr'><strong>Deo</strong></span> 
     </span>
    </p>
   </div>
   <div class='ocr_carea' id='block_1_66' title="bbox 183 3585 1756 3657">
    <p class='ocr_par' dir='ltr' id='par_1_66' title="bbox 183 3585 1756 3657">
     <span class='ocr_line' id='line_1_66' title="bbox 183 3585 1756 3657; baseline 0.004 -18"><span class='ocrx_word' id='word_1_450' title='bbox 183 3585 450 3654; x_wconf 82' lang='lat' dir='ltr'><strong>relinqui,</strong></span> <span class='ocrx_word' id='word_1_451' title='bbox 481 3586 607 3655; x_wconf 86' lang='lat' dir='ltr'><strong>quia</strong></span> <span class='ocrx_word' id='word_1_452' title='bbox 644 3589 777 3657; x_wconf 88' lang='lat' dir='ltr'><strong>ipse,</strong></span> <span class='ocrx_word' id='word_1_453' title='bbox 802 3589 854 3643; x_wconf 90' lang='lat' dir='ltr'><strong>in</strong></span> <span class='ocrx_word' id='word_1_454' title='bbox 886 3590 997 3644; x_wconf 64' lang='lat' dir='ltr'><strong>s‘nze</strong></span> <span class='ocrx_word' id='word_1_455' title='bbox 1020 3590 1319 3645; x_wconf 88' lang='lat' dir='ltr'><strong>mansionis</strong></span> <span class='ocrx_word' id='word_1_456' title='bbox 1345 3591 1619 3647; x_wconf 87' lang='lat' dir='ltr'><strong>identitate</strong></span> <span class='ocrx_word' id='word_1_457' title='bbox 1655 3593 1756 3645; x_wconf 82' lang='lat' dir='ltr'><strong>int—</strong></span> 
     </span>
    </p>
   </div>
   <div class='ocr_carea' id='block_1_67' title="bbox 182 3680 1757 3750">
    <p class='ocr_par' dir='ltr' id='par_1_67' title="bbox 182 3680 1757 3750">
     <span class='ocr_line' id='line_1_67' title="bbox 182 3680 1757 3750; baseline 0.004 -21"><span class='ocrx_word' id='word_1_458' title='bbox 182 3684 377 3731; x_wconf 85' lang='lat' dir='ltr'><strong>Inotus</strong></span> <span class='ocrx_word' id='word_1_459' title='bbox 404 3692 647 3743; x_wconf 90' lang='lat' dir='ltr'><strong>manens,</strong></span> <span class='ocrx_word' id='word_1_460' title='bbox 669 3689 720 3732; x_wconf 89' lang='lat' dir='ltr'><strong>et</strong></span> <span class='ocrx_word' id='word_1_461' title='bbox 740 3693 798 3733; x_wconf 90' lang='lat' dir='ltr'><strong>se</strong></span> <span class='ocrx_word' id='word_1_462' title='bbox 826 3680 982 3735; x_wconf 88' lang='lat' dir='ltr'><strong>nobis</strong></span> <span class='ocrx_word' id='word_1_463' title='bbox 1009 3680 1303 3735; x_wconf 85' lang='lat' dir='ltr'><strong>immittens</strong></span> <span class='ocrx_word' id='word_1_464' title='bbox 1326 3689 1378 3735; x_wconf 89' lang='lat' dir='ltr'><strong>et</strong></span> <span class='ocrx_word' id='word_1_465' title='bbox 1395 3682 1661 3750; x_wconf 80' lang='lat' dir='ltr'><strong>ingerens,</strong></span> <span class='ocrx_word' id='word_1_466' title='bbox 1686 3699 1757 3736; x_wconf 64' lang='lat' dir='ltr'><strong>aa-</strong></span> 
     </span>
    </p>
   </div>
   <div class='ocr_carea' id='block_1_68' title="bbox 178 3765 1755 3841">
    <p class='ocr_par' dir='ltr' id='par_1_68' title="bbox 178 3765 1755 3841">
     <span class='ocr_line' id='line_1_68' title="bbox 178 3765 1755 3841; baseline 0.005 -23"><span class='ocrx_word' id='word_1_467' title='bbox 178 3765 429 3835; x_wconf 84' lang='lat' dir='ltr'><strong>qualiter</strong></span> <span class='ocrx_word' id='word_1_468' title='bbox 446 3776 497 3821; x_wconf 89' lang='lat' dir='ltr'><strong>et</strong></span> <span class='ocrx_word' id='word_1_469' title='bbox 514 3768 768 3822; x_wconf 90' lang='lat' dir='ltr'><strong>continue</strong></span> <span class='ocrx_word' id='word_1_470' title='bbox 781 3775 831 3824; x_wconf 87' lang='lat' dir='ltr'><strong>et</strong></span> <span class='ocrx_word' id='word_1_471' title='bbox 850 3770 1055 3838; x_wconf 89' lang='lat' dir='ltr'><strong>absque</strong></span> <span class='ocrx_word' id='word_1_472' title='bbox 1075 3786 1423 3839; x_wconf 87' lang='lat' dir='ltr'><strong>personarum</strong></span> <span class='ocrx_word' id='word_1_473' title='bbox 1446 3775 1755 3841; x_wconf 87' lang='lat' dir='ltr'><strong>acceptione</strong></span> 
     </span>
    </p>
   </div>
   <div class='ocr_carea' id='block_1_69' title="bbox 180 3858 1754 3931">
    <p class='ocr_par' dir='ltr' id='par_1_69' title="bbox 180 3858 1754 3931">
     <span class='ocr_line' id='line_1_69' title="bbox 180 3858 1754 3931; baseline 0.004 -20"><span class='ocrx_word' id='word_1_474' title='bbox 180 3873 294 3911; x_wconf 82' lang='lat' dir='ltr'><strong>nos</strong></span> <span class='ocrx_word' id='word_1_475' title='bbox 340 3858 498 3911; x_wconf 90' lang='lat' dir='ltr'><strong>etiam</strong></span> <span class='ocrx_word' id='word_1_476' title='bbox 556 3859 795 3924; x_wconf 86' lang='lat' dir='ltr'><strong>trahens,</strong></span> <span class='ocrx_word' id='word_1_477' title='bbox 857 3861 1142 3915; x_wconf 87' lang='lat' dir='ltr'><strong>mutationi</strong></span> <span class='ocrx_word' id='word_1_478' title='bbox 1199 3878 1306 3915; x_wconf 90' lang='lat' dir='ltr'><strong>non</strong></span> <span class='ocrx_word' id='word_1_479' title='bbox 1353 3864 1563 3931; x_wconf 87' lang='lat' dir='ltr'><strong>subest.</strong></span> <span class='ocrx_word' id='word_1_480' title='bbox 1618 3863 1754 3917; x_wconf 93' lang='lat' dir='ltr'><strong>llinc</strong></span> 
     </span>
    </p>
   </div>
   <div class='ocr_carea' id='block_1_70' title="bbox 177 3948 1753 4019">
    <p class='ocr_par' dir='ltr' id='par_1_70' title="bbox 177 3948 1753 4019">
     <span class='ocr_line' id='line_1_70' title="bbox 177 3948 1753 4019; baseline 0.003 -20"><span class='ocrx_word' id='word_1_481' title='bbox 177 3956 378 3999; x_wconf 86' lang='lat' dir='ltr'><strong>noster</strong></span> <span class='ocrx_word' id='word_1_482' title='bbox 404 3962 669 4012; x_wconf 90' lang='lat' dir='ltr'><strong>recessus,</strong></span> <span class='ocrx_word' id='word_1_483' title='bbox 704 3962 802 4002; x_wconf 89' lang='lat' dir='ltr'><strong>sua</strong></span> <span class='ocrx_word' id='word_1_484' title='bbox 842 3948 1049 4002; x_wconf 87' lang='lat' dir='ltr'><strong>relictio</strong></span> <span class='ocrx_word' id='word_1_485' title='bbox 1082 3950 1300 4015; x_wconf 82' lang='lat' dir='ltr'><strong>dicitur,</strong></span> <span class='ocrx_word' id='word_1_486' title='bbox 1336 3952 1462 4019; x_wconf 85' lang='lat' dir='ltr'><strong>quia</strong></span> <span class='ocrx_word' id='word_1_487' title='bbox 1502 3951 1621 4019; x_wconf 85' lang='lat' dir='ltr'><strong>ejus</strong></span> <span class='ocrx_word' id='word_1_488' title='bbox 1654 3951 1753 4004; x_wconf 92' lang='lat' dir='ltr'><strong>im-</strong></span> 
     </span>
    </p>
   </div>
   <div class='ocr_carea' id='block_1_71' title="bbox 178 4036 1748 4101">
    <p class='ocr_par' dir='ltr' id='par_1_71' title="bbox 178 4036 1748 4101">
     <span class='ocr_line' id='line_1_71' title="bbox 178 4036 1748 4101; baseline 0.004 -10"><span class='ocrx_word' id='word_1_489' title='bbox 178 4036 513 4101; x_wconf 85' lang='lat' dir='ltr'><strong>mobilitatc,</strong></span> <span class='ocrx_word' id='word_1_490' title='bbox 575 4047 774 4093; x_wconf 75' lang='lat' dir='ltr'><strong>nostra:</strong></span> <span class='ocrx_word' id='word_1_491' title='bbox 820 4041 1123 4094; x_wconf 87' lang='lat' dir='ltr'><strong>aversionis</strong></span> <span class='ocrx_word' id='word_1_492' title='bbox 1176 4058 1341 4097; x_wconf 89' lang='lat' dir='ltr'><strong>causa</strong></span> <span class='ocrx_word' id='word_1_493' title='bbox 1394 4052 1748 4098; x_wconf 89' lang='lat' dir='ltr'><strong>monstratur.</strong></span> 
     </span>
    </p>
   </div>
   <div class='ocr_carea' id='block_1_72' title="bbox 179 4126 1752 4202">
    <p class='ocr_par' dir='ltr' id='par_1_72' title="bbox 179 4126 1752 4202">
     <span class='ocr_line' id='line_1_72' title="bbox 179 4126 1752 4202; baseline 0.006 -23"><span class='ocrx_word' id='word_1_494' title='bbox 179 4126 490 4179; x_wconf 76' lang='lat' dir='ltr'><strong>Flammam</strong></span> <span class='ocrx_word' id='word_1_495' title='bbox 522 4126 682 4196; x_wconf 86' lang='lat' dir='ltr'><strong>igitur</strong></span> <span class='ocrx_word' id='word_1_496' title='bbox 712 4131 1021 4198; x_wconf 72' lang='lat' dir='ltr'><strong>suscipiens,</strong></span> <span class='ocrx_word' id='word_1_497' title='bbox 1059 4131 1110 4185; x_wconf 89' lang='lat' dir='ltr'><strong>id</strong></span> <span class='ocrx_word' id='word_1_498' title='bbox 1172 4142 1275 4196; x_wconf 84' lang='lat' dir='ltr'><strong>est,</strong></span> <span class='ocrx_word' id='word_1_499' title='bbox 1328 4134 1514 4202; x_wconf 69' lang='lat' dir='ltr'><strong>gratiae</strong></span> <span class='ocrx_word' id='word_1_500' title='bbox 1560 4149 1752 4188; x_wconf 87' lang='lat' dir='ltr'><strong>ascen-</strong></span> 
     </span>
    </p>
   </div>
   <div class='ocr_carea' id='block_1_73' title="bbox 175 4219 1749 4292">
    <p class='ocr_par' dir='ltr' id='par_1_73' title="bbox 175 4219 1749 4292">
     <span class='ocr_line' id='line_1_73' title="bbox 175 4219 1749 4292; baseline 0.005 -19"><span class='ocrx_word' id='word_1_501' title='bbox 175 4219 435 4273; x_wconf 87' lang='lat' dir='ltr'><strong>sionem:</strong></span> <span class='ocrx_word' id='word_1_502' title='bbox 472 4236 642 4282; x_wconf 86' lang='lat' dir='ltr'><strong>curre,</strong></span> <span class='ocrx_word' id='word_1_503' title='bbox 678 4220 726 4273; x_wconf 91' lang='lat' dir='ltr'><strong>id</strong></span> <span class='ocrx_word' id='word_1_504' title='bbox 751 4229 854 4286; x_wconf 89' lang='lat' dir='ltr'><strong>est,</strong></span> <span class='ocrx_word' id='word_1_505' title='bbox 880 4224 1157 4292; x_wconf 84' lang='lat' dir='ltr'><strong>cooperari</strong></span> <span class='ocrx_word' id='word_1_506' title='bbox 1199 4226 1247 4278; x_wconf 90' lang='lat' dir='ltr'><strong>ei</strong></span> <span class='ocrx_word' id='word_1_507' title='bbox 1288 4226 1467 4287; x_wconf 86' lang='lat' dir='ltr'><strong>stude,</strong></span> <span class='ocrx_word' id='word_1_508' title='bbox 1504 4242 1569 4280; x_wconf 80' lang='lat' dir='ltr'><strong>ex</strong></span> <span class='ocrx_word' id='word_1_509' title='bbox 1604 4228 1749 4281; x_wconf 90' lang='lat' dir='ltr'><strong>omni</strong></span> 
     </span>
    </p>
   </div>
   <div class='ocr_carea' id='block_1_74' title="bbox 178 4310 1747 4388">
    <p class='ocr_par' dir='ltr' id='par_1_74' title="bbox 178 4310 1747 4388">
     <span class='ocr_line' id='line_1_74' title="bbox 178 4310 1747 4388; baseline 0.008 -29"><span class='ocrx_word' id='word_1_510' title='bbox 178 4310 432 4364; x_wconf 77' lang='lat' dir='ltr'><strong>virtute:</strong></span> <span class='ocrx_word' id='word_1_511' title='bbox 480 4327 584 4364; x_wconf 90' lang='lat' dir='ltr'><strong>non</strong></span> <span class='ocrx_word' id='word_1_512' title='bbox 620 4313 763 4365; x_wconf 84' lang='lat' dir='ltr'><strong>enim</strong></span> <span class='ocrx_word' id='word_1_513' title='bbox 804 4314 944 4368; x_wconf 90' lang='lat' dir='ltr'><strong>nosti</strong></span> <span class='ocrx_word' id='word_1_514' title='bbox 997 4317 1215 4384; x_wconf 83' lang='lat' dir='ltr'><strong>quando</strong></span> <span class='ocrx_word' id='word_1_515' title='bbox 1250 4317 1624 4388; x_wconf 72' lang='lat' dir='ltr'><strong>exstinguatur</strong></span> <span class='ocrx_word' id='word_1_516' title='bbox 1652 4321 1747 4381; x_wconf 88' lang='lat' dir='ltr'><strong>ait,</strong></span> 
     </span>
    </p>
   </div>
   <div class='ocr_carea' id='block_1_75' title="bbox 176 4391 1747 4473">
    <p class='ocr_par' dir='ltr' id='par_1_75' title="bbox 176 4391 1747 4473">
     <span class='ocr_line' id='line_1_75' title="bbox 176 4391 1747 4473; baseline 0.005 -19"><span class='ocrx_word' id='word_1_517' title='bbox 176 4411 406 4469; x_wconf 79' lang='lat' dir='ltr'><strong>propter</strong></span> <span class='ocrx_word' id='word_1_518' title='bbox 447 4403 868 4473; x_wconf 79' lang='lat' dir='ltr'><strong>inexspectatum</strong></span> <span class='ocrx_word' id='word_1_519' title='bbox 903 4417 953 4460; x_wconf 91' lang='lat' dir='ltr'><strong>et</strong></span> <span class='ocrx_word' id='word_1_520' title='bbox 1001 4391 1344 4471; x_wconf 75' lang='lat' dir='ltr'><strong>insnll‘ercns,</strong></span> <span class='ocrx_word' id='word_1_521' title='bbox 1397 4419 1448 4461; x_wconf 95' lang='lat' dir='ltr'><strong>et</strong></span> <span class='ocrx_word' id='word_1_522' title='bbox 1477 4410 1541 4461; x_wconf 85' lang='lat' dir='ltr'><strong>ad</strong></span> <span class='ocrx_word' id='word_1_523' title='bbox 1568 4417 1747 4462; x_wconf 84' lang='lat' dir='ltr'><strong>trans-</strong></span> 
     </span>
    </p>
   </div>
   <div class='ocr_carea' id='block_1_76' title="bbox 176 4476 1744 4567">
    <p class='ocr_par' dir='ltr' id='par_1_76' title="bbox 176 4476 1744 4567">
     <span class='ocr_line' id='line_1_76' title="bbox 176 4476 1744 4567; baseline 0.004 -21"><span class='ocrx_word' id='word_1_524' title='bbox 176 4476 518 4548; x_wconf 85' lang='lat' dir='ltr'><strong>mutationes</strong></span> <span class='ocrx_word' id='word_1_525' title='bbox 577 4497 812 4564; x_wconf 81' lang='lat' dir='ltr'><strong>proclive</strong></span> <span class='ocrx_word' id='word_1_526' title='bbox 872 4506 1021 4551; x_wconf 91' lang='lat' dir='ltr'><strong>tuum</strong></span> <span class='ocrx_word' id='word_1_527' title='bbox 1077 4500 1371 4566; x_wconf 83' lang='lat' dir='ltr'><strong>ingenium.</strong></span> <span class='ocrx_word' id='word_1_528' title='bbox 1440 4498 1583 4551; x_wconf 88' lang='lat' dir='ltr'><strong>Tunc</strong></span> <span class='ocrx_word' id='word_1_529' title='bbox 1626 4499 1744 4567; x_wconf 86' lang='lat' dir='ltr'><strong>jam</strong></span> 
     </span>
    </p>
   </div>
   <div class='ocr_carea' id='block_1_77' title="bbox 173 4583 1742 4658">
    <p class='ocr_par' dir='ltr' id='par_1_77' title="bbox 173 4583 1742 4658">
     <span class='ocr_line' id='line_1_77' title="bbox 173 4583 1742 4658; baseline 0.004 -22"><span class='ocrx_word' id='word_1_530' title='bbox 173 4583 527 4653; x_wconf 81' lang='lat' dir='ltr'><strong>cogitationes</strong></span> <span class='ocrx_word' id='word_1_531' title='bbox 578 4587 829 4638; x_wconf 80' lang='lat' dir='ltr'><strong>vanitatis</strong></span> <span class='ocrx_word' id='word_1_532' title='bbox 861 4588 935 4656; x_wconf 77' lang='lat'><strong>(9)</strong></span> <span class='ocrx_word' id='word_1_533' title='bbox 964 4606 976 4641; x_wconf 91' lang='lat'><strong>:</strong></span> <span class='ocrx_word' id='word_1_534' title='bbox 1037 4587 1263 4653; x_wconf 86' lang='lat' dir='ltr'><strong>Quando</strong></span> <span class='ocrx_word' id='word_1_535' title='bbox 1290 4589 1412 4658; x_wconf 90' lang='lat' dir='ltr'><strong>quis</strong></span> <span class='ocrx_word' id='word_1_536' title='bbox 1445 4589 1742 4656; x_wconf 78' lang='lat' dir='ltr'><strong>extollitur,</strong></span> 
     </span>
    </p>
   </div>
   <div class='ocr_carea' id='block_1_78' title="bbox 170 4674 1737 4747">
    <p class='ocr_par' dir='ltr' id='par_1_78' title="bbox 170 4674 1737 4747">
     <span class='ocr_line' id='line_1_78' title="bbox 170 4674 1737 4747; baseline 0.004 -20"><span class='ocrx_word' id='word_1_537' title='bbox 170 4688 225 4729; x_wconf 83' lang='lat' dir='ltr'><strong>et</strong></span> <span class='ocrx_word' id='word_1_538' title='bbox 276 4674 551 4727; x_wconf 77' lang='lat' dir='ltr'><strong>existimat</strong></span> <span class='ocrx_word' id='word_1_539' title='bbox 589 4690 646 4728; x_wconf 91' lang='lat' dir='ltr'><strong>se</strong></span> <span class='ocrx_word' id='word_1_540' title='bbox 700 4676 899 4744; x_wconf 80' lang='lat' dir='ltr'><strong>aliquid</strong></span> <span class='ocrx_word' id='word_1_541' title='bbox 944 4692 1083 4742; x_wconf 87' lang='lat' dir='ltr'><strong>esse,</strong></span> <span class='ocrx_word' id='word_1_542' title='bbox 1121 4678 1295 4747; x_wconf 89' lang='lat' dir='ltr'><strong>perdit</strong></span> <span class='ocrx_word' id='word_1_543' title='bbox 1348 4694 1533 4734; x_wconf 88' lang='lat' dir='ltr'><strong>verum</strong></span> <span class='ocrx_word' id='word_1_544' title='bbox 1582 4694 1737 4735; x_wconf 85' lang='lat' dir='ltr'><strong>esse:</strong></span> 
     </span>
    </p>
   </div>
   <div class='ocr_carea' id='block_1_79' title="bbox 176 4766 1741 4840">
    <p class='ocr_par' dir='ltr' id='par_1_79' title="bbox 176 4766 1741 4840">
     <span class='ocr_line' id='line_1_79' title="bbox 176 4766 1741 4840; baseline 0.006 -25"><span class='ocrx_word' id='word_1_545' title='bbox 176 4766 336 4832; x_wconf 85' lang='lat' dir='ltr'><strong>quia,</strong></span> <span class='ocrx_word' id='word_1_546' title='bbox 363 4780 486 4819; x_wconf 84' lang='lat' dir='ltr'><strong>cum</strong></span> <span class='ocrx_word' id='word_1_547' title='bbox 529 4766 659 4819; x_wconf 88' lang='lat' dir='ltr'><strong>nihil</strong></span> <span class='ocrx_word' id='word_1_548' title='bbox 694 4767 783 4831; x_wconf 87' lang='lat' dir='ltr'><strong>sit,</strong></span> <span class='ocrx_word' id='word_1_549' title='bbox 829 4769 929 4821; x_wconf 94' lang='lat' dir='ltr'><strong>hoc</strong></span> <span class='ocrx_word' id='word_1_550' title='bbox 982 4768 1199 4823; x_wconf 77' lang='lat' dir='ltr'><strong>credere</strong></span> <span class='ocrx_word' id='word_1_551' title='bbox 1253 4779 1306 4824; x_wconf 89' lang='lat' dir='ltr'><strong>et</strong></span> <span class='ocrx_word' id='word_1_552' title='bbox 1370 4772 1607 4840; x_wconf 87' lang='lat' dir='ltr'><strong>cogitare</strong></span> <span class='ocrx_word' id='word_1_553' title='bbox 1656 4782 1741 4825; x_wconf 81' lang='lat' dir='ltr'><strong>est</strong></span> 
     </span>
    </p>
   </div>
   <div class='ocr_carea' id='block_1_80' title="bbox 174 4856 1741 4931">
    <p class='ocr_par' dir='ltr' id='par_1_80' title="bbox 174 4856 1741 4931">
     <span class='ocr_line' id='line_1_80' title="bbox 174 4856 1741 4931; baseline 0.006 -22"><span class='ocrx_word' id='word_1_554' title='bbox 174 4856 230 4909; x_wconf 85' lang='lat' dir='ltr'><strong>ei</strong></span> <span class='ocrx_word' id='word_1_555' title='bbox 287 4869 318 4907; x_wconf 84' lang='lat' dir='ltr'><strong>a</strong></span> <span class='ocrx_word' id='word_1_556' title='bbox 354 4858 572 4910; x_wconf 84' lang='lat' dir='ltr'><strong>veritate</strong></span> <span class='ocrx_word' id='word_1_557' title='bbox 604 4859 872 4913; x_wconf 86' lang='lat' dir='ltr'><strong>recedere.</strong></span> <span class='ocrx_word' id='word_1_558' title='bbox 898 4859 1110 4914; x_wconf 89' lang='lat' dir='ltr'><strong>llumile</strong></span> <span class='ocrx_word' id='word_1_559' title='bbox 1141 4863 1395 4931; x_wconf 77' lang='lat' dir='ltr'><strong>sapere”</strong></span> <span class='ocrx_word' id='word_1_560' title='bbox 1434 4872 1517 4917; x_wconf 90' lang='lat' dir='ltr'><strong>est</strong></span> <span class='ocrx_word' id='word_1_561' title='bbox 1566 4863 1617 4917; x_wconf 89' lang='lat' dir='ltr'><strong>in</strong></span> <span class='ocrx_word' id='word_1_562' title='bbox 1650 4880 1741 4919; x_wconf 81' lang='lat' dir='ltr'><strong>ve-</strong></span> 
     </span>
    </p>
   </div>
   <div class='ocr_carea' id='block_1_81' title="bbox 176 4951 1735 5022">
    <p class='ocr_par' dir='ltr' id='par_1_81' title="bbox 176 4951 1735 5022">
     <span class='ocr_line' id='line_1_81' title="bbox 176 4951 1735 5022; baseline 0.008 -21"><span class='ocrx_word' id='word_1_563' title='bbox 176 4952 345 5001; x_wconf 83' lang='lat' dir='ltr'><strong>ritate</strong></span> <span class='ocrx_word' id='word_1_564' title='bbox 374 4964 513 5003; x_wconf 88' lang='lat' dir='ltr'><strong>esse.</strong></span> <span class='ocrx_word' id='word_1_565' title='bbox 539 4951 719 5005; x_wconf 84' lang='lat' dir='ltr'><strong>Altum</strong></span> <span class='ocrx_word' id='word_1_566' title='bbox 757 4955 967 5022; x_wconf 76' lang='lat' dir='ltr'><strong>sapere,</strong></span> <span class='ocrx_word' id='word_1_567' title='bbox 994 4962 1077 5007; x_wconf 90' lang='lat' dir='ltr'><strong>est</strong></span> <span class='ocrx_word' id='word_1_568' title='bbox 1107 4953 1159 5007; x_wconf 92' lang='lat' dir='ltr'><strong>in</strong></span> <span class='ocrx_word' id='word_1_569' title='bbox 1190 4956 1412 5009; x_wconf 87' lang='lat' dir='ltr'><strong>veritate</strong></span> <span class='ocrx_word' id='word_1_570' title='bbox 1440 4972 1544 5009; x_wconf 84' lang='lat' dir='ltr'><strong>non</strong></span> <span class='ocrx_word' id='word_1_571' title='bbox 1576 4971 1694 5012; x_wconf 89' lang='lat' dir='ltr'><strong>esse</strong></span> <span class='ocrx_word' id='word_1_572' title='bbox 1722 4978 1735 5013; x_wconf 91' lang='lat'><strong>:</strong></span> 
     </span>
    </p>
   </div>
   <div class='ocr_carea' id='block_1_82' title="bbox 171 5021 1739 5111">
    <p class='ocr_par' dir='ltr' id='par_1_82' title="bbox 171 5021 1739 5111">
     <span class='ocr_line' id='line_1_82' title="bbox 171 5021 1739 5111; baseline 0.011 -22"><span class='ocrx_word' id='word_1_573' title='bbox 171 5043 309 5111; x_wconf 80' lang='lat' dir='ltr'><strong>quia</strong></span> <span class='ocrx_word' id='word_1_574' title='bbox 342 5042 548 5098; x_wconf 86' lang='lat' dir='ltr'><strong>vanitas</strong></span> <span class='ocrx_word' id='word_1_575' title='bbox 582 5021 921 5100; x_wconf 71' lang='lat' dir='ltr'><strong>mendaciuin</strong></span> <span class='ocrx_word' id='word_1_576' title='bbox 960 5056 1040 5100; x_wconf 88' lang='lat' dir='ltr'><strong>est</strong></span> <span class='ocrx_word' id='word_1_577' title='bbox 1070 5056 1123 5100; x_wconf 91' lang='lat' dir='ltr'><strong>et</strong></span> <span class='ocrx_word' id='word_1_578' title='bbox 1152 5062 1336 5101; x_wconf 89' lang='lat' dir='ltr'><strong>verum</strong></span> <span class='ocrx_word' id='word_1_579' title='bbox 1377 5063 1497 5102; x_wconf 89' lang='lat' dir='ltr'><strong>esse</strong></span> <span class='ocrx_word' id='word_1_580' title='bbox 1542 5050 1739 5106; x_wconf 87' lang='lat' dir='ltr'><strong>habere</strong></span> 
     </span>
    </p>
   </div>
   <div class='ocr_carea' id='block_1_83' title="bbox 177 5134 1738 5208">
    <p class='ocr_par' dir='ltr' id='par_1_83' title="bbox 177 5134 1738 5208">
     <span class='ocr_line' id='line_1_83' title="bbox 177 5134 1738 5208; baseline 0.005 -21"><span class='ocrx_word' id='word_1_581' title='bbox 177 5148 292 5187; x_wconf 86' lang='lat' dir='ltr'><strong>nou</strong></span> <span class='ocrx_word' id='word_1_582' title='bbox 345 5135 491 5189; x_wconf 87' lang='lat' dir='ltr'><strong>sinit.</strong></span> <span class='ocrx_word' id='word_1_583' title='bbox 529 5134 754 5193; x_wconf 80' lang='lat' dir='ltr'><strong>Vanitas</strong></span> <span class='ocrx_word' id='word_1_584' title='bbox 801 5148 980 5193; x_wconf 87' lang='lat' dir='ltr'><strong>autem</strong></span> <span class='ocrx_word' id='word_1_585' title='bbox 1041 5140 1394 5208; x_wconf 89' lang='lat' dir='ltr'><strong>cogitationes</strong></span> <span class='ocrx_word' id='word_1_586' title='bbox 1440 5148 1496 5195; x_wconf 88' lang='lat' dir='ltr'><strong>et</strong></span> <span class='ocrx_word' id='word_1_587' title='bbox 1550 5141 1738 5197; x_wconf 87' lang='lat' dir='ltr'><strong>elatio-</strong></span> 
     </span>
    </p>
   </div>
   <div class='ocr_carea' id='block_1_84' title="bbox 176 5222 1739 5300">
    <p class='ocr_par' dir='ltr' id='par_1_84' title="bbox 176 5222 1739 5300">
     <span class='ocr_line' id='line_1_84' title="bbox 176 5222 1739 5300; baseline 0.006 -24"><span class='ocrx_word' id='word_1_588' title='bbox 176 5223 267 5277; x_wconf 83' lang='lat' dir='ltr'><strong>nis</strong></span> <span class='ocrx_word' id='word_1_589' title='bbox 324 5222 652 5283; x_wconf 89' lang='lat' dir='ltr'><strong>intentiones</strong></span> <span class='ocrx_word' id='word_1_590' title='bbox 707 5243 848 5297; x_wconf 64' lang='lat' dir='ltr'><strong>quae.</strong></span> <span class='ocrx_word' id='word_1_591' title='bbox 894 5244 954 5283; x_wconf 87' lang='lat' dir='ltr'><strong>se</strong></span> <span class='ocrx_word' id='word_1_592' title='bbox 1013 5230 1391 5300; x_wconf 87' lang='lat' dir='ltr'><strong>suscipientes,</strong></span> <span class='ocrx_word' id='word_1_593' title='bbox 1441 5240 1739 5285; x_wconf 82' lang='lat' dir='ltr'><strong>ostentato-</strong></span> 
     </span>
    </p>
   </div>
   <div class='ocr_carea' id='block_1_85' title="bbox 179 5318 1736 5390">
    <p class='ocr_par' dir='ltr' id='par_1_85' title="bbox 179 5318 1736 5390">
     <span class='ocr_line' id='line_1_85' title="bbox 179 5318 1736 5390; baseline 0.009 -26"><span class='ocrx_word' id='word_1_594' title='bbox 179 5326 270 5364; x_wconf 87' lang='lat' dir='ltr'><strong>res</strong></span> <span class='ocrx_word' id='word_1_595' title='bbox 337 5318 392 5365; x_wconf 83' lang='lat' dir='ltr'><strong>et</strong></span> <span class='ocrx_word' id='word_1_596' title='bbox 443 5324 718 5375; x_wconf 87' lang='lat' dir='ltr'><strong>amatores</strong></span> <span class='ocrx_word' id='word_1_597' title='bbox 779 5319 964 5390; x_wconf 69' lang='lat' dir='ltr'><strong>gloria:</strong></span> <span class='ocrx_word' id='word_1_598' title='bbox 1024 5319 1272 5386; x_wconf 80' lang='lat' dir='ltr'><strong>faciunt;</strong></span> <span class='ocrx_word' id='word_1_599' title='bbox 1343 5336 1450 5375; x_wconf 91' lang='lat' dir='ltr'><strong>non</strong></span> <span class='ocrx_word' id='word_1_600' title='bbox 1516 5336 1736 5378; x_wconf 74' lang='lat' dir='ltr'><strong>uxorem</strong></span> 
     </span>
    </p>
   </div>
   <div class='ocr_carea' id='block_1_86' title="bbox 248 5459 1373 5542">
    <p class='ocr_par' dir='ltr' id='par_1_86' title="bbox 248 5459 1373 5542">
     <span class='ocr_line' id='line_1_86' title="bbox 248 5459 1373 5542; baseline 0.014 -29"><span class='ocrx_word' id='word_1_601' title='bbox 248 5459 300 5495; x_wconf 77' lang='grc'><strong>⁸⁸</strong></span> <span class='ocrx_word' id='word_1_602' title='bbox 328 5460 487 5517; x_wconf 78' lang='lat' dir='ltr'><strong>Rom.</strong></span> <span class='ocrx_word' id='word_1_603' title='bbox 517 5478 592 5530; x_wconf 81' lang='lat' dir='ltr'><strong>sl,</strong></span> <span class='ocrx_word' id='word_1_604' title='bbox 630 5465 722 5522; x_wconf 72' lang='lat'><strong>20.</strong></span> <span class='ocrx_word' id='word_1_605' title='bbox 801 5468 844 5502; x_wconf 82' lang='lat'>“</span> <span class='ocrx_word' id='word_1_606' title='bbox 878 5467 947 5524; x_wconf 75' lang='lat' dir='ltr'><strong>IV</strong></span> <span class='ocrx_word' id='word_1_607' title='bbox 988 5470 1119 5542; x_wconf 79' lang='lat' dir='ltr'><strong>Reg.</strong></span> <span class='ocrx_word' id='word_1_608' title='bbox 1156 5487 1232 5538; x_wconf 73' lang='grc' dir='ltr'><strong>ιι,</strong></span> <span class='ocrx_word' id='word_1_609' title='bbox 1284 5473 1373 5529; x_wconf 70' lang='lat'><strong>22.</strong></span> 
     </span>
    </p>
   </div>
   <div class='ocr_carea' id='block_1_87' title="bbox 244 5573 1564 5661">
    <p class='ocr_par' dir='ltr' id='par_1_87' title="bbox 244 5573 1564 5661">
     <span class='ocr_line' id='line_1_87' title="bbox 244 5573 1564 5661; baseline 0.016 -33"><span class='ocrx_word' id='word_1_610' title='bbox 370 5575 538 5661; x_wconf 49' lang='lat' dir='ltr'><strong>\Lctus</strong></span> <span class='ocrx_word' id='word_1_611' title='bbox 582 5579 867 5660; x_wconf 78' lang='lat' dir='ltr'><strong>interpres,</strong></span> <span class='ocrx_word' id='word_1_612' title='bbox 898 5585 1101 5661; x_wconf 62' lang='lat' dir='ltr'><strong>aelii-iis</strong></span> <span class='ocrx_word' id='word_1_613' title='bbox 1132 5600 1182 5661; x_wconf 77' lang='lat' dir='ltr'><strong>et</strong></span> <span class='ocrx_word' id='word_1_614' title='bbox 1217 5591 1564 5661; x_wconf 77' lang='lat' dir='ltr'><strong>malignitate.</strong></span> 
     </span>
    </p>
   </div>
   <div class='ocr_carea' id='block_1_88' title="bbox 242 5646 1739 5734">
    <p class='ocr_par' dir='ltr' id='par_1_88' title="bbox 242 5646 1739 5734">
     <span class='ocr_line' id='line_1_88' title="bbox 242 5646 1739 5734; baseline 0.017 -37"><span class='ocrx_word' id='word_1_615' title='bbox 242 5646 323 5716; x_wconf 81' lang='lat'><strong>(9)</strong></span> <span class='ocrx_word' id='word_1_616' title='bbox 388 5647 552 5734; x_wconf 41' lang='grc' dir='ltr'>ξέοι-ηε</span> <span class='ocrx_word' id='word_1_617' title='bbox 575 5720 585 5729; x_wconf 42' lang='lat'><em>.</em></span> <span class='ocrx_word' id='word_1_618' title='bbox 609 5646 911 5734; x_wconf 64' lang='lat' dir='ltr'><strong>interpres.</strong></span> <span class='ocrx_word' id='word_1_619' title='bbox 932 5654 1072 5710; x_wconf 78' lang='lat' dir='ltr'><strong>Tum:</strong></span> <span class='ocrx_word' id='word_1_620' title='bbox 1106 5646 1372 5716; x_wconf 53' lang='lat' dir='ltr'><strong>dwmonei</strong></span> <span class='ocrx_word' id='word_1_621' title='bbox 1401 5646 1739 5734; x_wconf 72' lang='lat' dir='ltr'><strong>cogitationi-</strong></span> 
     </span>
    </p>
   </div>
   <div class='ocr_carea' id='block_1_89' title="bbox 172 5718 968 5787">
    <p class='ocr_par' dir='ltr' id='par_1_89' title="bbox 172 5718 968 5787">
     <span class='ocr_line' id='line_1_89' title="bbox 172 5718 968 5787; baseline 0.005 -13"><span class='ocrx_word' id='word_1_622' title='bbox 172 5720 265 5774; x_wconf 74' lang='lat' dir='ltr'><strong>bns</strong></span> <span class='ocrx_word' id='word_1_623' title='bbox 284 5718 539 5771; x_wconf 64' lang='lat' dir='ltr'><strong>vastitatis</strong></span> <span class='ocrx_word' id='word_1_624' title='bbox 568 5718 840 5787; x_wconf 77' lang='lat' dir='ltr'><strong>instantes,</strong></span> <span class='ocrx_word' id='word_1_625' title='bbox 866 5733 968 5778; x_wconf 83' lang='lat' dir='ltr'><strong>etc.</strong></span> 
     </span>
    </p>
   </div>
   <div class='ocr_carea' id='block_1_90' title="bbox 1453 5479 1794 5538">
    <p class='ocr_par' dir='ltr' id='par_1_90' title="bbox 1453 5479 1794 5538">
     <span class='ocr_line' id='line_1_90' title="bbox 1453 5479 1794 5538; baseline 0.012 -6"><span class='ocrx_word' id='word_1_626' title='bbox 1453 5480 1496 5512; x_wconf 85' lang='grc'><strong>¹³</strong></span> <span class='ocrx_word' id='word_1_627' title='bbox 1552 5479 1685 5538; x_wconf 87' lang='lat' dir='ltr'><strong>an.</strong></span> <span class='ocrx_word' id='word_1_628' title='bbox 1744 5499 1794 5537; x_wconf 89' lang='lat' dir='ltr'><strong>Iv</strong></span> 
     </span>
    </p>
   </div>
   <div class='ocr_carea' id='block_1_91' title="bbox 1857 3225 3427 3310">
    <p class='ocr_par' dir='ltr' id='par_1_91' title="bbox 1857 3225 3427 3310">
     <span class='ocr_line' id='line_1_91' title="bbox 1857 3225 3427 3310; baseline 0.014 -35"><span class='ocrx_word' id='word_1_629' title='bbox 1857 3225 1990 3286; x_wconf 87' lang='lat' dir='ltr'><strong>dice,</strong></span> <span class='ocrx_word' id='word_1_630' title='bbox 2022 3241 2151 3277; x_wconf 89' lang='lat' dir='ltr'><strong>cura</strong></span> <span class='ocrx_word' id='word_1_631' title='bbox 2190 3228 2410 3293; x_wconf 83' lang='lat' dir='ltr'><strong>teipsum</strong></span> <span class='ocrx_word' id='word_1_632' title='bbox 2441 3232 2505 3283; x_wconf 70' lang='grc' dir='ltr'><strong>ι’.</strong></span> <span class='ocrx_word' id='word_1_633' title='bbox 2533 3230 2597 3285; x_wconf 87' lang='grc' dir='ltr'>Ει</span> <span class='ocrx_word' id='word_1_634' title='bbox 2622 3248 2689 3287; x_wconf 89' lang='lat' dir='ltr'><strong>ne</strong></span> <span class='ocrx_word' id='word_1_635' title='bbox 2717 3235 2973 3304; x_wconf 91' lang='lat' dir='ltr'><strong>dicerent,</strong></span> <span class='ocrx_word' id='word_1_636' title='bbox 3006 3242 3131 3310; x_wconf 90' lang='lat' dir='ltr'><strong>quia</strong></span> <span class='ocrx_word' id='word_1_637' title='bbox 3175 3245 3427 3301; x_wconf 82' lang='lat' dir='ltr'><strong>adversa-</strong></span> 
     </span>
    </p>
   </div>
   <div class='ocr_carea' id='block_1_92' title="bbox 1861 3315 3426 3403">
    <p class='ocr_par' dir='ltr' id='par_1_92' title="bbox 1861 3315 3426 3403">
     <span class='ocr_line' id='line_1_92' title="bbox 1861 3315 3426 3403; baseline 0.016 -35"><span class='ocrx_word' id='word_1_638' title='bbox 1861 3315 1977 3369; x_wconf 88' lang='lat' dir='ltr'><strong>rius</strong></span> <span class='ocrx_word' id='word_1_639' title='bbox 2028 3317 2186 3371; x_wconf 91' lang='lat' dir='ltr'><strong>nobis</strong></span> <span class='ocrx_word' id='word_1_640' title='bbox 2212 3328 2297 3372; x_wconf 90' lang='lat' dir='ltr'><strong>est</strong></span> <span class='ocrx_word' id='word_1_641' title='bbox 2329 3320 2439 3390; x_wconf 82' lang='lat' dir='ltr'><strong>(ll)</strong></span> <span class='ocrx_word' id='word_1_642' title='bbox 2468 3339 2485 3375; x_wconf 95' lang='lat'><strong>:</strong></span> <span class='ocrx_word' id='word_1_643' title='bbox 2514 3330 2588 3387; x_wconf 91' lang='lat' dir='ltr'><strong>ct,</strong></span> <span class='ocrx_word' id='word_1_644' title='bbox 2623 3338 2691 3378; x_wconf 88' lang='lat' dir='ltr'><strong>ne</strong></span> <span class='ocrx_word' id='word_1_645' title='bbox 2717 3325 2977 3395; x_wconf 87' lang='lat' dir='ltr'><strong>dicerent,</strong></span> <span class='ocrx_word' id='word_1_646' title='bbox 3017 3333 3065 3386; x_wconf 89' lang='lat' dir='ltr'><strong>si</strong></span> <span class='ocrx_word' id='word_1_647' title='bbox 3120 3334 3270 3403; x_wconf 89' lang='lat' dir='ltr'><strong>signa</strong></span> <span class='ocrx_word' id='word_1_648' title='bbox 3344 3338 3426 3392; x_wconf 82' lang='lat' dir='ltr'><strong>le-</strong></span> 
     </span>
    </p>
   </div>
   <div class='ocr_carea' id='block_1_93' title="bbox 1858 3406 3427 3483">
    <p class='ocr_par' dir='ltr' id='par_1_93' title="bbox 1858 3406 3427 3483">
     <span class='ocr_line' id='line_1_93' title="bbox 1858 3406 3427 3483; baseline 0.016 -25"><span class='ocrx_word' id='word_1_649' title='bbox 1858 3406 2039 3470; x_wconf 84' lang='lat' dir='ltr'><strong>cisset,</strong></span> <span class='ocrx_word' id='word_1_650' title='bbox 2076 3407 2493 3483; x_wconf 12' lang='lat' dir='ltr'><strong>cr‘edidisscmus</strong></span> <span class='ocrx_word' id='word_1_651' title='bbox 2524 3421 2579 3467; x_wconf 91' lang='lat' dir='ltr'><strong>et</strong></span> <span class='ocrx_word' id='word_1_652' title='bbox 2607 3429 2707 3469; x_wconf 89' lang='lat' dir='ltr'><strong>nos</strong></span> <span class='ocrx_word' id='word_1_653' title='bbox 2750 3418 3032 3475; x_wconf 87' lang='lat' dir='ltr'><strong>similiter:</strong></span> <span class='ocrx_word' id='word_1_654' title='bbox 3065 3432 3117 3477; x_wconf 86' lang='lat' dir='ltr'><strong>et</strong></span> <span class='ocrx_word' id='word_1_655' title='bbox 3150 3426 3270 3480; x_wconf 83' lang='lat' dir='ltr'><strong>ideo</strong></span> <span class='ocrx_word' id='word_1_656' title='bbox 3298 3430 3427 3483; x_wconf 90' lang='lat' dir='ltr'><strong>mit-</strong></span> 
     </span>
    </p>
   </div>
   <div class='ocr_carea' id='block_1_94' title="bbox 1858 3499 3425 3581">
    <p class='ocr_par' dir='ltr' id='par_1_94' title="bbox 1858 3499 3425 3581">
     <span class='ocr_line' id='line_1_94' title="bbox 1858 3499 3425 3581; baseline 0.018 -32"><span class='ocrx_word' id='word_1_657' title='bbox 1858 3502 2044 3550; x_wconf 90' lang='lat' dir='ltr'><strong>tuntur</strong></span> <span class='ocrx_word' id='word_1_658' title='bbox 2075 3507 2128 3552; x_wconf 90' lang='lat' dir='ltr'><strong>ct</strong></span> <span class='ocrx_word' id='word_1_659' title='bbox 2158 3499 2281 3565; x_wconf 89' lang='lat' dir='ltr'><strong>ipsi,</strong></span> <span class='ocrx_word' id='word_1_660' title='bbox 2313 3503 2440 3571; x_wconf 83' lang='lat' dir='ltr'><strong>quia</strong></span> <span class='ocrx_word' id='word_1_661' title='bbox 2481 3502 2609 3559; x_wconf 83' lang='lat' dir='ltr'><strong>fecit</strong></span> <span class='ocrx_word' id='word_1_662' title='bbox 2644 3506 2716 3561; x_wconf 91' lang='lat' dir='ltr'><strong>ibi</strong></span> <span class='ocrx_word' id='word_1_663' title='bbox 2748 3506 2909 3565; x_wconf 86' lang='lat' dir='ltr'><strong>Jesns</strong></span> <span class='ocrx_word' id='word_1_664' title='bbox 2943 3528 3142 3581; x_wconf 86' lang='lat' dir='ltr'><strong>paucas</strong></span> <span class='ocrx_word' id='word_1_665' title='bbox 3181 3519 3425 3577; x_wconf 89' lang='lat' dir='ltr'><strong>virtutes.</strong></span> 
     </span>
    </p>
   </div>
   <div class='ocr_carea' id='block_1_95' title="bbox 1856 3588 3429 3682">
    <p class='ocr_par' dir='ltr' id='par_1_95' title="bbox 1856 3588 3429 3682">
     <span class='ocr_line' id='line_1_95' title="bbox 1856 3588 3429 3682; baseline 0.017 -40"><span class='ocrx_word' id='word_1_666' title='bbox 1856 3588 2121 3643; x_wconf 72' lang='lat' dir='ltr'><strong>Czeterum</strong></span> <span class='ocrx_word' id='word_1_667' title='bbox 2168 3607 2290 3645; x_wconf 89' lang='lat' dir='ltr'><strong>cum</strong></span> <span class='ocrx_word' id='word_1_668' title='bbox 2316 3591 2468 3657; x_wconf 88' lang='lat' dir='ltr'><strong>dicit,</strong></span> <span class='ocrx_word' id='word_1_669' title='bbox 2516 3612 2634 3663; x_wconf 73' lang='lat' dir='ltr'><strong>qua:</strong></span> <span class='ocrx_word' id='word_1_670' title='bbox 2686 3608 2761 3652; x_wconf 81' lang='lat' dir='ltr'><strong>est</strong></span> <span class='ocrx_word' id='word_1_671' title='bbox 2820 3614 2987 3656; x_wconf 86' lang='lat' dir='ltr'><strong>mater</strong></span> <span class='ocrx_word' id='word_1_672' title='bbox 3023 3624 3157 3670; x_wconf 85' lang='lat' dir='ltr'><strong>mea,</strong></span> <span class='ocrx_word' id='word_1_673' title='bbox 3194 3620 3246 3663; x_wconf 89' lang='lat' dir='ltr'><strong>et</strong></span> <span class='ocrx_word' id='word_1_674' title='bbox 3308 3629 3429 3682; x_wconf 76' lang='lat' dir='ltr'><strong>qua:</strong></span> 
     </span>
    </p>
   </div>
   <div class='ocr_carea' id='block_1_96' title="bbox 1856 3682 3427 3761">
    <p class='ocr_par' dir='ltr' id='par_1_96' title="bbox 1856 3682 3427 3761">
     <span class='ocr_line' id='line_1_96' title="bbox 1856 3682 3427 3761; baseline 0.017 -28"><span class='ocrx_word' id='word_1_675' title='bbox 1856 3685 2157 3748; x_wconf 82' lang='lat' dir='ltr'><strong>Sequuntur</strong></span> <span class='ocrx_word' id='word_1_676' title='bbox 2185 3682 2253 3748; x_wconf 85' lang='grc'><strong>¹³,</strong></span> <span class='ocrx_word' id='word_1_677' title='bbox 2293 3685 2530 3739; x_wconf 88' lang='lat' dir='ltr'><strong>ostendit</strong></span> <span class='ocrx_word' id='word_1_678' title='bbox 2559 3690 2702 3755; x_wconf 91' lang='lat' dir='ltr'><strong>quod</strong></span> <span class='ocrx_word' id='word_1_679' title='bbox 2760 3706 2933 3761; x_wconf 85' lang='lat' dir='ltr'><strong>neque</strong></span> <span class='ocrx_word' id='word_1_680' title='bbox 2967 3695 3241 3753; x_wconf 71' lang='lat' dir='ltr'><strong>Christum</strong></span> <span class='ocrx_word' id='word_1_681' title='bbox 3289 3703 3427 3759; x_wconf 83' lang='lat' dir='ltr'><strong>ferre</strong></span> 
     </span>
    </p>
   </div>
   <div class='ocr_carea' id='block_1_97' title="bbox 1858 3774 3419 3858">
    <p class='ocr_par' dir='ltr' id='par_1_97' title="bbox 1858 3774 3419 3858">
     <span class='ocr_line' id='line_1_97' title="bbox 1858 3774 3419 3858; baseline 0.017 -38"><span class='ocrx_word' id='word_1_682' title='bbox 1858 3785 2034 3839; x_wconf 88' lang='lat' dir='ltr'><strong>neque</strong></span> <span class='ocrx_word' id='word_1_683' title='bbox 2104 3784 2315 3839; x_wconf 88' lang='lat' dir='ltr'><strong>partum</strong></span> <span class='ocrx_word' id='word_1_684' title='bbox 2377 3774 2524 3827; x_wconf 89' lang='lat' dir='ltr'><strong>illum</strong></span> <span class='ocrx_word' id='word_1_685' title='bbox 2607 3782 3141 3846; x_wconf 86' lang='lat' dir='ltr'><strong>superadmirabilcm</strong></span> <span class='ocrx_word' id='word_1_686' title='bbox 3208 3806 3419 3858; x_wconf 83' lang='lat' dir='ltr'><strong>parere,</strong></span> 
     </span>
    </p>
   </div>
   <div class='ocr_carea' id='block_1_98' title="bbox 1856 3856 3420 3936">
    <p class='ocr_par' dir='ltr' id='par_1_98' title="bbox 1856 3856 3420 3936">
     <span class='ocr_line' id='line_1_98' title="bbox 1856 3856 3420 3936; baseline 0.014 -23"><span class='ocrx_word' id='word_1_687' title='bbox 1856 3861 2067 3913; x_wconf 88' lang='lat' dir='ltr'><strong>lucrum</strong></span> <span class='ocrx_word' id='word_1_688' title='bbox 2104 3862 2184 3915; x_wconf 87' lang='lat' dir='ltr'><strong>vel</strong></span> <span class='ocrx_word' id='word_1_689' title='bbox 2212 3863 2461 3916; x_wconf 90' lang='lat' dir='ltr'><strong>meritum</strong></span> <span class='ocrx_word' id='word_1_690' title='bbox 2494 3856 2719 3920; x_wconf 86' lang='lat' dir='ltr'><strong>haberet</strong></span> <span class='ocrx_word' id='word_1_691' title='bbox 2762 3870 2878 3925; x_wconf 90' lang='lat' dir='ltr'><strong>sine</strong></span> <span class='ocrx_word' id='word_1_692' title='bbox 2928 3875 3141 3929; x_wconf 87' lang='lat' dir='ltr'><strong>virtute.</strong></span> <span class='ocrx_word' id='word_1_693' title='bbox 3181 3879 3302 3933; x_wconf 88' lang='lat' dir='ltr'><strong>ideo</strong></span> <span class='ocrx_word' id='word_1_694' title='bbox 3329 3856 3420 3936; x_wconf 35' lang='lat' dir='ltr'><strong>de;</strong></span> 
     </span>
    </p>
   </div>
   <div class='ocr_carea' id='block_1_99' title="bbox 1856 3954 3411 4036">
    <p class='ocr_par' dir='ltr' id='par_1_99' title="bbox 1856 3954 3411 4036">
     <span class='ocr_line' id='line_1_99' title="bbox 1856 3954 3411 4036; baseline 0.017 -33"><span class='ocrx_word' id='word_1_695' title='bbox 1856 3961 2125 4005; x_wconf 81' lang='lat' dir='ltr'><strong>monstrat</strong></span> <span class='ocrx_word' id='word_1_696' title='bbox 2160 3954 2304 4021; x_wconf 85' lang='lat' dir='ltr'><strong>quod</strong></span> <span class='ocrx_word' id='word_1_697' title='bbox 2357 3955 2501 4009; x_wconf 86' lang='lat' dir='ltr'><strong>nulla</strong></span> <span class='ocrx_word' id='word_1_698' title='bbox 2534 3973 2596 4010; x_wconf 82' lang='lat' dir='ltr'><strong>ex</strong></span> <span class='ocrx_word' id='word_1_699' title='bbox 2657 3959 2760 4015; x_wconf 88' lang='lat' dir='ltr'><strong>hoc</strong></span> <span class='ocrx_word' id='word_1_700' title='bbox 2827 3964 3025 4020; x_wconf 87' lang='lat' dir='ltr'><strong>utilitas</strong></span> <span class='ocrx_word' id='word_1_701' title='bbox 3082 3982 3241 4036; x_wconf 85' lang='lat' dir='ltr'><strong>esset,</strong></span> <span class='ocrx_word' id='word_1_702' title='bbox 3312 3977 3411 4029; x_wconf 87' lang='lat' dir='ltr'><strong>nisi</strong></span> 
     </span>
    </p>
   </div>
   <div class='ocr_carea' id='block_1_100' title="bbox 1853 4042 3415 4121">
    <p class='ocr_par' dir='ltr' id='par_1_100' title="bbox 1853 4042 3415 4121">
     <span class='ocr_line' id='line_1_100' title="bbox 1853 4042 3415 4121; baseline 0.017 -27"><span class='ocrx_word' id='word_1_703' title='bbox 1853 4042 2034 4095; x_wconf 88' lang='lat' dir='ltr'><strong>omnia</strong></span> <span class='ocrx_word' id='word_1_704' title='bbox 2073 4045 2479 4113; x_wconf 83' lang='lat' dir='ltr'><strong>convenientia,</strong></span> <span class='ocrx_word' id='word_1_705' title='bbox 2508 4049 2751 4106; x_wconf 79' lang='lat' dir='ltr'><strong>virtuose</strong></span> <span class='ocrx_word' id='word_1_706' title='bbox 2787 4064 2840 4108; x_wconf 91' lang='lat' dir='ltr'><strong>ct</strong></span> <span class='ocrx_word' id='word_1_707' title='bbox 2872 4072 3079 4113; x_wconf 88' lang='lat' dir='ltr'><strong>summe</strong></span> <span class='ocrx_word' id='word_1_708' title='bbox 3115 4061 3311 4117; x_wconf 83' lang='lat' dir='ltr'><strong>faceret</strong></span> <span class='ocrx_word' id='word_1_709' title='bbox 3363 4079 3415 4121; x_wconf 85' lang='lat' dir='ltr'><strong>et</strong></span> 
     </span>
    </p>
   </div>
   <div class='ocr_carea' id='block_1_101' title="bbox 1852 4135 3417 4216">
    <p class='ocr_par' dir='ltr' id='par_1_101' title="bbox 1852 4135 3417 4216">
     <span class='ocr_line' id='line_1_101' title="bbox 1852 4135 3417 4216; baseline 0.013 -29"><span class='ocrx_word' id='word_1_710' title='bbox 1852 4135 2185 4204; x_wconf 81' lang='lat' dir='ltr'><strong>adimpleret.</strong></span> <span class='ocrx_word' id='word_1_711' title='bbox 2217 4136 2356 4203; x_wconf 88' lang='lat' dir='ltr'><strong>Quin</strong></span> <span class='ocrx_word' id='word_1_712' title='bbox 2397 4140 2579 4207; x_wconf 91' lang='lat' dir='ltr'><strong>etiam,</strong></span> <span class='ocrx_word' id='word_1_713' title='bbox 2613 4142 2667 4196; x_wconf 91' lang='lat' dir='ltr'><strong>in</strong></span> <span class='ocrx_word' id='word_1_714' title='bbox 2700 4147 2804 4200; x_wconf 86' lang='lat' dir='ltr'><strong>hoc</strong></span> <span class='ocrx_word' id='word_1_715' title='bbox 2836 4149 3020 4216; x_wconf 91' lang='lat' dir='ltr'><strong>verbo,</strong></span> <span class='ocrx_word' id='word_1_716' title='bbox 3075 4167 3255 4208; x_wconf 86' lang='lat' dir='ltr'><strong>veram</strong></span> <span class='ocrx_word' id='word_1_717' title='bbox 3307 4176 3417 4210; x_wconf 83' lang='lat' dir='ltr'><strong>ma—</strong></span> 
     </span>
    </p>
   </div>
   <div class='ocr_carea' id='block_1_102' title="bbox 1853 4228 3414 4307">
    <p class='ocr_par' dir='ltr' id='par_1_102' title="bbox 1853 4228 3414 4307">
     <span class='ocr_line' id='line_1_102' title="bbox 1853 4228 3414 4307; baseline 0.015 -27"><span class='ocrx_word' id='word_1_718' title='bbox 1853 4228 1951 4281; x_wconf 87' lang='lat' dir='ltr'><strong>tris</strong></span> <span class='ocrx_word' id='word_1_719' title='bbox 2016 4229 2374 4284; x_wconf 89' lang='lat' dir='ltr'><strong>humilitatem</strong></span> <span class='ocrx_word' id='word_1_720' title='bbox 2407 4233 2649 4288; x_wconf 89' lang='lat' dir='ltr'><strong>insinuat</strong></span> <span class='ocrx_word' id='word_1_721' title='bbox 2681 4240 2899 4307; x_wconf 91' lang='lat' dir='ltr'><strong>populo,</strong></span> <span class='ocrx_word' id='word_1_722' title='bbox 2941 4243 3067 4307; x_wconf 90' lang='lat' dir='ltr'><strong>dum</strong></span> <span class='ocrx_word' id='word_1_723' title='bbox 3146 4250 3275 4302; x_wconf 88' lang='lat' dir='ltr'><strong>nihil</strong></span> <span class='ocrx_word' id='word_1_724' title='bbox 3335 4253 3414 4304; x_wconf 83' lang='lat' dir='ltr'><strong>al—</strong></span> 
     </span>
    </p>
   </div>
   <div class='ocr_carea' id='block_1_103' title="bbox 1852 4323 3414 4399">
    <p class='ocr_par' dir='ltr' id='par_1_103' title="bbox 1852 4323 3414 4399">
     <span class='ocr_line' id='line_1_103' title="bbox 1852 4323 3414 4399; baseline 0.015 -28"><span class='ocrx_word' id='word_1_725' title='bbox 1852 4327 1963 4371; x_wconf 92' lang='lat' dir='ltr'><strong>tum</strong></span> <span class='ocrx_word' id='word_1_726' title='bbox 1999 4334 2189 4388; x_wconf 90' lang='lat' dir='ltr'><strong>sapere</strong></span> <span class='ocrx_word' id='word_1_727' title='bbox 2220 4330 2314 4373; x_wconf 91' lang='lat' dir='ltr'><strong>aut</strong></span> <span class='ocrx_word' id='word_1_728' title='bbox 2363 4323 2648 4393; x_wconf 89' lang='lat' dir='ltr'><strong>imaginari</strong></span> <span class='ocrx_word' id='word_1_729' title='bbox 2704 4345 2870 4399; x_wconf 92' lang='lat' dir='ltr'><strong>super</strong></span> <span class='ocrx_word' id='word_1_730' title='bbox 2916 4335 3004 4388; x_wconf 89' lang='lat' dir='ltr'><strong>tali</strong></span> <span class='ocrx_word' id='word_1_731' title='bbox 3073 4346 3221 4393; x_wconf 87' lang='lat' dir='ltr'><strong>tanto</strong></span> <span class='ocrx_word' id='word_1_732' title='bbox 3276 4340 3414 4394; x_wconf 89' lang='lat' dir='ltr'><strong>Filio</strong></span> 
     </span>
    </p>
   </div>
   <div class='ocr_carea' id='block_1_104' title="bbox 1849 4411 3409 4497">
    <p class='ocr_par' dir='ltr' id='par_1_104' title="bbox 1849 4411 3409 4497">
     <span class='ocr_line' id='line_1_104' title="bbox 1849 4411 3409 4497; baseline 0.015 -35"><span class='ocrx_word' id='word_1_733' title='bbox 1849 4411 2206 4465; x_wconf 85' lang='lat' dir='ltr'><strong>demonstrat.</strong></span> <span class='ocrx_word' id='word_1_734' title='bbox 2242 4412 2360 4467; x_wconf 88' lang='lat' dir='ltr'><strong>Non</strong></span> <span class='ocrx_word' id='word_1_735' title='bbox 2393 4418 2533 4485; x_wconf 83' lang='lat' dir='ltr'><strong>quod</strong></span> <span class='ocrx_word' id='word_1_736' title='bbox 2547 4422 2869 4491; x_wconf 84' lang='lat' dir='ltr'><strong>propinquos</strong></span> <span class='ocrx_word' id='word_1_737' title='bbox 2903 4435 3102 4479; x_wconf 86' lang='lat' dir='ltr'><strong>nostros</strong></span> <span class='ocrx_word' id='word_1_738' title='bbox 3131 4441 3178 4482; x_wconf 86' lang='lat' dir='ltr'><strong>et</strong></span> <span class='ocrx_word' id='word_1_739' title='bbox 3209 4435 3409 4497; x_wconf 81' lang='lat' dir='ltr'><strong>patrios</strong></span> 
     </span>
    </p>
   </div>
   <div class='ocr_carea' id='block_1_105' title="bbox 1781 4484 3412 4585">
    <p class='ocr_par' dir='ltr' id='par_1_105' title="bbox 1781 4484 3412 4585">
     <span class='ocr_line' id='line_1_105' title="bbox 1781 4484 3412 4585; baseline 0.017 -36"><span class='ocrx_word' id='word_1_740' title='bbox 1781 4484 1822 4539; x_wconf 76' lang='grc' dir='ltr'><strong>Ι)</strong></span> <span class='ocrx_word' id='word_1_741' title='bbox 1852 4516 2004 4569; x_wconf 80' lang='lat' dir='ltr'><strong>agros</strong></span> <span class='ocrx_word' id='word_1_742' title='bbox 2028 4515 2047 4552; x_wconf 92' lang='lat'><strong>:</strong></span> <span class='ocrx_word' id='word_1_743' title='bbox 2084 4501 2281 4559; x_wconf 89' lang='lat' dir='ltr'><strong>Odium</strong></span> <span class='ocrx_word' id='word_1_744' title='bbox 2325 4516 2407 4561; x_wconf 90' lang='lat' dir='ltr'><strong>est</strong></span> <span class='ocrx_word' id='word_1_745' title='bbox 2445 4484 2759 4564; x_wconf 78' lang='lat' dir='ltr'><strong>abscondita</strong></span> <span class='ocrx_word' id='word_1_746' title='bbox 2788 4513 3022 4581; x_wconf 76' lang='lat' dir='ltr'><strong>atl‘ectio,</strong></span> <span class='ocrx_word' id='word_1_747' title='bbox 3070 4484 3412 4585; x_wconf 73' lang='lat' dir='ltr'><strong>qnzeadver-</strong></span> 
     </span>
    </p>
   </div>
   <div class='ocr_carea' id='block_1_106' title="bbox 1851 4594 3413 4675">
    <p class='ocr_par' dir='ltr' id='par_1_106' title="bbox 1851 4594 3413 4675">
     <span class='ocr_line' id='line_1_106' title="bbox 1851 4594 3413 4675; baseline 0.019 -31"><span class='ocrx_word' id='word_1_748' title='bbox 1851 4601 2004 4647; x_wconf 87' lang='lat' dir='ltr'><strong>satur</strong></span> <span class='ocrx_word' id='word_1_749' title='bbox 2038 4594 2121 4651; x_wconf 89' lang='lat' dir='ltr'><strong>his</strong></span> <span class='ocrx_word' id='word_1_750' title='bbox 2172 4598 2263 4666; x_wconf 89' lang='lat' dir='ltr'><strong>qui</strong></span> <span class='ocrx_word' id='word_1_751' title='bbox 2293 4598 2344 4651; x_wconf 89' lang='lat' dir='ltr'><strong>in</strong></span> <span class='ocrx_word' id='word_1_752' title='bbox 2397 4601 2576 4669; x_wconf 87' lang='lat' dir='ltr'><strong>aliquo</strong></span> <span class='ocrx_word' id='word_1_753' title='bbox 2605 4618 2701 4657; x_wconf 90' lang='lat' dir='ltr'><strong>nos</strong></span> <span class='ocrx_word' id='word_1_754' title='bbox 2727 4609 3072 4665; x_wconf 89' lang='lat' dir='ltr'><strong>contristant.</strong></span> <span class='ocrx_word' id='word_1_755' title='bbox 3106 4614 3297 4670; x_wconf 83' lang='lat' dir='ltr'><strong>Odium</strong></span> <span class='ocrx_word' id='word_1_756' title='bbox 3328 4630 3413 4675; x_wconf 89' lang='lat' dir='ltr'><strong>est</strong></span> 
     </span>
    </p>
   </div>
   <div class='ocr_carea' id='block_1_107' title="bbox 1849 4685 3412 4765">
    <p class='ocr_par' dir='ltr' id='par_1_107' title="bbox 1849 4685 3412 4765">
     <span class='ocr_line' id='line_1_107' title="bbox 1849 4685 3412 4765; baseline 0.017 -26"><span class='ocrx_word' id='word_1_757' title='bbox 1849 4685 2106 4741; x_wconf 89' lang='lat' dir='ltr'><strong>alienatio</strong></span> <span class='ocrx_word' id='word_1_758' title='bbox 2140 4690 2207 4743; x_wconf 89' lang='lat' dir='ltr'><strong>ab</strong></span> <span class='ocrx_word' id='word_1_759' title='bbox 2237 4704 2302 4743; x_wconf 90' lang='lat' dir='ltr'><strong>eo</strong></span> <span class='ocrx_word' id='word_1_760' title='bbox 2330 4693 2473 4759; x_wconf 87' lang='lat' dir='ltr'><strong>quod</strong></span> <span class='ocrx_word' id='word_1_761' title='bbox 2506 4704 2759 4750; x_wconf 75' lang='lat' dir='ltr'><strong>mmstum</strong></span> <span class='ocrx_word' id='word_1_762' title='bbox 2794 4709 2875 4754; x_wconf 88' lang='lat' dir='ltr'><strong>est</strong></span> <span class='ocrx_word' id='word_1_763' title='bbox 2900 4712 2992 4757; x_wconf 91' lang='lat' dir='ltr'><strong>aut</strong></span> <span class='ocrx_word' id='word_1_764' title='bbox 3024 4708 3234 4762; x_wconf 85' lang='lat' dir='ltr'><strong>aversio</strong></span> <span class='ocrx_word' id='word_1_765' title='bbox 3282 4728 3412 4765; x_wconf 89' lang='lat' dir='ltr'><strong>con-</strong></span> 
     </span>
    </p>
   </div>
   <div class='ocr_carea' id='block_1_108' title="bbox 1849 4778 3408 4863">
    <p class='ocr_par' dir='ltr' id='par_1_108' title="bbox 1849 4778 3408 4863">
     <span class='ocr_line' id='line_1_108' title="bbox 1849 4778 3408 4863; baseline 0.019 -34"><span class='ocrx_word' id='word_1_766' title='bbox 1849 4778 2198 4834; x_wconf 89' lang='lat' dir='ltr'><strong>tristantium.</strong></span> <span class='ocrx_word' id='word_1_767' title='bbox 2248 4779 2301 4833; x_wconf 92' lang='lat' dir='ltr'><strong>ln</strong></span> <span class='ocrx_word' id='word_1_768' title='bbox 2335 4783 2483 4835; x_wconf 88' lang='lat' dir='ltr'><strong>nullo</strong></span> <span class='ocrx_word' id='word_1_769' title='bbox 2512 4784 2675 4855; x_wconf 82' lang='lat' dir='ltr'><strong>igitur</strong></span> <span class='ocrx_word' id='word_1_770' title='bbox 2719 4790 2933 4863; x_wconf 88' lang='lat' dir='ltr'><strong>horum,</strong></span> <span class='ocrx_word' id='word_1_771' title='bbox 2970 4813 2997 4850; x_wconf 77' lang='grc' dir='ltr'>ει</span> <span class='ocrx_word' id='word_1_772' title='bbox 3038 4805 3301 4856; x_wconf 85' lang='lat' dir='ltr'><strong>monacho</strong></span> <span class='ocrx_word' id='word_1_773' title='bbox 3353 4806 3408 4858; x_wconf 88' lang='lat' dir='ltr'><strong>tit</strong></span> 
     </span>
    </p>
   </div>
   <div class='ocr_carea' id='block_1_109' title="bbox 1849 4874 3405 4960">
    <p class='ocr_par' dir='ltr' id='par_1_109' title="bbox 1849 4874 3405 4960">
     <span class='ocr_line' id='line_1_109' title="bbox 1849 4874 3405 4960; baseline 0.013 -34"><span class='ocrx_word' id='word_1_774' title='bbox 1849 4887 2098 4928; x_wconf 86' lang='lat' dir='ltr'><strong>recessus</strong></span> <span class='ocrx_word' id='word_1_775' title='bbox 2123 4888 2151 4926; x_wconf 89' lang='lat' dir='ltr'><strong>a</strong></span> <span class='ocrx_word' id='word_1_776' title='bbox 2181 4874 2496 4932; x_wconf 91' lang='lat' dir='ltr'><strong>domesticis</strong></span> <span class='ocrx_word' id='word_1_777' title='bbox 2515 4880 2583 4947; x_wconf 61' lang='grc' dir='ltr'>ζει</span> <span class='ocrx_word' id='word_1_778' title='bbox 2614 4886 2952 4956; x_wconf 90' lang='lat' dir='ltr'><strong>pr0pinqnis,</strong></span> <span class='ocrx_word' id='word_1_779' title='bbox 2986 4890 3103 4943; x_wconf 87' lang='lat' dir='ltr'><strong>ideo</strong></span> <span class='ocrx_word' id='word_1_780' title='bbox 3131 4894 3253 4945; x_wconf 85' lang='lat' dir='ltr'><strong>dicit</strong></span> <span class='ocrx_word' id='word_1_781' title='bbox 3285 4878 3405 4960; x_wconf 86' lang='lat' dir='ltr'><strong>nos,</strong></span> 
     </span>
    </p>
   </div>
   <div class='ocr_carea' id='block_1_110' title="bbox 1847 4964 3404 5055">
    <p class='ocr_par' dir='ltr' id='par_1_110' title="bbox 1847 4964 3404 5055">
     <span class='ocr_line' id='line_1_110' title="bbox 1847 4964 3404 5055; baseline 0.013 -38"><span class='ocrx_word' id='word_1_782' title='bbox 1847 4979 1953 5018; x_wconf 90' lang='lat' dir='ltr'><strong>non</strong></span> <span class='ocrx_word' id='word_1_783' title='bbox 1978 4973 2038 5018; x_wconf 90' lang='lat' dir='ltr'><strong>ut</strong></span> <span class='ocrx_word' id='word_1_784' title='bbox 2063 4964 2396 5021; x_wconf 80' lang='lat' dir='ltr'><strong>obedientes.</strong></span> <span class='ocrx_word' id='word_1_785' title='bbox 2415 4968 2652 5027; x_wconf 80' lang='lat' dir='ltr'><strong>Lwtetur</strong></span> <span class='ocrx_word' id='word_1_786' title='bbox 2683 4979 2819 5031; x_wconf 86' lang='lat' dir='ltr'><strong>enim</strong></span> <span class='ocrx_word' id='word_1_787' title='bbox 2846 4979 3117 5042; x_wconf 86' lang='lat' dir='ltr'><strong>Dominus,</strong></span> <span class='ocrx_word' id='word_1_788' title='bbox 3143 4995 3241 5036; x_wconf 88' lang='lat' dir='ltr'><strong>etc.</strong></span> <span class='ocrx_word' id='word_1_789' title='bbox 3272 4987 3404 5055; x_wconf 70' lang='lat' dir='ltr'><strong>(l2).</strong></span> 
     </span>
    </p>
   </div>
   <div class='ocr_carea' id='block_1_111' title="bbox 1848 5055 3413 5135">
    <p class='ocr_par' dir='ltr' id='par_1_111' title="bbox 1848 5055 3413 5135">
     <span class='ocr_line' id='line_1_111' title="bbox 1848 5055 3413 5135; baseline 0.016 -26"><span class='ocrx_word' id='word_1_790' title='bbox 1848 5055 1987 5113; x_wconf 91' lang='lat' dir='ltr'><strong>Deus</strong></span> <span class='ocrx_word' id='word_1_791' title='bbox 2023 5067 2234 5111; x_wconf 87' lang='lat' dir='ltr'><strong>amator</strong></span> <span class='ocrx_word' id='word_1_792' title='bbox 2298 5060 2602 5131; x_wconf 88' lang='lat' dir='ltr'><strong>hominum,</strong></span> <span class='ocrx_word' id='word_1_793' title='bbox 2667 5068 2992 5124; x_wconf 88' lang='lat' dir='ltr'><strong>humanatus</strong></span> <span class='ocrx_word' id='word_1_794' title='bbox 3050 5082 3148 5135; x_wconf 84' lang='lat' dir='ltr'><strong>est,</strong></span> <span class='ocrx_word' id='word_1_795' title='bbox 3188 5083 3243 5127; x_wconf 90' lang='lat' dir='ltr'><strong>ut</strong></span> <span class='ocrx_word' id='word_1_796' title='bbox 3310 5094 3413 5134; x_wconf 86' lang='lat' dir='ltr'><strong>nos</strong></span> 
     </span>
    </p>
   </div>
   <div class='ocr_carea' id='block_1_112' title="bbox 1845 5151 3403 5227">
    <p class='ocr_par' dir='ltr' id='par_1_112' title="bbox 1845 5151 3403 5227">
     <span class='ocr_line' id='line_1_112' title="bbox 1845 5151 3403 5227; baseline 0.017 -26"><span class='ocrx_word' id='word_1_797' title='bbox 1845 5163 2108 5203; x_wconf 89' lang='lat' dir='ltr'><strong>aveneno</strong></span> <span class='ocrx_word' id='word_1_798' title='bbox 2164 5151 2425 5205; x_wconf 89' lang='lat' dir='ltr'><strong>mundani</strong></span> <span class='ocrx_word' id='word_1_799' title='bbox 2493 5164 2547 5209; x_wconf 93' lang='lat' dir='ltr'><strong>et</strong></span> <span class='ocrx_word' id='word_1_800' title='bbox 2596 5158 2815 5221; x_wconf 88' lang='lat' dir='ltr'><strong>humani</strong></span> <span class='ocrx_word' id='word_1_801' title='bbox 2875 5163 3075 5217; x_wconf 88' lang='lat' dir='ltr'><strong>amoris</strong></span> <span class='ocrx_word' id='word_1_802' title='bbox 3133 5166 3403 5227; x_wconf 87' lang='lat' dir='ltr'><strong>liberaret.</strong></span> 
     </span>
    </p>
   </div>
   <div class='ocr_carea' id='block_1_113' title="bbox 1847 5238 3404 5323">
    <p class='ocr_par' dir='ltr' id='par_1_113' title="bbox 1847 5238 3404 5323">
     <span class='ocr_line' id='line_1_113' title="bbox 1847 5238 3404 5323; baseline 0.015 -32"><span class='ocrx_word' id='word_1_803' title='bbox 1847 5238 1938 5293; x_wconf 86' lang='lat' dir='ltr'><strong>Est</strong></span> <span class='ocrx_word' id='word_1_804' title='bbox 1961 5241 2103 5293; x_wconf 89' lang='lat' dir='ltr'><strong>enim</strong></span> <span class='ocrx_word' id='word_1_805' title='bbox 2134 5241 2442 5299; x_wconf 89' lang='lat' dir='ltr'><strong>mundanus</strong></span> <span class='ocrx_word' id='word_1_806' title='bbox 2470 5256 2525 5301; x_wconf 91' lang='lat' dir='ltr'><strong>et</strong></span> <span class='ocrx_word' id='word_1_807' title='bbox 2555 5248 2825 5305; x_wconf 88' lang='lat' dir='ltr'><strong>humanus</strong></span> <span class='ocrx_word' id='word_1_808' title='bbox 2878 5254 3057 5308; x_wconf 86' lang='lat' dir='ltr'><strong>carnis</strong></span> <span class='ocrx_word' id='word_1_809' title='bbox 3085 5272 3261 5323; x_wconf 87' lang='lat' dir='ltr'><strong>amor,</strong></span> <span class='ocrx_word' id='word_1_810' title='bbox 3283 5277 3404 5315; x_wconf 87' lang='lat' dir='ltr'><strong>ear-</strong></span> 
     </span>
    </p>
   </div>
   <div class='ocr_carea' id='block_1_114' title="bbox 1848 5338 3409 5423">
    <p class='ocr_par' dir='ltr' id='par_1_114' title="bbox 1848 5338 3409 5423">
     <span class='ocr_line' id='line_1_114' title="bbox 1848 5338 3409 5423; baseline 0.016 -38"><span class='ocrx_word' id='word_1_811' title='bbox 1848 5346 1959 5395; x_wconf 87' lang='lat' dir='ltr'><strong>cer,</strong></span> <span class='ocrx_word' id='word_1_812' title='bbox 1997 5341 2050 5385; x_wconf 93' lang='lat' dir='ltr'><strong>ct</strong></span> <span class='ocrx_word' id='word_1_813' title='bbox 2094 5340 2307 5397; x_wconf 82' lang='lat' dir='ltr'><strong>eatena,</strong></span> <span class='ocrx_word' id='word_1_814' title='bbox 2366 5346 2422 5391; x_wconf 89' lang='lat' dir='ltr'><strong>et</strong></span> <span class='ocrx_word' id='word_1_815' title='bbox 2476 5338 2739 5409; x_wconf 81' lang='lat' dir='ltr'><strong>infernus,</strong></span> <span class='ocrx_word' id='word_1_816' title='bbox 2774 5352 2828 5397; x_wconf 87' lang='lat' dir='ltr'><strong>et</strong></span> <span class='ocrx_word' id='word_1_817' title='bbox 2870 5360 3016 5401; x_wconf 86' lang='lat' dir='ltr'><strong>mors</strong></span> <span class='ocrx_word' id='word_1_818' title='bbox 3056 5367 3070 5405; x_wconf 92' lang='lat'><strong>:</strong></span> <span class='ocrx_word' id='word_1_819' title='bbox 3119 5368 3246 5422; x_wconf 84' lang='lat' dir='ltr'><strong>quo,</strong></span> <span class='ocrx_word' id='word_1_820' title='bbox 3286 5354 3409 5423; x_wconf 84' lang='lat' dir='ltr'><strong>quis</strong></span> 
     </span>
    </p>
   </div>
   <div class='ocr_carea' id='block_1_115' title="bbox 1800 5484 2630 5559">
    <p class='ocr_par' dir='ltr' id='par_1_115' title="bbox 1800 5484 2630 5559">
     <span class='ocr_line' id='line_1_115' title="bbox 1800 5484 2630 5559; baseline 0 -10"><span class='ocrx_word' id='word_1_821' title='bbox 1800 5524 1814 5549; x_wconf 72' lang='grc'><strong>9</strong></span> <span class='ocrx_word' id='word_1_822' title='bbox 1867 5484 1957 5537; x_wconf 66' lang='lat'><strong>25-</strong></span> <span class='ocrx_word' id='word_1_823' title='bbox 2038 5487 2081 5520; x_wconf 87' lang='grc'><strong>¹³</strong></span> <span class='ocrx_word' id='word_1_824' title='bbox 2125 5488 2317 5549; x_wconf 81' lang='lat' dir='ltr'><strong>Matth.</strong></span> <span class='ocrx_word' id='word_1_825' title='bbox 2388 5513 2483 5559; x_wconf 80' lang='lat' dir='ltr'><strong>xu,</strong></span> <span class='ocrx_word' id='word_1_826' title='bbox 2541 5496 2630 5551; x_wconf 78' lang='grc'><strong>48.</strong></span> 
     </span>
    </p>
   </div>
   <div class='ocr_carea' id='block_1_116' title="bbox 1916 5599 2608 5735">
    <p class='ocr_par' dir='ltr' id='par_1_116' title="bbox 1916 5599 2608 5735">
     <span class='ocr_line' id='line_1_116' title="bbox 1916 5599 2608 5735; baseline 0.013 -81"><span class='ocrx_word' id='word_1_827' title='bbox 1916 5599 2028 5735; x_wconf 49' lang='grc' dir='ltr'><strong>ἓίο)</strong></span> <span class='ocrx_word' id='word_1_828' title='bbox 2053 5604 2263 5672; x_wconf 81' lang='lat' dir='ltr'><strong>Melius,</strong></span> <span class='ocrx_word' id='word_1_829' title='bbox 2294 5613 2608 5676; x_wconf 73' lang='lat' dir='ltr'><strong>exasperati.</strong></span> 
     </span>
     <span class='ocr_line' id='line_1_117' title="bbox 1944 5669 2608 5735; baseline 0.011 -9"><span class='ocrx_word' id='word_1_830' title='bbox 1944 5669 2028 5735; x_wconf 81' lang='grc' dir='ltr'><strong>Η)</strong></span> <span class='ocrx_word' id='word_1_831' title='bbox 2057 5674 2364 5731; x_wconf 79' lang='lat' dir='ltr'><strong>Contrarias</strong></span> <span class='ocrx_word' id='word_1_832' title='bbox 2399 5692 2470 5730; x_wconf 80' lang='lat' dir='ltr'><strong>est</strong></span> <span class='ocrx_word' id='word_1_833' title='bbox 2504 5697 2608 5735; x_wconf 77' lang='lat' dir='ltr'><strong>ovet</strong></span> 
     </span>
    </p>
   </div>
   <div class='ocr_carea' id='block_1_117' title="bbox 1944 5669 2985 5746">
    <p class='ocr_par' dir='ltr' id='par_1_117' title="bbox 1944 5669 2985 5746">
     <span class='ocr_line' id='line_1_118' title="bbox 1944 5669 2985 5746; baseline 0.007 -15"><span class='ocrx_word' id='word_1_834' title='bbox 2057 5669 2364 5746; x_wconf 71' lang='lat' dir='ltr'><strong>Contrarias</strong></span> <span class='ocrx_word' id='word_1_835' title='bbox 2399 5669 2470 5730; x_wconf 66' lang='lat' dir='ltr'><strong>est</strong></span> <span class='ocrx_word' id='word_1_836' title='bbox 2504 5683 2733 5746; x_wconf 75' lang='lat' dir='ltr'><strong>operibus</strong></span> <span class='ocrx_word' id='word_1_837' title='bbox 2771 5686 2985 5739; x_wconf 84' lang='lat' dir='ltr'><strong>nostris.</strong></span> 
     </span>
    </p>
   </div>
   <div class='ocr_carea' id='block_1_118' title="bbox 1916 5681 3124 5823">
    <p class='ocr_par' dir='ltr' id='par_1_118' title="bbox 1916 5681 3124 5823">
     <span class='ocr_line' id='line_1_119' title="bbox 1917 5681 2985 5746; baseline 0.01 -19"><span class='ocrx_word' id='word_1_838' title='bbox 1917 5681 1997 5735; x_wconf 79' lang='lat'><strong>(1|</strong></span> <span class='ocrx_word' id='word_1_839' title='bbox 2057 5681 2364 5731; x_wconf 77' lang='lat' dir='ltr'><strong>Contrarias</strong></span> <span class='ocrx_word' id='word_1_840' title='bbox 2399 5692 2470 5730; x_wconf 79' lang='lat' dir='ltr'><strong>est</strong></span> <span class='ocrx_word' id='word_1_841' title='bbox 2504 5683 2733 5746; x_wconf 63' lang='lat' dir='ltr'><strong>lateribus</strong></span> <span class='ocrx_word' id='word_1_842' title='bbox 2771 5686 2985 5739; x_wconf 82' lang='lat' dir='ltr'><strong>nostris.</strong></span> 
     </span>
     <span class='ocr_line' id='line_1_120' title="bbox 1916 5681 3124 5823; baseline 0.011 -25"><span class='ocrx_word' id='word_1_843' title='bbox 1916 5681 2031 5811; x_wconf 61' lang='lat' dir='ltr'><strong>(Hi</strong></span> <span class='ocrx_word' id='word_1_844' title='bbox 2069 5742 2231 5802; x_wconf 79' lang='lat' dir='ltr'><strong>Vetus</strong></span> <span class='ocrx_word' id='word_1_845' title='bbox 2257 5748 2538 5817; x_wconf 85' lang='lat' dir='ltr'><strong>interpres,</strong></span> <span class='ocrx_word' id='word_1_846' title='bbox 2580 5756 2834 5821; x_wconf 80' lang='lat' dir='ltr'><strong>gandctct</strong></span> <span class='ocrx_word' id='word_1_847' title='bbox 2858 5756 3124 5823; x_wconf 73' lang='lat' dir='ltr'><strong>epulatur.</strong></span> 
     </span>
    </p>
   </div>
  </div>
