4032 6340
652 432 790 500 1219

1796 420 1855 479 S.
1895 418 2216 480 IOANNIS
2275 414 2787 476 RAITHUENSIS

3752 402 3881 465 129.0

651 548 900 601 detentus
930 551 1150 615 propter
1197 539 1479 601 virtutem,
1531 531 1887 588 altitudinem
1916 544 1972 584 et
2013 531 2228 586 clarita-
2253 547 2301 592 Α
2329 529 2427 583 riis
2449 529 2701 583 deorsum
2732 540 2833 582 nos
2857 522 3181 580 inclinantes
3209 527 3444 577 tentant:
3474 525 3529 572 et
3553 515 3609 570 in
3636 515 3744 570 isto
3762 529 3881 568 ma-

651 646 783 700 tetn,
819 635 1156 695 cbaritatem,
1200 639 1256 685 et
1324 624 1643 696 sapientiam
1678 635 1778 676 nec
1832 628 2068 689 gustare,
2118 625 2229 672 nec

651 725 857 790 videre,
890 723 1194 787 intendere,
1224 735 1324 775 nec
1348 716 1589 786 cogitare
1612 722 1814 783 potest.
1842 710 2041 776 Quare,
2087 724 2225 780 gau-

651 818 803 873 dium
832 815 1055 879 Christi,
1094 822 1177 869 est
1211 815 1265 865 in
1298 818 1486 864 nostro
1518 805 1760 875 perfecto
1797 816 2017 857 recessu
2056 816 2086 855 a
2117 809 2227 854 ter-

654 918 786 957 reno
836 910 889 956 et
942 899 1216 955 mundano
1270 902 1325 950 et
1362 891 1565 948 carnali
1625 903 1833 944 amore.
1863 885 2019 951 Cave,
2078 886 2227 939 obse-

654 1010 744 1049 cro
788 994 925 1064 (15).
954 990 1210 1045 Diabolus
1260 994 1319 1040 ut
1366 991 1685 1039 retrovertat
1716 980 1808 1035 Dei
1860 977 2093 1033 famulos
2125 980 2227 1033 sub

654 1084 834 1155 specie
859 1084 994 1138 bene
1027 1078 1367 1135 rationabilis
1394 1074 1632 1145 pietatis,
1659 1071 1895 1127 ostendit
1916 1069 2015 1135 eis,
2057 1070 2140 1123 vel
2172 1070 2227 1122 in

655 1176 827 1231 multa
876 1174 1099 1244 penuria
1158 1179 1212 1225 et
1248 1165 1689 1223 tribulationibus
1742 1161 2043 1216 innumeris
2096 1175 2228 1216 suos

654 1282 776 1321 esse
824 1272 1096 1335 parentes,
1154 1260 1233 1314 vel
1289 1259 1353 1329 in,
1397 1256 1569 1313 multo
1634 1252 1875 1324 periculo
1926 1251 2120 1305 animae
2175 1260 2230 1306 et

646 1356 957 1428 ignorantia
989 1349 1321 1410 conversari,
1365 1355 1418 1401 et
1442 1345 1624 1401 omnia
1691 1356 1877 1398 eorum
1938 1340 2043 1395 sub
2078 1353 2231 1409 quo—-

655 1446 779 1499 dam
810 1443 965 1515 quasi
1006 1442 1169 1496 divini
1202 1438 1393 1509 judicii
1435 1426 1638 1492 diluvio
1668 1434 1864 1488 debere
1931 1430 2227 1500 submergi,

658 1536 763 1592 nisi
785 1536 985 1591 eisdem
1014 1535 1359 1588 vehementer
1384 1527 1619 1591 alllictis,
1652 1540 1777 1579 cum
1838 1537 1965 1578 arca
2018 1522 2230 1577 consilii

659 1629 743 1683 vel
796 1626 999 1682 favoris
1028 1623 1138 1678 cito
1173 1620 1551 1677 subveniatur.
1580 1614 1761 1682 Quare
1788 1628 1935 1669 nunc
1973 1613 2074 1667 iste
2100 1626 2231 1667 san-

656 1727 782 1774 ctus
827 1717 960 1772 dicit
1026 1713 1175 1780 Vide,
1206 1712 1342 1776 vide,
1369 1708 1497 1779 quia
1531 1720 1708 1778 neque
1739 1705 1842 1760 sub
1867 1705 2048 1774 specie
2094 1717 2231 1772 prm-

657 1807 969 1873 dicationis,
1000 1818 1174 1872 neque
1207 1802 1312 1858 sub
1348 1801 1589 1855 obtentu
1640 1795 1943 1867 corporalis
1990 1793 2231 1849 subven-

660 1899 846 1963 tionis,
878 1895 978 1953 tibi
1026 1893 1156 1949 licet
1192 1893 1257 1945 ad
1291 1898 1576 1962 parentum
1624 1900 1869 1943 amorem
1896 1884 1981 1939 vel
2040 1897 2230 1938 curam

658 1958 945 2045 retroverti
973 2002 988 2040 :
1019 1983 1147 2054 quia
1172 1958 1465 2049 hoc—quod
1498 1978 1593 2032 tibi
1627 1974 1863 2030 mundus
1916 1971 2227 2035 universus,
2259 1958 2306 2018 Β

670 2090 793 2134 tuos
840 2075 1170 2147 passibiliter
1197 2068 1462 2139 diligenti,
1493 2067 1649 2135 aquis
1674 2064 1887 2120 videtur
1916 2075 2039 2117 esse
2063 2060 2237 2129 reple-

658 2180 770 2235 tus,
819 2180 951 2221 caro
982 2162 1241 2219 revelavit
1284 2169 1339 2215 et
1362 2158 1588 2229 sanguis
1626 2171 1750 2212 cum
1809 2156 2011 2210 Satana
2070 2152 2236 2209 simul

661 2270 721 2317 ut
760 2273 947 2329 pereas
990 2263 1045 2310 et
1073 2253 1332 2325 angelicas
1379 2247 1815 2307 conversationis
1847 2254 2063 2318 portum
2092 2244 2235 2299 male

658 2353 956 2421 relinquas.
986 2345 1317 2401 Polliceoitur
1345 2342 1495 2396 nobis
1522 2338 1741 2394 subdole
1766 2353 1785 2391 :
1810 2336 2017 2397 Nostri,
2043 2344 2100 2391 et
2124 2349 2233 2390 non

660 2442 831 2498 nostri
879 2448 1026 2504 sunt,
1067 2445 1319 2505 parentes
1348 2432 1648 2489 secundum
1680 2444 1933 2492 carnem;
1986 2427 2079 2496 qui
2136 2440 2237 2478 no-

662 2535 761 2589 stri
806 2540 953 2595 sunt,
1012 2530 1169 2599 juxta
1230 2537 1436 2580 natura:
1514 2522 1899 2583 conditionem,
1957 2533 2065 2571 non
2141 2532 2237 2571 no-

660 2625 783 2690 stri,
812 2622 1107 2678 secundum
1142 2619 1481 2687 propositum
1526 2623 1580 2668 et
1612 2611 1941 2666 voluntatem
2005 2607 2237 2663 servitu-

662 2716 735 2770 tis
803 2713 935 2769 Dei:
1018 2725 1249 2781 qnorum
1310 2704 1686 2774 cogitationes,
1746 2709 1873 2756 sunt
1930 2697 2238 2766 frequenter

563 2793 565 2795 1
662 2814 855 2859 contra
915 2814 1015 2855 nos
1074 2814 1105 2853 a
1154 2797 1459 2861 daemoniis,
1490 2804 1551 2849 ut
1635 2801 1835 2847 nostrae
1905 2790 2053 2854 flant,
2116 2804 2240 2857 qua:

662 2903 794 2950 sunt
849 2893 919 2947 ab
973 2890 1186 2946 alienis.
1239 2890 1371 2956 Ipsa:
1439 2900 1568 2939 vero
1612 2894 1896 2951 susceptae,
1948 2895 2041 2950 per
2101 2895 2237 2934 cou-

663 2999 885 3041 sensum
928 2966 1063 3036 liun't
1092 2988 1290 3034 nostra}
1336 2991 1457 3048 quae
1484 2976 1795 3030 habuerunt
1850 2971 2117 3041 originem
2170 2969 2239 3023 ab

663 3077 856 3131 alienis
880 3085 931 3130 et
958 3072 1193 3128 inimicis
1245 3069 1532 3126 daemoniis
1576 3075 1629 3121 et
1677 3062 2012 3134 parentibus,
2051 3072 2105 3117 et
2137 3076 2240 3131 pu-

664 3168 846 3222 nimur
872 3164 939 3219 de
962 3165 1063 3219 eis.
1102 3159 1379 3230 Colloquia
1415 3156 1582 3220 mala,
1624 3150 1907 3230 secuturis
1964 3148 2125 3204 simul
2188 3159 2239 3204 et

665 3255 846 3323 turpia
892 3251 1027 3322 (14).
1062 3251 1127 3303 Et
1173 3226 1364 3302 ornata
1398 3246 1617 3315 quidem
1680 3226 1955 3295 mundana
1995 3239 2235 3307 eloquia,

666 3342 955 3412 sapientia,
1014 3351 1069 3394 et
1116 3336 1421 3408 prudentia,
1485 3332 1636 3403 quia,
1694 3329 1834 3383 fastu
1890 3327 2231 3397 eloquentiae,

670 3432 961 3487 vanitatem
995 3428 1184 3485 inﬂant
1228 3436 1284 3484 et
1342 3421 1633 3478 elationem
1695 3417 1983 3481 extollunt,
2041 3415 2234 3471 incon-

665 3539 821 3594 grua,
851 3531 905 3577 et
927 3521 1069 3591 apud
1100 3531 1287 3574 servos
1311 3515 1403 3569 Dei
1444 3515 1695 3569 inornata
1739 3509 2052 3564 exsistunt:
2082 3506 2234 3560 inor-

668 3623 792 3668 nata
824 3626 951 3665 vero
992 3618 1120 3663 sunt
1186 3605 1461 3661 mundana
1507 3601 1745 3671 eloquia,
1790 3598 1991 3653 lascive
2044 3605 2099 3651 et
2148 3596 2231 3649 vi-

669 3705 825 3764 tiose,
857 3717 920 3755 ac
968 3699 1197 3768 turpiter
1239 3696 1405 3758 dicta,
1443 3708 1586 3764 quae,
1627 3691 1726 3745 etsi
1753 3689 2027 3759 eleganter
2054 3696 2107 3741 et
2136 3700 2231 3740 or-

667 3802 792 3847 nate
828 3791 1098 3851 dicantur,
1119 3797 1302 3863 tamen
1337 3800 1443 3837 non
1497 3780 1841 3835 mediocriter
1901 3776 1995 3831 sed
2056 3775 2234 3830 maxi-

668 3896 756 3936 me
792 3882 1012 3934 laedunt.
1067 3877 1248 3942 Quare
1284 3874 1557 3929 mundana
1584 3869 1800 3939 eloquia
1842 3867 2061 3937 penitus
2137 3866 2228 3919 in-

668 3973 841 4032 utilia,
873 3970 1001 4040 quia
1043 3969 1126 4021 vel
1158 3964 1473 4035 temporalia
1503 3972 1555 4017 et
1585 3960 1844 4022 carnalia,
1890 3956 1972 4039 vel
2002 3957 2231 4024 superba

664 4074 719 4119 et
762 4077 984 4117 errones
1017 4068 1168 4121 sunt,
1201 4064 1255 4111 et
1281 4056 1504 4111 omnino
1560 4052 1778 4106 vitanda
1843 4058 1897 4101 et
1954 4047 2227 4115 fugienda.

666 4153 940 4209 Somnium
985 4162 1061 4205 est
1091 4148 1254 4203 animi
1284 4147 1391 4215 (l5)
1426 4154 1617 4207 motus,
1645 4151 1750 4196 etc.
1795 4138 1947 4194 Visio
1977 4147 2061 4192 est
2084 4152 2231 4205 qua:-

666 4244 812 4305 dsm,
856 4240 1162 4311 phantasia,
1196 4252 1325 4306 qua,
1371 4234 1526 4304 quasi
1552 4234 1603 4285 in
1650 4246 1815 4285 sensu
1860 4239 1913 4283 et
1946 4221 2074 4282 fere'
2113 4242 2230 4281 ma-

668 4333 859 4388 nifeste
890 4331 1063 4386 visum
1094 4338 1197 4384 est.
1224 4325 1505 4382 Somnium
1540 4329 1643 4385 est,
1678 4319 1822 4389 quod
1860 4316 2229 4387 (dormienda)

668 4424 721 4475 i'u
766 4422 1051 4489 phantasia
1086 4417 1437 4485 imaginatum
1457 4420 1557 4467 est.
1588 4408 1844 4479 Corporis
1880 4420 2006 4459 vero
2034 4404 2229 4457 immo—

668 4511 952 4570 bilitatem,
1011 4504 1385 4577 pausatio‘uem
1439 4510 1494 4553 et
1526 4497 1760 4568 quietem
1813 4495 1966 4560 dicit,
2029 4508 2229 4547 secun-

665 4600 795 4653 dum
822 4613 984 4669 quam
1018 4599 1305 4666 quiescunt
1333 4587 1688 4651 dormientes,
1735 4594 1787 4639 et
1825 4598 2023 4651 corpus
2048 4588 2230 4634 manet

666 4656 976 4751 immoium,
1010 4656 1113 4740 hoc
1158 4684 1376 4755 quidem
1428 4677 1659 4750 patiens,
1721 4674 1853 4755 illud
1904 4670 2227 4725 subsistens.
2262 4669 2306 4723 D
2334 4656 2437 4755 ξὐδ

666 4776 1062 4846 Contemplatio
1106 4754 1194 4828 est
1246 4787 1351 4825 non
1413 4768 1719 4824 subsistens
1774 4754 2113 4831 imaginatio,
2176 4769 2232 4814 et

666 4870 931 4943 apparitio
958 4865 1115 4937 quasi
1140 4870 1359 4933 repente
1380 4862 1515 4925 visa,
1532 4868 1588 4914 et
1608 4858 1674 4912 ad
1700 4870 1939 4927 praesens
1968 4852 2227 4907 resoluta.

666 4964 744 5017 De
770 4961 988 5027 somniis
1016 4974 1081 5012 ea;
1105 4954 1371 5012 canonicis
1401 4948 1791 5006 cltaracteribus
1815 4947 1996 5015 magni
2019 4944 2227 4998 Basilii.

739 5051 919 5114 Fiunt,
954 5047 1149 5117 inquit,
1180 5045 1391 5100 sonmia
1437 5056 1504 5096 ex
1550 5037 1761 5094 diurnis
1807 5042 1860 5087 et
1902 5033 2233 5102 quotidianis

666 5143 859 5196 animae
895 5139 1154 5195 motibus.
1187 5133 1323 5188 Nam
1354 5134 1627 5188 daemones
1658 5126 1921 5189 nolentes,
1980 5136 2080 5176 nos
2108 5135 2235 5188 age-

668 5250 727 5289 re
756 5234 898 5299 quod
942 5234 1142 5285 bonum
1185 5235 1288 5289 est,
1339 5222 1524 5277 multis
1562 5214 2023 5273 machinationum
2077 5212 2235 5266 indu-

666 5324 815 5380 striis
859 5321 1182 5392 prohibent:
1212 5322 1497 5385 postquam
1531 5324 1657 5363 vero
1699 5304 2089 5372 iuceperimus,
2122 5315 2234 5353 mo-

667 5391 873 5471 liuntur
917 5426 983 5466 ne
1011 5409 1307 5465 secundum
1343 5400 1625 5457 Dominum
1678 5395 2022 5466 perficiamus
2080 5391 2228 5444 illud.

668 5510 772 5563 Sed
802 5506 971 5562 etiam
1007 5502 1112 5556 hoc
1176 5496 1441 5559 frustrati,
1498 5491 1703 5545 vitiosae
1748 5483 1979 5539 actionis
2028 5496 2234 5537 memo—

743 5686 786 5717 “
828 5681 993 5737 Eccli.
1021 5685 1215 5739 ‘xniv,
1281 5675 1335 5724 7.

734 5778 848 5848 (l5)
884 5773 1047 5848 fctus
1080 5773 1361 5848 interpres,
1392 5761 1523 5848 uide,
1559 5759 1671 5812 vide
1703 5773 1781 5836 ve,
1825 5763 1929 5807 etc.

736 5835 779 5900 ἶ.
805 5835 845 5902 εἰ
884 5842 1047 5897 Vetus
1084 5842 1371 5905 interpres,
1404 5835 1631 5897 Urnuta,
1655 5838 1701 5884 ct
1731 5835 1995 5880 inornata.

2326 621 2518 678 nil’este
2568 618 2833 684 convicti,
2887 614 3353 688 phantasmatibus
3395 625 3495 667 nos
3550 609 3609 664 in
3651 606 3881 664 somniis

2325 712 2393 767 ad
2440 710 2827 780 malignitatem
2884 720 3045 778 agere
3093 713 3402 759 conantur:
3443 715 3539 771 per
3587 714 3713 770 qum
3770 712 3882 752 sua:

2328 807 2568 875 ipsorum
2606 801 2990 857 imbecillitatis
3042 797 3398 869 cognitionem
3429 793 3749 849 exhibentes
3804 790 3883 843 eis

2326 894 2418 964 qui
2445 893 2627 948 viriles
2659 901 2786 947 sunt
2818 899 2872 946 et
2903 890 3163 945 adversus
3211 901 3271 942 se
3327 899 3607 955 resurgere
3670 891 3882 952 parant,

2327 1000 2435 1039 non
2489 992 2807 1053 apparentes
2852 990 2982 1035 tunc
3013 993 3185 1048 usque
3214 977 3441 1032 insidias
3493 970 3882 1029 venenantium

2329 1075 2678 1131 seductorum
2707 1073 3068 1141 propalantes.
3106 1068 3208 1135 Qui
3246 1084 3361 1122 vero
3394 1068 3471 1120 eis
3497 1065 3647 1118 nulla
3678 1064 3885 1116 ratione

2327 1167 2530 1221 credit:
2558 1164 2917 1234 Distinguitur
2952 1163 3144 1216 modus
3176 1163 3229 1215 in
3257 1160 3659 1230 generationem
3685 1164 3742 1210 et
3760 1170 3883 1208 enr-

2326 1257 2657 1326 ruptionem,
2711 1259 3057 1320 augmentum
3099 1256 3154 1304 et
3200 1248 3635 1308 diminutionem,
3688 1242 3889 1296 altera-

2331 1347 2554 1404 tionem.
2599 1352 2653 1399 et
2684 1342 2908 1398 localem
2943 1340 3320 1403 imitationem,
3370 1346 3593 1397 rectam.
3638 1344 3694 1389 et
3745 1332 3890 1385 obli-

2329 1451 2515 1507 quam,
2552 1444 2613 1491 ct
2656 1428 2998 1492 circularem.
3058 1430 3107 1483 Α
3167 1430 3313 1482 nullo
3362 1430 3554 1481 horum
3609 1422 3891 1479 dormiens

2329 1530 2590 1599 privatur,
2642 1525 2747 1580 nisi
2778 1539 2809 1578 a
2854 1522 3013 1578 locali
3053 1530 3219 1586 motu,
3252 1520 3501 1589 quamvis
3550 1529 3605 1571 et
3664 1515 3891 1584 quidam

2330 1617 2661 1672 dormientes
2716 1612 2999 1668 ambulare
3062 1610 3269 1665 inventi
3324 1618 3470 1663 sunt.
3520 1606 3656 1661 Cum
3706 1613 3891 1657 autem

2330 1708 2698 1778 multipliciter
2735 1704 2945 1760 somnia
2991 1703 3143 1768 fiant,
3193 1700 3407 1755 duabus
3457 1706 3638 1752 tamen
3680 1695 3894 1765 specie—

2330 1801 2435 1856 bus
2505 1800 2843 1856 somniorum
2912 1797 3236 1866 quandoque
3295 1790 3610 1847 attribuitur
3665 1786 3898 1841 visionis

2329 1888 2585 1959 qualitas.
2641 1887 2737 1942 Est
2778 1886 2945 1950 enim,
2972 1885 3211 1955 quando,
3259 1891 3315 1937 et
3339 1895 3462 1951 quas
3507 1879 3787 1940 nolumus,
3842 1885 3898 1930 et

2332 1977 2453 2047 qui:
2475 1978 2751 2048 diligimus
2790 1976 3037 2031 videmus
3083 1974 3289 2029 eisdem
3323 1968 3634 2049 reformatis
3698 1967 3897 2035 imagi-

2335 2072 2575 2135 natione,
2632 2069 2946 2139 angelorum
2992 2067 3313 2121 ministerio.
3344 2062 3440 2117 Est
3463 2076 3592 2127 vero
3633 2059 3893 2129 amplius,

2334 2160 2552 2228 quando
2582 2158 2762 2212 divina
2810 2157 3021 2212 visione
3070 2168 3224 2208 mens
3254 2160 3439 2206 nostra
3495 2149 3779 2204 rationalis
3808 2148 3894 2201 in-

2335 2248 2617 2313 formatur,
2666 2258 2721 2303 et
2764 2246 2832 2303 de
2890 2244 3309 2316 pmcognitione
3357 2240 3661 2294 futurorum
3716 2238 3896 2291 taliter

2335 2342 2616 2403 docemur,
2650 2349 2708 2393 ut
2759 2344 2903 2408 patet
2950 2336 3017 2390 de
3051 2330 3369 2403 Scripturis.
3411 2329 3484 2383 At
3529 2329 3672 2385 enim
3705 2341 3897 2382 secun-

2335 2434 2463 2488 dum
2517 2434 2661 2485 hunc
2702 2441 2958 2497 maguum
3008 2418 3147 2479 verte
3176 2423 3453 2492 sapientiae
3501 2433 3740 2474 amorem
3804 2432 3894 2469 Os-

2337 2522 2506 2575 tendit
2533 2521 2627 2589 qui
2674 2518 2882 2585 spernit
2930 2514 3141 2569 somnia
3187 2522 3349 2581 atque
3382 2510 3719 2565 contemnit:
3750 2507 3895 2569 Uul—

2338 2620 2415 2665 tos
2442 2610 2576 2663 enim
2611 2622 2788 2660 errare
2820 2605 3054 2673 fecerunt
3076 2602 3281 2657 somnia
3316 2599 3382 2655 “.

2441 2729 2570 2784 Car.
2605 2726 2694 2783 IV.
2734 2757 2804 2767 ——
2828 2724 3116 2797 Almegatio
3147 2723 3271 2793 quid
3302 2722 3370 2776 sit
3400 2721 3525 2786 (col.
3559 2720 3659 2776 679
3693 2719 3784 2791 A).

2408 2821 2609 2875 Anima:
2635 2821 2862 2890 propriae
2890 2818 3117 2886 perfecta
3145 2814 3415 2885 abnegalio
3440 2814 3772 2885 :Abnegatio
3797 2832 3894 2869 au—

2338 2923 2445 2970 tem
2487 2924 2569 2969 est
2601 2913 2836 2983 perfecta
2866 2914 3109 2966 omnium
3139 2924 3320 2964 rerum
3364 2910 3713 2978 prmsentium
3752 2908 3893 2962 obli-

2337 3008 2467 3069 vio,
2518 3014 2573 3059 et
2629 3018 2659 3057 a
2715 3002 2946 3073 prepriis
3007 3001 3343 3055 naturalibus
3406 3015 3569 3054 verus
3624 3013 3907 3054 recessus;

2339 3096 2662 3165 Confectum,
2702 3093 3006 3147 dormienda
3051 3093 3151 3146 iter
3176 3106 3195 3145 :
3253 3090 3534 3146 Dormiens
3585 3090 3821 3160 quiescit
3864 3106 3894 3143 a

2338 3190 2506 3253 curis,
2548 3201 2647 3242 nec
2682 3194 2835 3240 curat
2871 3186 2938 3238 de
2962 3184 3164 3253 aliquo,
3214 3181 3312 3247 ita,
3342 3180 3437 3250 qui
3472 3195 3597 3234 vere
3634 3170 3894 3235 obediens

2264 3290 2305 3346 c
2337 3293 2419 3337 est
2452 3282 2588 3349 (sive
2620 3278 2754 3333 mari
2790 3277 3070 3345 navigans,
3108 3275 3221 3329 sive
3250 3272 3495 3328 incidens
3538 3260 3895 3341 intlauones)

2336 3376 2404 3428 de
2432 3371 2683 3443 periculis
2714 3384 2821 3423 non
2869 3367 3121 3433 curabit,
3158 3380 3334 3435 neque
3374 3372 3637 3436 praecepta
3689 3364 3894 3420 discer-

2337 3474 2466 3520 net:
2516 3450 2622 3517 Scit
2653 3461 2796 3516 enim
2832 3458 3134 3527 diligenter,
3161 3458 3287 3528 quia
3327 3456 3381 3510 in
3430 3456 3746 3527 martyrium
3797 3456 3895 3509 in.-

2339 3555 2615 3626 putabitur
2645 3552 2695 3607 ei
2728 3551 2871 3621 quod
2895 3549 3267 3619 supervenerit
3306 3548 3603 3617 periculum
3631 3563 3700 3603 eo
3750 3549 3894 3618 quod

2338 3645 2718 3706 obedientiam,
2749 3644 2865 3697 sine
2898 3642 3148 3695 humana
3197 3638 3496 3709 prudentia:
3547 3639 3892 3704 discretione,

2337 3737 2644 3808 complevit.
2696 3734 3008 3790 Obedienlia
3069 3741 3145 3786 est
3203 3730 3464 3798 depositio
3516 3731 3847 3785 discretionis
3871 3746 3890 3785 :

2334 3830 2480 3901 quod
2516 3828 2796 3899 praeceptis
2836 3824 3041 3897 (malis,
3070 3822 3473 3893 apparentibus)
3512 3822 3732 3878 obediat
3772 3838 3893 3878 vere

2334 3921 2612 3985 obediens,
2636 3919 2797 3981 sicut,
2851 3916 2947 3988 qui
3003 3914 3231 3986 proiecit
3280 3914 3448 3968 lilium
3490 3928 3648 3969 suum
3697 3915 3748 3969 in
3775 3913 3889 3968 lur-

2337 4030 2487 4069 num.
2521 4011 2588 4065 In
2634 4010 2832 4065 divitiis
2864 4022 2992 4063 vero
3036 4006 3391 4071 discretionis,
3433 4006 3571 4074 sive,
3623 4007 3757 4061 inter
3809 4008 3891 4060 di-

2335 4107 2491 4160 sitias
2524 4103 2854 4156 discretionis
2883 4099 3036 4161 dicit,
3083 4099 3208 4166 quia
3248 4112 3393 4163 vere,
3442 4097 3669 4154 virtutes
3696 4098 3889 4153 divina

2335 4204 2635 4265 sequuntur
2662 4188 3049 4258 subjectionem
3077 4193 3134 4240 et
3178 4184 3537 4239 obedientiam
3566 4202 3670 4241 non
3690 4187 3889 4245 discer-

2335 4295 2573 4350 nentem,
2604 4279 3058 4351 quemadmodum
3088 4280 3518 4347 subsequenter:
3552 4276 3621 4331 Et
3652 4278 3888 4334 obedien-

2336 4376 2433 4437 tia,
2488 4371 2783 4433 humilitas,
2840 4381 2905 4422 ea:
2937 4365 3238 4419 humilitate
3300 4364 3567 4439 discretio,
3629 4375 3756 4431 etc.,
3812 4369 3888 4423 rel

2266 4469 2275 4479 '
2332 4468 2525 4521 anima:
2598 4461 2881 4518 voluntatis
2918 4475 2937 4513 :
2984 4457 3243 4514 Voluntas
3286 4455 3551 4512 naturalis
3597 4468 3677 4513 est
3722 4475 3887 4529 appe-

2333 4560 2500 4616 tentia
2556 4554 2839 4611 rationalis
2886 4560 3048 4620 atque
3093 4548 3294 4611 vitalis,
3346 4549 3401 4602 in
3449 4548 3583 4605 solis
3627 4554 3885 4606 naturali-

2482 4650 2829 4721 dependens:
2884 4661 2946 4701 ea
2991 4657 3119 4697 vero
3188 4650 3272 4696 est
3326 4643 3395 4697 de
3442 4644 3783 4711 possibilibus
3834 4655 3887 4699 et

2337 4742 2782 4815 impossibilibus.
2834 4736 2911 4792 Es
2958 4738 3233 4789 voluntate
3275 4735 3706 4803 possibiliumest
3736 4750 3888 4804 quae-

2336 4837 2462 4893 sitio
2486 4843 2540 4890 et
2569 4832 2834 4901 inspectio
2854 4868 2871 4895 ,
2911 4824 3107 4882 deinde
3134 4826 3443 4891 consilium,
3470 4824 3663 4881 deinde
3684 4826 3887 4893 dijudi-

2336 4929 2480 4983 catio
2507 4923 2854 4983 etdiscretio,
2883 4919 3079 4973 deinde
3104 4915 3315 4973 aii‘ecuo
3341 4919 3409 4972 ad
3433 4919 3488 4973 id
3514 4918 3652 4989 quod
3678 4904 3885 4972 discre-

2341 5029 2453 5073 tum
2520 5026 2603 5071 est
2634 5013 2863 5085 judicio,
2917 5009 3113 5065 deinde
3162 5008 3445 5064 arbitrium
3496 5008 3739 5063 ideinde
3762 5018 3885 5077 post

2341 5109 2678 5165 allectionem
2741 5101 2975 5166 arbitrii,
3048 5099 3105 5154 fit
3142 5098 3334 5154 electio
3387 5112 3509 5167 qua
3560 5096 3754 5150 dicitur
3808 5100 3882 5150 fa-

2338 5200 2511 5254 cultas
2557 5191 2847 5250 voluntatis
2892 5197 3016 5259 post
3065 5187 3247 5243 dilecti
3292 5186 3631 5245 electionem,
3681 5185 3771 5239 vel
3822 5188 3883 5240 li-

2340 5288 2525 5342 berum
2560 5281 2866 5337 arbitrium.
2896 5278 3202 5346 Quicunque
3234 5276 3301 5328 ad
3329 5271 3713 5327 intellectualis.
3752 5274 3879 5340 Qui-

2340 5392 2553 5445 cunque
2580 5371 2808 5443 propria:
2830 5369 3120 5422 voluntatis
3148 5366 3214 5421 ad
3245 5378 3516 5420 summum
3544 5364 3884 5433 complacen-

2344 5471 2471 5523 tiam
2506 5465 2730 5537 sprevit,
2762 5472 2813 5515 et
2863 5457 3172 5530 abnegavit,
3219 5458 3321 5511 iste
3389 5454 3713 5526 experientia

2422 5742 2531 5813 (15)
2567 5738 2731 5794 Vetus
2760 5737 3044 5802 interpres,
3105 5736 3325 5789 mentas.
