4032 6340
201 404 316 491 1221

1361 418 1676 482 SCIlOLIA
1718 419 1798 479 IN
1845 420 2265 489 CLIMACUM.

3303 433 3437 499 1222

199 538 265 591 cit
313 532 675 588 obedientiam
725 543 848 585 esse
903 526 1138 583 stadium
1187 525 1574 581 intellectualis
1619 542 1751 581 con-
1784 545 1828 598 Α
1856 529 1973 585 cit:
2020 531 2144 585 Siue
2176 550 2281 600 qua
2316 549 2466 588 uerno
2494 535 2799 590 vitiosarum
2816 538 3006 594 videbit
3039 539 3316 597 Dominum
3340 547 3437 601 Je-

200 626 463 689 fcssionis,
505 633 559 679 et
601 621 846 690 martyrii
890 618 1195 689 spiritualis
1222 634 1479 690 pugnam,
1516 626 1569 672 et
1591 617 1750 671 Chri-

199 719 259 774 sti
308 715 426 785 jugi
502 713 840 785 patientiam,
919 710 1313 779 depositioncm
1385 718 1754 778 peccatorum,

199 811 247 862 in
303 808 444 861 libro
502 808 624 859 vita'.
676 804 1118 873 inscriptionem,
1197 801 1370 872 pelagi
1447 802 1758 855 fluctuantis

200 898 702 954 transfretationem.
735 893 886 949 Unde
942 893 1007 948 ad
1031 893 1232 962 aliquid
1260 893 1550 961 perfectius
1580 900 1757 945 trans-

200 991 272 1044 ire
373 1004 476 1041 non
517 987 775 1057 cogitabit
824 986 942 1040 sine
976 1000 1078 1050 ea;
1125 986 1381 1054 quoniam
1418 994 1596 1038 autem
1626 1000 1757 1038 con-

200 1080 366 1133 suevit
437 1079 725 1146 malignus,
794 1077 879 1132 his
922 1076 1016 1146 qui
1080 1076 1181 1130 sub
1231 1075 1531 1130 obedientia
1591 1085 1736 1137 sunt,

200 1171 329 1223 hanc
386 1167 584 1223 inferre
614 1169 952 1234 molestiam;
1000 1168 1249 1221 videlicet
1288 1173 1346 1219 ut
1396 1168 1604 1236 seipsos
1628 1182 1757 1236 par-

196 1260 495 1329 vipcndant,
520 1276 585 1314 eo
609 1260 753 1329 quod
790 1275 897 1313 non
951 1258 1462 1327 habcntjejunium,
1508 1273 1605 1311 nec
1637 1273 1761 1311 ora-

198 1352 392 1405 tionem
444 1352 724 1415 mtmdam,
785 1365 963 1419 neque
1023 1351 1344 1404 exercitium
1401 1349 1650 1417 diligens,
1678 1364 1766 1400 nc-

198 1457 314 1510 que.
337 1442 445 1496 alia
483 1441 786 1511 spiritualia
826 1456 989 1510 opera
1021 1456 1142 1510 qua:
1188 1448 1318 1495 sunt
1372 1439 1424 1492 in
1475 1440 1762 1507 quiescen-

197 1534 331 1587 tibus
356 1550 369 1587 :
390 1542 672 1588 enumerat
699 1535 798 1587 iste
822 1533 980 1587 Pater
995 1542 1180 1587 noster
1202 1540 1422 1586 sanctus
1445 1530 1764 1583 obedientite

199 1623 354 1685 bona,
376 1622 441 1676 ad
470 1636 589 1691 qua:
611 1622 791 1676 omnia
821 1622 924 1675 alia
942 1622 1079 1676 bona
1105 1628 1436 1690 comparata,
1462 1629 1587 1674 sunt
1610 1619 1761 1683 nihil;

198 1711 445 1782 Quoniam
504 1713 811 1768 obedientia
869 1712 1127 1781 adimplet
1160 1712 1354 1765 borum
1386 1712 1629 1764 omnium
1680 1710 1764 1763 lo-

198 1818 332 1856 cum.
363 1803 493 1869 Quae
515 1819 637 1858 cum
662 1802 900 1872 perfecta
930 1801 1109 1865 fuerit,
1138 1800 1275 1870 ipsa,
1299 1801 1352 1855 in
1379 1812 1620 1870 tempore
1639 1814 1765 1869 pro-

1859 637 1975 673 sum
2008 622 2325 677 Christum:
2373 625 2639 691 Quoniam
2685 644 2815 701 ergo
2860 630 3168 687 obedientia
3220 636 3431 691 intelle-

1860 712 2080 776 ctualis,
2139 714 2321 768 divina
2395 717 2794 775 illuminatione
2855 724 3154 790 perficitur,
3189 736 3243 781 et
3301 744 3431 783 con-

1859 802 2142 859 scientiam
2194 806 2437 872 possidet
2476 808 2739 877 jndicem,
2795 812 3086 867 videndum
3145 826 3247 883 est,
3300 821 3429 890 quid

1861 895 1929 947 sit
1995 896 2325 952 conscientia
2374 917 2388 952 :
2432 898 2764 955 Conscientia
2814 914 2891 956 est
2942 905 3131 959 divina:
3198 911 3430 965 scientiu'

1862 994 2033 1039 motus
2066 999 2115 1041 et
2152 991 2413 1057 Operatio,
2443 1008 2560 1044 cum
2603 1004 2781 1047 nostra
2807 1006 2855 1048 et
2880 998 2935 1049 in
2984 1008 3164 1052 nostra
3189 1002 3428 1055 scicntia.

1861 1076 2207 1132 Conscientia
2256 1088 2341 1133 est
2396 1082 2629 1136 scintilla
2682 1084 2849 1138 divini
2902 1087 3146 1153 luminis,
3222 1094 3274 1146 in
3335 1096 3427 1145 ho-

1863 1168 2009 1221 mine
2084 1169 2303 1223 condito
2386 1173 2760 1229 subseminata
2834 1192 2863 1230 a
2934 1180 3222 1249 principio,
3272 1186 3426 1252 (μυιδί

1863 1258 2109 1326 qmedam
2154 1259 2413 1326 cogitatio
2456 1260 2768 1326 ferventior,
2810 1273 2863 1319 et
2906 1265 3280 1335 illuminativa,
3320 1291 3431 1325 \cr-

1866 1348 1990 1399 bum
2016 1360 2109 1399 seu
2136 1348 2399 1401 rationem
2431 1349 2567 1405 lucis
2585 1352 2637 1405 in
2664 1368 2723 1407 se
2744 1355 3049 1418 continens,
3066 1368 3120 1411 et
3140 1363 3429 1415 ostendens

1865 1438 1913 1490 ei
1963 1437 2162 1490 bonum
2198 1446 2252 1491 et
2297 1438 2500 1493 malum
2545 1459 2557 1493 :
2596 1452 2648 1495 et
2686 1442 2799 1499 haec
2838 1450 3171 1503 conscientia
3208 1463 3431 1505 vocatur

1870 1526 1953 1579 lex
2000 1527 2287 1579 naturalis.
2338 1526 2435 1583 llic
2487 1539 2571 1584 est
2623 1540 2820 1601 puteus
2852 1532 3038 1600 Jacob,
3092 1548 3151 1592 ut
3179 1540 3428 1596 dixerunt

1864 1617 2073 1683 Patres,
2108 1633 2269 1687 quem
2323 1617 2593 1674 l’hilistini
2643 1624 3001 1693 repleverunt.
3035 1629 3157 1692 Cui,
3188 1634 3426 1701 quandiu

1840 1704 1843 1707 ’
1866 1708 1921 1762 in
1948 1709 2033 1762 via
2070 1723 2284 1774 sumus,
2307 1713 2919 1783 eonsentirejubcmur;
2951 1721 3323 1777 consentimus
3345 1740 3432 1775 ve-

1868 1813 1929 1853 ro
1968 1800 2041 1863 ei,
2080 1815 2207 1854 cum
2236 1816 2356 1856 eam
2405 1806 2747 1861 custodimus
2794 1810 2859 1861 ad
2909 1808 3099 1876 Deum,
3137 1827 3231 1880 per
3272 1813 3429 1867 fidem

199 1897 330 1966 prio,
350 1892 532 1951 secum
553 1896 733 1950 omnia
769 1895 908 1949 bona
939 1894 1243 1964 spiritualia
1272 1901 1476 1963 portat,
1508 1902 1562 1947 et
1583 1894 1648 1946 ad
1672 1908 1763 1946 va-
1795 1911 1839 1969 Β
1865 1898 1920 1944 et
1941 1890 2325 1957 obedientiam,
2354 1902 2409 1947 et
2438 1910 2681 1950 amorem
2713 1900 3121 1965 mandatorum;
3156 1904 3220 1957 ad
3246 1907 3429 1972 proxi-

200 1985 326 2040 riam
376 1986 673 2041 introducit
746 1984 1287 2053 contemplationem,
1345 1982 1760 2053 perfectionem,

199 2086 249 2131 et
299 2076 535 2146 quietem
587 2090 719 2131 suos
786 2089 1154 2145 possessores.
1213 2072 1609 2145 Congressionis
1657 2086 1767 2127 sta-

198 2167 339 2219 dium
388 2183 407 2221 :
456 2168 687 2223 stadium
726 2175 811 2222 est
843 2166 1139 2236 Spiritualis
1178 2166 1334 2221 lucta:
1393 2166 1688 2234 profectus,
1713 2175 1767 2219 et

200 2255 378 2310 suavis
406 2258 539 2310 odor
575 2257 840 2311 bonarum
907 2255 1306 2323 operationum,
1370 2255 1423 2309 in
1474 2255 1760 2310 mortiﬁca-

198 2347 337 2400 tione
391 2346 730 2401 voluntatum
791 2353 847 2400 et
891 2361 1154 2401 sensuum
1214 2346 1397 2401 carnis
1450 2345 1768 2401 indeticiens

198 2438 453 2502 studium,
482 2446 537 2492 et
578 2437 898 2491 exercitatio
923 2436 1148 2491 humilis
1177 2437 1245 2491 ad
1296 2451 1460 2491 omne
1502 2452 1641 2505 opus
1668 2438 1766 2490 ho-

197 2541 344 2590 num,
380 2538 435 2582 et
499 2528 780 2582 meditatio
837 2536 1227 2597 prmccptorum
1280 2526 1372 2581 Dei
1430 2537 1485 2581 et
1537 2528 1767 2580 imitatio

198 2618 460 2682 passionis
490 2630 543 2672 et
572 2619 763 2671 mortis
794 2618 931 2685 ejus.
970 2616 1275 2683 Quicunque
1290 2616 1478 2685 iugum
1527 2616 1766 2671 Christi:

195 2702 564 2759 Obedientiam
619 2705 881 2773 intellige,
945 2706 1073 2773 quia
1119 2704 1263 2758 sicut
1322 2718 1421 2773 per
1485 2705 1682 2772 ipsam,
1737 2720 1766 2758 a

195 2775 411 2849 Christo
435 2792 562 2848 Jesu
598 2792 860 2869 redempti
906 2800 958 2846 et
1015 2792 1212 2846 salvati
1240 2808 1451 2857 sumus,
1513 2794 1586 2847 ita
1643 2810 1765 2857 nos,

201 2899 295 2951 per
325 2884 495 2953 ipsam
540 2882 758 2952 proprie
808 2891 863 2936 et
924 2882 1274 2952 singulariter
1331 2891 1615 2952 portamus
1676 2884 1765 2953 ju-

199 2991 346 3043 gum,
378 2974 690 3043 4ipsamque
732 2972 922 3029 Patres
986 2973 1303 3044 martyrium
1385 2975 1593 3039 dicunt,
1641 2977 1767 3045 quia

194 3077 472 3118 servorum
516 3063 607 3117 Dei
655 3062 848 3118 fornax
885 3074 939 3118 et
968 3064 1287 3119 exercitatio
1312 3073 1413 3129 est,
1450 3074 1505 3119 et
1560 3066 1626 3119 ad
1684 3067 1765 3135 ip—

194 3170 308 3209 sam
347 3164 655 3224 comparata
692 3155 834 3209 bona
865 3154 1046 3208 omnia
1077 3168 1419 3224 quacunque
1452 3168 1612 3209 sensu
1650 3170 1770 3223 pro-

1866 1994 2036 2042 mum,
2089 1995 2184 2049 per
2232 1981 2506 2051 pietatem,
2564 1986 2880 2051 patientiam
2920 1998 2972 2042 ct
3024 1989 3425 2055 humilitatem;

1866 2070 1932 2125 ad
1978 2071 2276 2141 ~nosipsos,
2322 2087 2419 2141 per
2472 2076 2947 2130 mOrtilicalioucm
3007 2094 3288 2141 sensuum,
3332 2099 3429 2135 cu-

1867 2158 2098 2221 stodiam
2148 2160 2329 2213 cordis
2368 2169 2422 2214 et
2476 2161 2692 2231 lingum,
2735 2172 2787 2216 et
2828 2166 3012 2219 odium
3074 2172 3317 2239 corporis
3379 2180 3431 2226 et

1865 2249 2109 2301 omnium
2150 2250 2443 2303 visibilium
2498 2259 2552 2303 et
2581 2253 2808 2321 propriae
2856 2256 3182 2312 voluntatis:
3213 2260 3278 2314 ad
3319 2276 3433 2315 ma-

1870 2337 2033 2389 terias
2079 2346 2134 2390 et
2173 2353 2328 2390 usum
2379 2354 2582 2402 rerum,
2631 2356 2730 2409 per
2776 2347 3185 2411 temperantiam
3236 2358 3290 2401 et
3341 2367 3432 2402 so-

1870 2426 2153 2480 brietatem
2200 2436 2253 2481 et
2298 2431 2610 2483 earumdem
2646 2435 2949 2486 custodiam
2978 2425 3211 2499 fidelem,
3248 2450 3430 2493 osten-

1869 2513 2045 2568 dendo
2093 2516 2146 2568 in
2198 2519 2294 2578 eis,
2346 2520 2491 2572 sicut
2526 2520 2576 2571 in
2628 2524 2789 2573 rebus
2829 2528 3019 2586 sacris,
3081 2527 3293 2583 Domini
3343 2548 3429 2583 re-

1869 2607 2161 2658 verentiam
2229 2616 2283 2660 et
2325 2609 2662 2662 servitutem.
2711 2610 2817 2675 Qui
2865 2615 3101 2668 subditus
3160 2630 3275 2671 est:
3323 2622 3425 2685 Qui

1871 2696 2146 2749 humiliter
2171 2696 2420 2751 subditus
2474 2707 2581 2761 est,
2630 2715 2737 2753 non
2791 2705 3021 2769 putabit
3090 2721 3149 2760 se
3196 2710 3428 2775 perime

1869 2785 2142 2839 subditum
2183 2800 2303 2840 esse
2331 2795 2424 2838 aut
2454 2787 2689 2851 obedire,
2740 2791 2865 2857 quia
2916 2793 3239 2851 obedientia:
3289 2814 3426 2865 opus

1870 2875 2193 2930 immensum
2226 2891 2348 2931 esse
2379 2877 2670 2948 intelligit;
2700 2881 2790 2948 qni
2824 2897 3034 2938 veroex
3065 2888 3280 2955 proprio
3311 2910 3430 2941 mu-

1869 2982 1931 3020 su
1980 2977 2032 3021 et
2066 2967 2340 3022 voluntate
2385 2969 2587 3038 aliquid
2644 2971 2789 3035 facit,
2840 2974 2965 3027 licet
2993 2978 3211 3032 obedire
3262 2997 3426 3048 app;-

1869 3067 2006 3121 reat,
2086 3068 2266 3112 tamen
2327 3064 2441 3129 ipse
2511 3070 2699 3117 contra
2760 3067 2999 3134 seipsum
3074 3083 3215 3123 ornus
3264 3090 3423 3126 suum

1870 3149 2274 3215 portat:unde,
2326 3151 2371 3203 si
2420 3151 2467 3204 is
2506 3153 2600 3219 qui
2672 3155 2763 3206 tali
2839 3167 3049 3222 praeest,
3109 3160 3252 3214 hunc
3288 3178 3420 3216 non

195 3246 310 3314 prio
341 3255 395 3299 ct
423 3248 699 3299 voluntate
746 3246 902 3307 llunt,
932 3243 1070 3297 nihil
1116 3254 1266 3298 sunt.
1329 3242 1389 3297 Si
1444 3260 1563 3296 vero
1620 3240 1833 3299 aliasC
1864 3236 2061 3304 θτςυίιν
2114 3238 2330 3306 Sibiipsi
2380 3247 2435 3291 et
2491 3240 2758 3307 discipulo
2812 3257 2975 3297 causa
3056 3249 3420 3315 periculorum

196 3336 468 3404 fecerimus
491 3351 510 3388 :
538 3336 816 3404 Alioquin,
844 3334 1041 3403 inquit,
1074 3334 1164 3403 qui
1188 3333 1365 3387 aliena
1421 3341 1640 3402 peccata
1667 3349 1764 3387 cu-

196 3426 340 3481 riose
368 3424 615 3495 requirit,
659 3432 718 3479 et
745 3432 1041 3489 scrutatur,
1084 3422 1371 3487 discernit,
1428 3423 1761 3492 suspicatur,

196 3524 249 3569 ct
284 3514 513 3585 iudicat,
560 3522 616 3569 et
648 3515 947 3584 praesertim
977 3513 1359 3582 prtesidentis;
1426 3528 1532 3566 non
1589 3514 1763 3583 pumi-

199 3606 378 3661 tentize
403 3606 543 3660 viam
579 3606 731 3671 vidit,
762 3612 855 3658 aut
882 3584 1215 3674 paenitentia:
1249 3604 1461 3657 initium
1494 3602 1643 3670 fecit,
1669 3606 1761 3659 sed

178 3693 446 3750 'elationis
472 3705 527 3749 et
575 3694 864 3763 praecipitis
898 3694 1258 3753 viamtcnet.
1329 3692 1498 3747 Nemo
1522 3694 1630 3747 sine
1659 3710 1764 3763 qua

198 3786 506 3839 vitiosarum
555 3800 576 3838 :
628 3783 779 3838 Iulti
825 3785 992 3848 enim,
1040 3768 1186 3837 lsine
1256 3785 1591 3852 subiectione
1658 3785 1765 3837 Deo

198 3875 538 3943 placuerunt,
565 3876 711 3939 sicut.
734 3872 938 3927 Paulus
980 3872 1217 3927 Eremita
1271 3882 1329 3926 et
1377 3872 1538 3925 Maria
1593 3871 1762 3942 Egy-

199 3962 599 4032 ptiaca,etalii
629 3962 823 4016 multi:
882 3961 1163 4032 quomodo
1233 3974 1388 4028 ergo,
1449 3960 1566 4014 sine
1624 3961 1759 4029 ipsa,

199 4058 373 4114 Nm
416 4057 583 4111 Deum
612 4054 806 4111 uidebit
828 4054 855 4107 γ
879 4032 1131 4107 Dicimus
1148 4066 1302 4123 ergo,
1354 4052 1499 4121 quod
1532 4052 1625 4120 qui
1650 4067 1765 4119 per-

198 4144 339 4202 fecte
385 4158 601 4199 carnem
633 4141 851 4213 spiritui
897 4139 1139 4210 subiicit,
1178 4147 1235 4194 et
1252 4139 1606 4194 conscientia:
1663 4142 1761 4194 sti-

198 4239 408 4293 mulum
438 4235 677 4307 possidet
704 4232 966 4307 judieem,
996 4239 1051 4287 et
1081 4232 1131 4287 ei
1157 4232 1361 4295 obedit,
1393 4232 1529 4285 nihil
1557 4233 1661 4288 sibi
1695 4234 1763 4287 de

198 4304 456 4398 propria
483 4304 761 4381 voluntati:
831 4323 1168 4394 relinquens,
1215 4324 1319 4379 iste
1389 4323 1587 4380 divinis
1626 4340 1763 4395 prte—

197 4417 368 4487 eeptis
412 4414 588 4469 factus
636 4411 916 4475 obediens,
964 4421 1259 4481 antequam
1310 4412 1579 4467 visibilem
1639 4414 1766 4468 obe-

196 4507 458 4561 dientiam
490 4511 847 4575 pertranseat,
876 4502 945 4559 ad
996 4504 1415 4559 intellectualem
1477 4506 1758 4575 pertingit,

197 4613 320 4668 qua:
367 4595 595 4652 multum
636 4594 847 4650 excedit
891 4594 1184 4649 visibilem.
1241 4594 1302 4649 Si
1348 4596 1555 4669 anima,
1632 4611 1759 4651 cora

197 4706 321 4762 pus,
354 4696 413 4744 et
438 4687 683 4758 spiritus,
709 4684 965 4749 litteram,
994 4694 1051 4741 et
1078 4686 1309 4757 gratiam
1344 4685 1640 4755 Evangelii,
1683 4688 1763 4742 le—

195 4764 342 4850 gem,
368 4789 427 4837 et
452 4777 701 4852 gloriam,
729 4776 980 4850 gratiam,
1028 4787 1085 4832 et
1117 4778 1281 4843 hanc,
1338 4777 1432 4832 illa
1482 4778 1765 4834 substituit

194 4873 272 4937 et!
294 4867 783 4928 commendabilem
814 4864 963 4921 facit.
993 4864 1060 4921 Et
1080 4867 1251 4922 habes
1291 4866 1416 4923 illos
1467 4868 1561 4937 qui
1616 4870 1761 4925 circa

196 4977 456 5032 maguum
501 4958 821 5022 Antonium,
869 4971 964 5026 per
1016 4957 1434 5015 intellectualem
1508 4959 1765 5015 obedien-

197 5054 329 5109 tiam
359 5054 710 5116 refulserunt,
739 5059 793 5105 et
819 5050 972 5120 quasi
1005 5050 1179 5120 angeli
1233 5065 1329 5119 per
1360 5050 1606 5107 eamdem
1658 5052 1764 5106 Do-

196 5145 350 5199 mino
377 5144 697 5202 obediebaut
748 5146 925 5199 solum
958 5143 1203 5199 coelestia
1235 5144 1526 5214 sapientes,
1561 5147 1764 5214 quibus

191 5234 402 5304 dignus
428 5253 537 5293 non
582 5247 701 5294 erat
728 5236 982 5292 mundus.
1040 5233 1300 5289 Praecedit
1351 5251 1482 5305 ergo
1555 5237 1763 5292 intelle-

196 5327 402 5382 ctualis
434 5328 741 5385 obedientia
793 5328 1056 5384 visibilem
1087 5326 1585 5393 incomparabiliter
1634 5345 1649 5381 :
1708 5339 1760 5383 et

197 5417 343 5472 sicut
368 5419 471 5480 sol,
509 5434 612 5475 suo
637 5429 763 5476 artu
792 5419 974 5476 stellas
997 5417 1251 5477 occultat,
1284 5416 1356 5469 ita
1388 5416 1761 5472 intellectualis

196 5505 532 5571 obedientia,
589 5508 873 5564 visibilem.
937 5505 1136 5573 Quare,
1198 5503 1291 5575 qui
1340 5504 1758 5560 intellectualem

199 5611 308 5652 non
340 5597 639 5665 possident,
668 5598 763 5673 sed
811 5599 989 5655 adhuc
1034 5597 1177 5652 vitiis
1226 5596 1597 5661 molestantur,
1644 5598 1761 5653 sine

197 5685 430 5749 visibili,
471 5696 726 5756 tauquam
768 5688 979 5759 parvuli
1035 5698 1091 5743 et
1136 5687 1239 5743 sub
1294 5694 1453 5761 nocte
1505 5686 1758 5742 vitiorum

198 5777 488 5843 prolicere,
539 5764 626 5832 vel
668 5777 867 5832 salvari
915 5792 1023 5833 non
1063 5785 1309 5848 possunt.
1345 5778 1486 5832 Bene
1511 5790 1639 5847 ergo
1672 5780 1757 5833 di-

1862 3335 1964 3379 est.
1995 3324 2301 3394 Propterea,
2337 3325 2497 3383 Pater
2524 3331 2689 3385 dicit:
2729 3349 2885 3401 super
2916 3335 3009 3387 hoc
3067 3337 3238 3392 dicere
3270 3357 3336 3408 qu
3360 3343 3423 3392 d-

1861 3429 2018 3482 quam
2073 3431 2174 3468 non
2237 3416 2420 3481 habeo,
2475 3421 2599 3488 quia
2666 3423 2831 3475 verbo
2888 3426 3189 3480 duliitativo
3245 3429 3419 3498 ipsum

1865 3518 2014 3556 reum
2048 3504 2535 3574 ostenditjudicio.
2592 3510 2676 3562 Λιι
2703 3513 3101 3580 confessionem,
3156 3534 3256 3587 qua
3309 3523 3419 3573 sine

1864 3594 2036 3647 nullus
2065 3597 2450 3660 remissionem,
2485 3596 2589 3661 etc.
2628 3618 2642 3653 :
2670 3602 2806 3667 Quia
2833 3608 3076 3660 conliteri
3106 3610 3423 3679 simplicitrr

1864 3698 2078 3753 peccata
2109 3697 2352 3741 tenemur
2378 3705 2441 3742 ex
2491 3694 2814 3747 necessitate
2841 3696 3006 3749 divini
3042 3700 3299 3769 mandati,
3331 3720 3429 3778 pa:

1864 3785 1938 3830 tet
1967 3793 2033 3831 ex
2088 3780 2403 3847 apostolicis
2434 3782 2815 3838 traditionibus
2861 3796 2914 3839 et
2963 3790 3163 3857 regulis
3220 3794 3291 3846 ab
3342 3796 3421 3848 eis

1864 3869 2152 3935 prnpOsitis
2216 3868 2463 3924 Ecclesia:
2498 3872 2802 3936 catholica,
2847 3864 2944 3942 per
2996 3876 3256 3945 Spiritum
3290 3898 3420 3936 san—

1860 3969 2006 4010 ctum
2036 3974 2266 4025 quorum
2296 3974 2532 4014 canones
2545 3969 2599 4014 et
2630 3961 2872 4017 instituta
2904 3974 3164 4029 tenentes,
3188 3968 3281 4025 Dei
3330 3990 3420 4027 Sa-

1861 4048 2359 4116 certlotilmsuuxta
2413 4065 2601 4103 eorum
2645 4041 3000 4125 prmeeptum)
3052 4069 3272 4125 peccata
3294 4078 3421 4117 con-

1863 4136 2071 4190 litentes
2118 4138 2501 4208 indulgentiam
2532 4152 2584 4194 et
2636 4144 3009 4200 remissionem
3053 4150 3297 4221 accipere
3340 4155 3421 4207 ef-

1864 4226 2076 4278 ficimur
2105 4227 2289 4296 digiti:
2320 4238 2625 4297 propterea,
2660 4247 2765 4301 qua
2816 4235 2956 4298 sine,
3007 4238 3135 4293 dicit
3199 4252 3421 4297 sanctus

1866 4315 2024 4371 Pater
2064 4342 2075 4373 :
2112 4316 2508 4375 Nemo‘oidebit
2553 4323 2741 4377 Deum.
2773 4356 2841 4366 —
2863 4327 3072 4383 Fratris
3108 4343 3163 4385 ut
3193 4336 3244 4386 in
3274 4336 3419 4387 nullo

1830 4409 2179 4463 conscientia
2239 4412 2622 4467 vulneraretur.
2679 4414 3007 4473 Multimodis
3068 4420 3223 4477 factis
3289 4440 3421 4479 con-

1865 4501 2091 4555 scientia
2122 4502 2312 4555 feritur
2342 4520 2356 4555 :
2405 4504 2711 4582 extollentia
2746 4514 2801 4560 et
2856 4508 3109 4573 elatione,
3148 4514 3415 4579 superﬂua

1868 4593 2170 4659 prudentia,
2201 4593 2534 4658 seductione,
2566 4594 2894 4667 inﬁdelitate,
2937 4598 3239 4661 tumndacio,
3271 4602 3418 4655 flau-

1820 4750 1825 4757 .
1865 4684 1951 4745 de,
1997 4682 2330 4752 deceptione,
2362 4692 2695 4752 contemptu,
2733 4685 2926 4750 livore,
2962 4692 3417 4756 murmuratione,

1864 4774 2215 4836 detractione,
2244 4773 2497 4838 vindicta,
2537 4784 2590 4828 et
2620 4776 2841 4845 reliquis
2871 4794 2990 4848 quae
3022 4782 3306 4851 pariuntur
3352 4802 3417 4837 ex

1866 4863 2006 4918 istis.
2068 4860 2134 4915 Ut
2167 4863 2221 4914 in
2252 4863 2619 4929 gravissimam
2664 4867 2857 4921 anima:
2911 4872 3121 4925 ruinam
3173 4875 3417 4941 prmcipi-

1865 4964 2027 5029 torer.‘
2085 4952 2475 5008 Gravissimum
2532 4957 2727 5011 aninue
2804 4960 3037 5029 lapsum,
3092 4978 3199 5017 non
3252 4964 3417 5019 alium

1863 5044 2013 5110 dicit,
2045 5059 2206 5113 quam
2256 5047 2687 5103 extraordinarie
2720 5052 2893 5121 ipsum
2930 5065 3177 5123 gustasse
3227 5064 3280 5109 et
3306 5057 3419 5111 fur-

1865 5138 1969 5190 tive
1992 5149 2055 5189 ac
2080 5136 2302 5187 latenter
2331 5139 2631 5194 comedisse
2668 5157 2733 5195 ex
2757 5142 2840 5197 his
2871 5160 2990 5212 qua:
3020 5147 3273 5201 animalia
3298 5164 3421 5218 por-

1865 5228 2239 5295 tabant,‘quod
2276 5236 2361 5282 est
2405 5242 2685 5298 peccatqu
2733 5236 3137 5303 gravissimum,
3167 5247 3220 5293 et
3286 5257 3420 5306 penu

1861 5310 2183 5388 inexpiabile
2230 5335 2351 5374 esse
2380 5338 2608 5392 tnaguus
2639 5324 2797 5381 Pater
2823 5337 3007 5382 noster
3053 5328 3279 5384 llasilius
3309 5336 3416 5383 cti-

1860 5414 2045 5467 deutcr
2073 5413 2305 5468 declarat
2337 5414 2390 5468 in
2428 5416 2710 5473 Proccmiis
2744 5419 2940 5488 regula:
2966 5434 3097 5487 sum,
3126 5422 3214 5475 ubi
3240 5432 3421 5474 osten-

1860 5505 1937 5559 dit
1984 5503 2128 5573 qnod
2181 5506 2270 5559 tali
2321 5508 2480 5577 culpa
2528 5511 2868 5579 inquinatus,
2914 5504 3069 5581 quasi
3130 5511 3415 5577 incorrigi-

1860 5595 1982 5650 bilis
2021 5597 2143 5651 erit.
2176 5595 2329 5653 Unde
2385 5602 2543 5657 docet
2590 5603 2731 5673 quod
2766 5602 2890 5658 talis
2942 5603 3068 5656 mali
3106 5601 3417 5655 commissio

1862 5700 2027 5755 usque
2080 5686 2148 5742 ad
2193 5689 2390 5760 linguae
2418 5692 2586 5749 solius
2631 5704 2870 5762 gustum,
2934 5703 3018 5749 est
3060 5691 3271 5761 penitus
3318 5692 3416 5760 (si-

1860 5789 1950 5831 cut
1976 5780 2164 5836 mortis
2217 5783 2495 5854 obligatio)
2533 5784 2802 5855 fugienda.
2852 5785 2953 5850 Qui
2987 5798 3114 5851 ergo
3166 5782 3268 5837 iste
3301 5782 3415 5837 fur-
