4032 6340
601 423 741 492 1223

1718 424 1781 484 S.
1832 417 2148 484 JOANNIS
2190 411 2712 479 RAITHUENSIS

3710 406 3848 470 1224

601 539 710 591 tive
785 534 1043 600 comedit,
1112 533 1502 591 subiuductum
1561 545 1621 588 se
1687 529 1742 586 in
1784 523 2165 599 gravissimum
2193 531 2239 587 Α
2267 529 2441 576 vctur.
2481 518 2699 574 Necesse
2735 525 2812 573 est
2840 515 2980 572 enim
3020 515 3253 570 converti
3303 529 3452 568 mare
3488 522 3542 568 et
3584 511 3798 568 turbari
3821 532 3843 570 :

602 627 798 681 animat
843 627 1052 695 lapsum
1095 626 1351 682 asseruit.

674 715 865 771 Statue
922 717 978 769 in
1027 717 1202 771 cordis
1254 717 1332 769 tui
1371 716 1579 785 janua,
1627 726 1830 768 severos
1863 707 2168 778 janitores:
2213 752 2225 761 .

608 806 781 860 Duros
805 806 1081 871 ostiarios,
1101 806 1235 862 dicit
1265 805 1526 876 speciales
1552 813 1606 860 et
1640 801 1921 874 generales
1945 799 2170 852 virtutes

611 893 846 960 animat;
882 891 1114 956 scilicet,
1153 891 1544 956 fortitudinem,
1570 888 1930 961 prudentiam,
1965 894 2170 954 tempe-

606 983 860 1050 rantiam,
894 989 950 1037 et
988 982 1286 1050 justitiam.
1331 982 1489 1051 Afﬁge
1524 981 1580 1034 in
1626 979 1816 1032 anima:
1853 977 2015 1047 ligno,
2059 986 2166 1029 etc.

607 1071 833 1142 Lignum
862 1071 995 1126 dicit
1027 1070 1496 1126 mortificationem
1538 1069 1721 1124 carnis
1762 1075 1818 1122 et
1850 1063 2164 1121 crucifixio-

607 1174 729 1214 nem
750 1175 876 1214 cum
898 1158 1017 1214 suis
1040 1156 1518 1228 concupiscentiis.
1538 1153 1768 1209 Crucem
1788 1165 1920 1205 vero
1942 1149 2164 1213 animat,

606 1249 736 1306 dicit
758 1247 1228 1305 mortiﬁcationem
1259 1246 1459 1316 proprii
1489 1237 1684 1301 sensus
1708 1252 1764 1297 et
1798 1241 2030 1311 propriae
2074 1254 2171 1293 vo-

605 1339 851 1405 luntatis,
898 1352 995 1407 per
1030 1349 1194 1406 quam
1235 1334 1508 1389 diabolum
1552 1331 1839 1392 vincimus,
1887 1331 2168 1396 et'pacem

607 1425 1104 1500 imperturbabilem
1130 1425 1493 1496 possidemus.
1522 1419 1736 1475 Nullam
1781 1418 1928 1473 enim
1961 1415 2154 1471 utilita-

608 1526 715 1572 tem
744 1517 1133 1585 consequimus
1159 1515 1226 1569 de
1269 1511 1619 1568 cruciﬁxioue
1654 1508 1860 1570 carnis,
1898 1506 2004 1561 nisi
2037 1507 2168 1575 liga-

608 1623 733 1664 mus
767 1615 823 1662 et
848 1606 1232 1662 corillrmemus
1263 1605 1318 1659 in
1348 1618 1413 1658 ea
1449 1600 1924 1656 mortificationem
1958 1605 2014 1652 et
2039 1613 2166 1652 cru-

609 1696 911 1751 cifixionem
936 1695 1142 1764 proprii
1173 1707 1367 1750 sensus
1394 1701 1450 1750 et
1473 1689 1702 1761 propria:
1726 1688 2044 1742 voluntatis.
2081 1680 2164 1740 Ad

607 1789 836 1856 ineptam
878 1803 1061 1840 rursus
1093 1795 1143 1840 et
1169 1785 1409 1838 inutilem
1451 1798 1512 1835 ac
1540 1779 1804 1851 spinosam
1831 1780 2117 1832 oratiunem
2145 1792 2164 1831 :

2268 611 2434 666 Maris
2461 609 2864 666 similitudinem
2891 606 3101 662 inducit
3125 605 3192 660 ad
3214 605 3603 661 ostendendam
3629 605 3842 660 vitiosae

2268 703 2466 759 mentis
2498 701 2824 772 passionem,
2854 714 2979 770 quae
3013 698 3155 753 sicut
3192 712 3361 764 mare,
3399 711 3429 751 a
3463 697 3645 752 ventis
3681 697 3841 750 intel-

2269 794 2609 859 lectualibus,
2643 808 2739 849 seu
2766 790 3158 847 tentationibus
3194 797 3250 844 et
3278 789 3497 858 injuriis
3539 797 3597 844 et
3625 789 3839 858 impro-

2267 888 2436 956 periis
2467 900 2656 940 eorum
2693 884 2786 955 qui
2818 883 2920 939 sui)
2950 881 3271 952 praesidente
3295 891 3442 942 sunt,
3472 881 3839 936 conturbatur

2267 987 2322 1032 et
2358 977 2598 1042 inflatur,
2626 986 2680 1032 et
2713 984 2957 1030 movetur
2993 974 3063 1028 ab
3091 972 3555 1042 increpationibus
3590 988 3714 1039 qua:
3743 972 3837 1025 in-

2266 1071 2539 1124 ducunttr
2563 1083 2725 1138 super
2749 1082 2900 1131 eam,
2923 1066 2990 1120 ad
3021 1065 3396 1135 probationem
3431 1073 3479 1118 et
3512 1064 3833 1129 utilitatem,

2266 1175 2298 1215 a
2324 1159 2677 1215 fraternitate.
2714 1156 2867 1212 Vitiis
2893 1155 3055 1227 igitur
3085 1155 3312 1210 interius
3345 1153 3834 1216 tumultuantibus,

2267 1261 2324 1305 et
2356 1249 2686 1305 irascihilem
2710 1243 3180 1301 commoventihus
3216 1243 3283 1297 ad
3314 1242 3472 1306 iram,
3499 1251 3554 1296 et
3589 1241 3838 1296 rationa-

2266 1340 2428 1395 bilem
2459 1336 2940 1398 confundentihus,
2967 1349 3067 1390 nec
3092 1333 3400 1390 sinentibus
3420 1333 3567 1402 quod
3593 1344 3680 1400 est
3704 1332 3839 1386 utile

2265 1429 2602 1498 conspicere,
2623 1436 2679 1482 et
2695 1427 2836 1497 quod
2865 1425 3056 1480 melius
3072 1431 3156 1478 est
3179 1431 3384 1488 tenere,
3397 1421 3541 1475 velut
3561 1436 3838 1488 exspuens

2265 1523 2682 1584 praeassumptas
2725 1513 2916 1568 sordes
2951 1525 3104 1566 mare
3144 1512 3361 1575 mentis,
3397 1518 3664 1565 monstrat
3691 1526 3836 1578 quas

2264 1601 2518 1655 vitiorum
2581 1599 2806 1655 nuliiina
2858 1600 3036 1669 primo
3082 1599 3136 1653 in
3197 1599 3371 1669 ipsam
3429 1599 3832 1663 conduxerant,

2267 1697 2508 1758 tempore
2533 1688 2780 1743 videlicet
2811 1685 3242 1754 tranquillitatis,
3267 1694 3321 1740 et
3343 1685 3499 1740 bona:
3520 1687 3835 1740 consisten-

2271 1780 2378 1833 tiaz.
2436 1776 2591 1833 Nunc
2635 1777 2800 1847 igitur
2846 1789 3069 1831 necesse
3104 1785 3190 1830 est
3232 1792 3381 1830 mare
3414 1777 3642 1841 turbari,
3681 1777 3834 1845 quia,

607 1855 726 1933 Non
769 1887 995 1932 venusta
1040 1884 1095 1931 et
1140 1890 1250 1930 non
1296 1872 1557 1943 prollcua,
1598 1879 1655 1926 et
1697 1869 1915 1940 spinosa
1950 1868 2163 1939 eloquia
2196 1863 2235 1917 Β
2263 1885 2329 1924 ex
2353 1885 2460 1939 quo
2509 1866 2828 1922 humilitatis
2871 1873 3249 1936 argumentum
3281 1855 3343 1920 es
3378 1874 3562 1919 nostra
3602 1879 3838 1920 conver-

613 1977 836 2023 sanctus
879 1968 1040 2022 Pater
1069 1966 1200 2021 dicit
1227 1979 1349 2033 qua:
1369 1979 1464 2017 sua
1491 1972 1652 2028 sunt;
1683 1961 1907 2024 scilicet,
1941 1971 2044 2013 non
2078 1974 2168 2014 ve-

615 2071 773 2116 nusta
798 2067 1098 2115 secundum
1125 2057 1514 2126 eloquentiam,
1543 2062 1763 2123 propter
1792 2052 2088 2122 simplicem
2115 2059 2170 2104 et

613 2150 920 2222 ordinatum
969 2152 1186 2205 modum
1213 2149 1462 2214 dicendi;
1513 2163 1620 2202 non
1670 2147 1933 2217 proficua,
1975 2161 2169 2200 secun—

613 2241 742 2295 dum
771 2241 1100 2296 mundanam
1130 2241 1397 2310 requiem,
1445 2249 1499 2293 et
1543 2238 2018 2300 commoditatem;
2059 2235 2170 2304 spi-

614 2343 769 2394 nosa,
817 2329 1118 2384 secundum
1171 2342 1418 2396 asperam
1468 2326 1833 2379 narrationem
1879 2332 1933 2378 et
1976 2323 2168 2375 duram

614 2419 910 2487 spiritualis
951 2418 1074 2473 vitae
1117 2418 1381 2487 regulam,
1406 2417 1553 2485 iusta
1600 2415 1733 2468 illud.
1777 2413 2167 2482 evangelicum,

614 2511 779 2563 durus
798 2519 875 2563 est
905 2511 988 2562 hic
1012 2525 1182 2562 sermo
1206 2509 1269 2560 ⁸⁸.
1287 2515 1359 2548 —-’
1374 2507 1465 2560 Est
1493 2505 1701 2576 quidem
1728 2504 2063 2574 prwclarum,
2088 2503 2170 2556 la-

618 2603 763 2657 bores
809 2612 1110 2656 sanctorum
1162 2600 1444 2654 admirari.
1475 2599 1741 2664 Quoniam
1785 2596 1924 2651 Deus
1972 2595 2167 2659 bonus,

620 2704 830 2750 amator
875 2695 1159 2748 hominum
1207 2703 1314 2756 est,
1344 2694 1542 2746 multas
1579 2692 1771 2745 salutis
1797 2689 2020 2759 justitiaa
2057 2688 2171 2741 vias

582 2780 586 2785 ’
620 2784 858 2838 ostendit
897 2783 1076 2850 nobis,
1110 2792 1172 2837 ut
1215 2798 1324 2836 non
1368 2783 1688 2850 periremus,
1734 2781 1829 2834 sed
1873 2779 2169 2833 secundum

621 2893 776 2931 suam
825 2892 1072 2947 magnam
1132 2875 1556 2931 misericordiam
1617 2873 2001 2927 salvaremur:
2047 2871 2172 2940 quia

624 2982 731 3020 non
756 2966 885 3021 fecit
912 2967 1183 3022 hominem
1217 2965 1360 3021 Deus
1387 2973 1444 3018 ut
1481 2963 1823 3033 periret,.sed
1866 2970 1925 3014 ut
1954 2961 2026 3014 illi
2057 2971 2173 3014 ser-

623 3060 784 3124 viret,
821 3066 875 3112 et
906 3058 1238 3122 salvaretur;
1268 3056 1387 3110 ideo
1427 3053 1735 3108 vocationes
1775 3053 2051 3106 hominum
2083 3059 2174 3104 va-

2266 1961 2476 2015 Satione
2531 1974 2640 2013 non
2696 1959 3001 2022 sumimus,
3074 1955 3462 2010 tentationihus
3520 1958 3837 2010 necessario

2250 2053 2661 2125 .immergimnr,
2693 2061 2756 2106 ut
2786 2051 3079 2121 probemur
3121 2059 3176 2104 et
3207 2050 3548 2104 intlrmemur
3580 2064 3643 2104 ac
3677 2052 3835 2104 iulir-

2268 2139 2399 2192 mati
2427 2153 2738 2207 purgemur,
2763 2153 2826 2192 ac
2848 2135 3079 2206 perfecte
3105 2137 3470 2191 humiliemur.
3510 2134 3652 2189 Dicit
3677 2151 3832 2206 ergo,

2270 2244 2488 2283 necesse
2515 2238 2597 2302 est
2621 2243 2767 2282 mare
2808 2227 3058 2302 quassari
3091 2236 3147 2281 et
3186 2225 3392 2281 turbari
3416 2225 3552 2296 (l6).
3599 2226 3684 2278 Ex
3714 2229 3839 2281 obe-

2267 2319 2504 2384 dientia,
2561 2317 2851 2372 humilitas.
2902 2317 3204 2372 obedientia
3263 2317 3441 2383 enim,
3506 2317 3835 2386 principium

2271 2404 2614 2473 humilitatis,
2651 2408 2908 2477 quoniam
2942 2407 3035 2475 qui
3067 2407 3328 2483 seipsum
3368 2422 3475 2460 non
3503 2407 3838 2462 condemnat

2269 2499 2410 2553 sicut
2455 2498 2787 2553 deiicientem
2829 2513 2860 2552 a
2900 2497 3212 2564 virtutibus,
3254 2497 3358 2551 sub
3395 2513 3559 2550 manu
3608 2499 3838 2555 alterius

2269 2606 2389 2645 esse
2418 2606 2524 2643 non
2551 2589 2710 2644 valet.
2741 2588 2925 2659 Igitur,
2967 2589 3088 2642 talis
3129 2588 3514 2642 condemnatio
3556 2591 3837 2645 contrahit

2268 2692 2322 2735 et
2340 2681 2448 2752 agit
2473 2680 2709 2734 animam
2749 2679 2814 2733 ad
2847 2679 3205 2733 obedientiam
3250 2695 3263 2734 :
3292 2679 3595 2733 obedientia
3627 2692 3833 2746 autem,

2270 2772 2461 2824 timore
2496 2767 2705 2824 Domini
2760 2769 2991 2832 firmata,
3033 2777 3256 2838 generat
3297 2769 3683 2834 humilitatem,
3729 2771 3836 2824 hu-

2271 2860 2471 2914 militas
2501 2874 2629 2913 vero
2667 2867 2924 2927 perpetuo
2950 2859 3193 2913 exsulem
3219 2857 3346 2914 facit
3380 2860 3690 2913 elationem.
3726 2861 3832 2927 Qui

2272 2962 2452 3006 autem
2489 2953 2557 3007 ab
2582 2953 2768 3006 eadem
2803 2960 2888 3006 est
2926 2952 3082 3014 liber,
3108 2960 3163 3005 et
3199 2967 3227 3003 a
3261 2952 3485 3020 reliquis
3508 2961 3592 3004 est
3629 2966 3837 3020 purga-

2276 3053 2362 3098 tus
2392 3062 2406 3098 :
2431 3057 2601 3112 quare
2640 3044 2835 3096 domus
2861 3041 3312 3111 impassibilitatis
3345 3051 3399 3095 et
3427 3041 3708 3094 munditia:
3732 3056 3835 3094 an-

620 3148 738 3212 rize,
789 3154 844 3202 et
889 3146 1210 3202 donationes
1259 3145 1429 3216 ipsius
1457 3144 1780 3199 dillerentes.
1818 3141 1971 3207 Hinc,
2010 3143 2166 3202 alius.
2197 3135 2574 3221 enuntiatur.
2599 3131 2968 3188 Ohedientiam
3009 3133 3191 3202 igitur,
3223 3131 3604 3196 humilitatem,
3643 3139 3700 3185 et
3731 3131 3838 3184 im-

623 3235 1007 3305 hospitalitatis
1055 3246 1286 3300 amator,
1326 3235 1485 3300 alius,
1527 3233 1724 3303 quietis
1767 3232 2171 3297 etremotionis

623 3324 883 3378 solitaria:
924 3333 1169 3379 servator
1197 3343 1210 3378 :
1239 3324 1378 3378 alius
1412 3322 1726 3377 consolatur
1767 3329 1820 3375 et
1851 3319 2173 3375 exhortatur

625 3411 872 3479 amictos,
905 3413 1042 3467 alius
1074 3412 1313 3467 custodit
1343 3413 1603 3482 linguam,
1628 3419 1682 3464 et
1707 3410 1844 3465 silet.
1873 3409 1979 3464 Iste
2010 3405 2173 3463 semel
2214 3400 2218 3408 ’

627 3500 681 3552 in
744 3501 1077 3553 hebdomade
1121 3501 1388 3567 pascitur;
1447 3500 1549 3552 iste
1595 3497 1829 3551 comedit
1869 3497 2016 3550 omni
2063 3497 2170 3550 die.

625 3586 805 3649 Quare
835 3585 949 3638 haec
977 3585 1156 3637 omnia
1194 3583 1262 3638 ab
1301 3599 1410 3638 uno
1443 3597 1602 3652 posse
1634 3583 1812 3650 perlici
1844 3583 2176 3651 impossibile

623 3683 728 3730 est.
758 3674 931 3728 Donec
980 3674 1278 3728 violentiam
1317 3684 1549 3728 nostram
1578 3690 1735 3743 quant
1773 3673 1908 3727 velut
1954 3691 1987 3727 a
2029 3675 2174 3728 nobis

625 3765 840 3832 perpeti.
885 3762 1002 3818 Vim
1051 3763 1339 3819 inferentes
1384 3773 1513 3828 sunt
1545 3765 1598 3817 hi
1640 3765 1732 3833 qui
1764 3763 1944 3817 divina
1983 3765 2178 3818 chari-

627 3862 737 3908 tate
773 3861 900 3908 sunt
944 3853 1161 3924 plagati,
1209 3862 1264 3908 et
1289 3854 1395 3906 vim
1429 3851 1538 3906 Deo
1582 3853 1818 3906 inferunt
1844 3867 1941 3921 per
1975 3854 2177 3907 oratio.

626 3959 748 3998 nem
777 3951 831 3999 et
863 3957 1026 4012 opera
1074 3944 1339 4012 virtuosa,
1389 3955 1442 3997 et
1471 3944 1760 3998 trahuntur
1785 3943 1966 3996 divino
1992 3959 2176 3998 amore

626 4035 692 4090 ad
720 4034 1041 4104 portandum
1066 4033 1255 4103 iugum
1299 4033 1503 4088 Christi
1552 4048 1674 4088 cum
1711 4034 1874 4089 corde
1914 4035 2096 4088 humili
2121 4045 2177 4089 et

499 4162 506 4166 -
577 4191 580 4194 t
626 4125 810 4178 animo
859 4124 1069 4188 devoto,
1125 4125 1218 4193 qui
1271 4125 1480 4193 seipsos
1523 4124 1836 4190 violentant,
1879 4127 2176 4180 secundum

629 4209 806 4264 illud:
837 4206 1097 4263 Turbatus
1145 4227 1260 4264 sum
1301 4220 1351 4264 et
1396 4226 1497 4263 non
1542 4225 1659 4263 sum
1704 4210 1991 4264 locutus".
2043 4211 2176 4265 Cum

630 4295 960 4360 corruissem,
1006 4297 1197 4350 iterum
1242 4297 1498 4351 reduxisti
1549 4313 1629 4350 me
1651 4312 1670 4350 :
1693 4297 1746 4350 id
1785 4309 1888 4363 est,
1937 4307 2059 4367 post
2099 4299 2178 4352 la-

631 4399 811 4454 psum.
851 4384 962 4439 Nec
991 4401 1117 4439 vero
1155 4389 1424 4457 intelligas
1464 4387 1675 4457 lapsum
1708 4402 1738 4440 a
1773 4384 1882 4441 Deo
1917 4404 2178 4458 separan-

2273 3225 2705 3294 passihilitatem,
2757 3223 2930 3278 tribus
2981 3225 3315 3294 appr0priat,
3376 3223 3586 3290 scilicet
3635 3221 3837 3293 Moysi,

2273 3317 2593 3386 Synagogte,
2621 3325 2672 3370 et
2702 3314 2886 3370 Maria:
2913 3331 2929 3369 :
2955 3314 3214 3385 quoniam
3239 3314 3382 3370 sicut
3406 3329 3560 3369 mare
3583 3312 3836 3367 Rubrum

2273 3414 2613 3460 transeuntes
2650 3402 2841 3468 Judaei,
2881 3413 2934 3458 et
2982 3420 3141 3473 super
3172 3405 3397 3458 victoria
3445 3404 3836 3473 triumphalem

2273 3495 2485 3548 laudem
2532 3495 2627 3548 Dei
2668 3503 2947 3558 canentes,
2992 3494 3234 3562 ejusdem
3279 3495 3456 3548 laudis
3493 3502 3548 3547 et
3593 3494 3839 3548 victoriae

2275 3586 2577 3640 habuerunt
2597 3584 2813 3654 Moysen
2842 3585 3138 3654 genitorem
3163 3594 3218 3638 et
3246 3594 3506 3649 actorem,
3528 3593 3585 3637 et
3606 3583 3836 3638 Mariam

2274 3673 2647 3744 perfectricem
2673 3664 3002 3744 (quideme:
3045 3675 3320 3729 communi
3351 3690 3514 3728 unam
3561 3677 3838 3729 exsisten-

2277 3766 2525 3832 tem):ita
2556 3777 2608 3820 et
2638 3781 2785 3820 nunc
2809 3765 2956 3833 dicit,
2991 3766 3044 3819 in
3077 3781 3304 3835 persona
3332 3765 3500 3846 μογεί
3525 3767 3723 3822 debere
3740 3781 3838 3822 ac-

2275 3858 2453 3928 cipere
2483 3858 2881 3923 obedientiam;
2925 3857 2980 3910 in
3035 3851 3332 3926 synagoga,
3368 3857 3750 3918 humilitatem,
3780 3866 3840 3911 et

2275 3949 2329 4001 in
2356 3947 2543 4013 Maria,
2573 3947 3075 4018 impassihilitatem.
3119 3942 3355 4019 Moyses,
3395 3963 3535 4018 aqua
3567 3949 3837 4018 interpre-

2276 4048 2440 4105 tatur,
2485 4039 2569 4094 vel
2599 4048 2909 4109 assumptus
2939 4037 3008 4094 de
3047 4029 3205 4108 aquis
3232 4053 3248 4092 :
3277 4035 3480 4102 Ilaria,
3507 4038 3839 4107 interpreta-

2227 4186 2234 4194 ,
2275 4139 2365 4184 tur
2409 4129 2522 4194 lux,
2553 4144 2672 4197 qua:
2700 4131 2766 4183 de
2806 4129 3087 4201 Synagoga
3130 4127 3395 4198 originem
3437 4136 3701 4182 traxerat.
3733 4125 3839 4196 lgi-

2276 4228 2384 4283 tur,
2433 4220 2487 4272 in
2520 4229 2800 4288 assumpto
2834 4221 2902 4273 de
2939 4221 3096 4288 aquis
3119 4219 3396 4287 generatio
3433 4225 3488 4272 et
3525 4216 3838 4271 fecundatio

2276 4310 2608 4390 reliquorum
2662 4324 2756 4379 per
2802 4309 3165 4366 obedientiam
3217 4327 3233 4364 :
3272 4308 3578 4364 obedientia
3623 4305 3836 4373 autem,

2278 4397 2597 4450 humilitatis
2635 4399 3038 4466 possessionem
3073 4399 3273 4462 donat;
3310 4397 3589 4450 humilitas
3625 4395 3837 4462 autem,

633 4483 766 4539 tem,
793 4473 886 4528 sed
907 4475 1113 4543 lapsum
1133 4478 1222 4544 qui
1245 4478 1628 4547 (servientibus
1649 4485 1703 4531 et
1726 4477 2173 4548 ministrantibus)

2280 4486 2730 4557 impassibilitatis
2752 4489 2930 4544 lucem
2959 4497 3178 4558 prastat
3202 4505 3218 4543 :
3246 4486 3656 4556 impassibilitas
3680 4501 3837 4554 vero,

631 4579 694 4618 ex
723 4563 1068 4643 negligentia,
1099 4574 1152 4618 et
1189 4582 1252 4620 ex
1291 4567 1594 4622 obedientia
1627 4569 1936 4637 imperfecta
1965 4571 2180 4624 contin-

630 4655 726 4724 git.
781 4654 884 4719 Qui
933 4670 1050 4707 vero
1101 4655 1249 4708 illum
1303 4658 1357 4710 in
1407 4659 1579 4713 cordis
1623 4661 1707 4712 sui
1745 4661 1958 4713 latebris
2009 4661 2182 4714 occul-

631 4751 731 4807 tat,
770 4753 874 4796 etc.
906 4739 1196 4795 Sciendum
1229 4751 1310 4796 est
1357 4745 1481 4812 quia
1531 4761 1635 4802 non
1683 4747 1929 4802 confessa
1959 4758 2179 4817 peccata

635 4833 756 4887 sine
801 4831 1093 4887 formidine
1145 4839 1200 4884 et
1254 4831 1445 4888 timore
1491 4845 1740 4904 aguntur.
1775 4836 2002 4893 Auferre
2050 4853 2180 4908 ergo

631 4921 996 4976 confessionis
1038 4918 1453 4985 conscientiam,
1483 4933 1566 4977 est
1596 4927 1806 4994 aperire
1834 4927 2069 4996 peccatis
2092 4927 2158 4996 ia.

634 5026 818 5075 nuam,
858 5020 912 5065 et
954 5007 1203 5063 bmresim
1253 5009 1537 5067 seminare.
1572 5011 1770 5068 Cumis
1802 5015 1891 5084 qui
1913 5017 2173 5084 subjectus

629 5110 730 5164 εδι,
771 5101 902 5155 duos
939 5100 1157 5155 evaserit
1210 5099 1418 5169 laqueos
1448 5099 1603 5156 :Duo
1644 5105 1764 5169 ista,
1811 5107 1940 5163 dicit
1988 5107 2175 5162 inohe-

631 5190 893 5245 dientiam
926 5202 980 5245 et
1010 5189 1318 5245 elationem.
1366 5183 1566 5246 Praeter
1592 5210 1784 5249 morem
1813 5197 2028 5262 solitum
2061 5208 2175 5253 tur-

631 5280 868 5335 bulentos
893 5293 913 5334 :
940 5278 992 5334 id
1020 5289 1104 5336 est
1127 5281 1219 5351 qui
1249 5278 1404 5336 facile
1427 5288 1737 5350 moveantur
1760 5286 1825 5341 ad
1855 5287 2094 5345 furorem
2122 5299 2178 5346 et

634 5374 798 5440 iram,
830 5372 1001 5427 instar
1036 5372 1326 5429 molendlni
1353 5374 1497 5443 quod
1542 5373 1595 5428 vi
1637 5383 1764 5432 rota:
1792 5388 1845 5435 et
1869 5395 2023 5451 aqua:
2060 5397 2178 5438 mo-

699 5574 745 5606 "
769 5571 925 5629 Joan.
958 5587 1031 5638 vi,
1062 5563 1149 5627 6!.
1218 5569 1267 5602 “
1289 5565 1636 5644 Psal.i.ssrt,
1661 5571 1715 5627 5.

700 5746 812 5820 (lli)
837 5748 921 5803 At.
944 5745 1158 5804 concuti
1184 5752 1240 5801 et
1273 5743 1500 5799 turbari.

2280 4592 2443 4648 super
2486 4579 2788 4644 victoriam,
2836 4579 3049 4634 laudem
3091 4576 3348 4646 perfecit,
3396 4576 3691 4640 canticum,
3733 4591 3839 4645 pro

2279 4663 2594 4718 liberatione
2622 4665 2689 4719 ab
2728 4662 3047 4735 intelligihili
3072 4657 3304 4732 Egypto
3335 4661 3563 4729 peccati,
3598 4660 3651 4716 in
3700 4661 3838 4715 licti-

2279 4754 2353 4806 tia
2375 4763 2617 4809 cantans.
2654 4743 2774 4808 Vidi
2812 4763 2869 4806 ut
2902 4753 2978 4805 ait
3001 4749 3104 4804 Job
3127 4767 3146 4804 :
3174 4742 3449 4804 Hahiiitati
3475 4756 3532 4803 et
3558 4748 3838 4818 iilegitime

2281 4844 2533 4909 naturali,
2555 4851 2610 4897 et
2633 4821 3362 4911 extritiseca:_compositioni
3385 4853 3620 4902 morum,
3649 4851 3705 4894 et
3735 4855 3836 4909 ap-

2278 4931 2531 4999 parentia:
2579 4931 2715 4985 fictas
2751 4929 3070 4993 honestatis,
3114 4927 3315 4996 quibus
3362 4928 3604 5003 occurrit
3650 4927 3835 4991 turba,

2280 5019 2500 5075 malitias
2542 5020 2776 5075 varietas
2815 5018 2977 5073 habet
3013 5027 3261 5081 naturam
3301 5013 3567 5086 colligari.
3613 5011 3835 5085 Turbae,

2279 5111 2422 5180 quod
2457 5115 2678 5183 apparet
2702 5109 2901 5166 humile
2935 5106 3433 5183 etﬁmorigeratum,
3475 5115 3532 5161 et
3558 5112 3839 5180 composi-

2281 5213 2395 5260 tum
2417 5205 2714 5262 secundum
2743 5203 2958 5268 faciem,
2987 5201 3272 5269 noioat
3293 5209 3349 5257 et
3375 5202 3647 5258 extollunt
3670 5221 3686 5258 :
3709 5219 3842 5274 pro.

2287 5306 2407 5366 pter
2428 5311 2549 5367 qua:
2583 5295 2811 5367 superbi
2837 5282 3148 5366 hypocrita,
3177 5300 3232 5348 et
3257 5290 3492 5349 animosi
3519 5294 3680 5364 (dicit
3709 5310 3843 5350 san-

2279 5387 2421 5461 ctus)
2451 5405 2515 5445 es
2542 5389 2793 5447 laudibus
2827 5393 2883 5444 et
2912 5383 3145 5442 elatione
3173 5395 3639 5457 compunguntur,
3663 5395 3724 5444 et
3749 5403 3844 5461 pa-
