4032 6340
242 481 382 551 1225

1367 499 1681 559 SCIIOLIA
1718 500 1799 561 IN
1841 503 2251 566 CLIMACUM.

3342 521 3472 582 122.6

238 576 391 630 riunt
434 578 722 650 lacrumas.
761 579 893 648 Quae
943 584 1315 650 considerans,
1357 604 1521 658 quam
1568 591 1803 646 maxime
1830 604 1874 657 Α
1907 604 2013 648 tate
2047 597 2140 650 sed
2182 597 2393 663 vitiose,
2433 614 2556 668 qua:
2584 617 2679 654 sua
2716 615 2843 658 sunt
2888 607 3028 661 male
3056 622 3324 677 ιμιωνιιιιι,
3362 612 3468 668 non

236 668 514 737 sapienter
539 682 594 726 et
621 675 786 740 clare,
813 674 970 730 Pater
1002 676 1123 742 iste,
1155 679 1356 733 variam
1388 696 1511 735 esse
1541 681 1799 736 malitiam

232 753 637 814 determinavit.
670 760 814 816 Sane
855 764 1042 819 tardus
1072 765 1197 836 quis
1239 776 1294 821 et
1337 768 1614 838 negligens
1654 763 1799 825 exsi-

233 855 547 913 stens,.aut
588 852 642 907 in
686 853 870 924 aliquo
903 857 1267 926 corporalium
1320 855 1639 913 naturaliter
1680 859 1798 913 ido-

232 949 374 990 neus
400 951 684 1008 apparens,
721 943 1051 1014 complacuit
1098 946 1305 1005 multis,
1352 953 1406 996 et
1445 946 1511 997 de
1538 945 1799 1011 gravitate

231 1039 453 1082 morum
483 1041 539 1084 et
575 1032 859 1089 honestate
902 1036 1153 1090 laudatus
1180 1042 1264 1087 est
1293 1051 1304 1085 :
1341 1036 1794 1103 quemadmodum

230 1117 292 1172 in
343 1120 529 1190 aliquo
576 1125 959 1196 corporalium,
983 1122 1120 1179 facie
1162 1133 1350 1189 tenus,
1399 1126 1523 1196 quis
1570 1127 1797 1183 idoneus

229 1213 556 1269 naturaliter
613 1228 919 1284 apparens,
971 1215 1301 1285 complacuit
1353 1219 1556 1273 multis.
1612 1219 1797 1290 Itaque

228 1302 554 1377 plerumque
586 1306 852 1362 naturalis
881 1305 1201 1363 sullicientia
1226 1318 1317 1362 aut
1348 1309 1653 1376 diminutio,
1686 1316 1797 1367 vir-

225 1404 320 1451 tus
353 1398 546 1452 anima:
572 1405 816 1468 reputata
834 1410 918 1454 est
948 1418 963 1454 :
993 1401 1256 1456 remissus
1282 1409 1336 1455 et
1364 1403 1619 1469 lnsolens,
1648 1406 1797 1460 mitis

222 1497 282 1541 et
319 1488 680 1557 inordinatus,
724 1499 778 1544 et
812 1505 876 1545 ea
906 1506 1027 1562 qua:
1065 1500 1196 1546 sunt
1235 1492 1461 1563 spiritus
1503 1495 1788 1561 deserens,

220 1578 517 1647 sollicitus,
560 1581 836 1636 acidiosus
897 1594 951 1636 et
996 1582 1166 1638 tristis
1239 1594 1442 1648 orator,
1508 1585 1793 1656 linguosus

219 1680 279 1724 et
303 1685 478 1726 vanus
504 1689 521 1726 :
554 1673 860 1728 animarum
889 1675 1128 1730 salvator
1153 1692 1168 1728 :
1202 1690 1234 1730 a
1263 1676 1547 1731 daemoniis
1577 1678 1789 1746 illusus,

218 1762 640 1832 contemplator,
686 1773 741 1819 et
790 1765 1099 1819 futurorum
1144 1768 1395 1836 provisor
1440 1778 1525 1823 est
1572 1768 1790 1827 habitus

217 1854 366 1924 apud
400 1854 568 1925 ipsos,
618 1856 711 1925 qui
742 1857 887 1926 quod
922 1866 1129 1912 rectum
1166 1869 1220 1913 et
1261 1859 1517 1914 vitiosum
1559 1869 1645 1916 est
1682 1863 1789 1918 dis-

216 1961 448 2000 cernere
495 1947 769 2003 nesciunt.
808 1946 1074 2004 Nimirum
1113 1951 1262 2020 (quia
1299 1952 1537 2006 exsultat
1578 1952 1630 2007 iu
1668 1954 1789 2009 lau-
1820 1942 1862 1997 Β

216 2022 408 2106 dibus)
451 2053 630 2096 cacus
673 2040 885 2112 ignorat
928 2042 1189 2113 seipsum,
1222 2052 1278 2098 et
1306 2055 1451 2099 errat
1479 2063 1494 2099 :
1521 2045 1660 2101 falso
1697 2047 1790 2118 ju-

215 2127 367 2182 dicia
397 2130 692 2188 multorum
737 2131 1047 2201 attendens,
1076 2135 1314 2190 animam
1361 2149 1430 2191 ex
1467 2137 1699 2193 elatione
1736 2148 1795 2195 et“

223 2220 474 2276 vanitate
501 2233 852 2295 eompunget,
882 2233 939 2280 et
965 2224 1157 2281 dolens
1186 2234 1513 2293 conteretur,
1539 2238 1593 2283 et
1617 2230 1790 2301 laery-

216 2327 347 2368 mas
363 2313 556 2383 pariet.
601 2311 782 2383 Quare
808 2312 970 2370 Pater
997 2317 1260 2371 malitiam
1291 2317 1372 2372 sic
1396 2317 1788 2375 multiformem

211 2413 275 2460 et
302 2407 508 2460 variam
547 2421 670 2463 esse
714 2407 967 2464 miratur.
1001 2406 1108 2473 Qui
1148 2407 1250 2462 sibi
1277 2409 1380 2477 ipsi
1411 2410 1638 2463 latenter
1671 2426 1789 2479 pcr-

210 2497 393 2551 snasit
427 2497 675 2555 latenter.
725 2497 787 2554 In
833 2500 998 2555 corde
1035 2498 1156 2572 (ait)
1208 2499 1410 2554 bonum
1448 2503 1785 2571 propositum

220 2588 445 2669 ﬁrmare
491 2589 671 2655 stude,
711 2599 769 2644 et
797 2606 903 2644 non
946 2579 1250 2661 pompatice
1280 2598 1338 2644 et
1365 2601 1687 2661 apparenter
1722 2608 1786 2648 os

218 2679 522 2746 dilatando,
556 2682 816 2752 loquaris.
860 2681 964 2750 Qui
999 2683 1144 2759 enim
1183 2697 1447 2752 pompose
1488 2698 1546 2737 se
1578 2683 1783 2749 laudat,

210 2769 357 2825 etin
387 2787 447 2827 se
473 2772 591 2842 ipso
625 2772 848 2828 conﬁdit
873 2782 929 2829 et
964 2774 1255 2842 gloriatur,
1296 2774 1569 2828 relaxatus
1605 2789 1638 2828 a
1676 2773 1785 2828 Do-

209 2846 369 2919 mino
394 2866 685 2938 castigatur
713 2867 869 2938 lapsu
893 2886 908 2922 :
940 2866 1034 2923 sed
1060 2881 1211 2923 mors
1237 2868 1433 2922 animae
1458 2866 1606 2921 mille
1631 2869 1783 2922 mer-

204 2956 363 3012 tibus
393 2957 546 3028 pejor
582 2958 817 3015 exsistit.
850 2956 908 3013 Si
954 2974 1085 3027 ergo
1126 2970 1276 3013 mors
1314 2958 1458 3028 ejus.
1495 2966 1779 3029 peceatum

207 3059 325 3116 est,
352 3060 553 3119 quanta
574 3050 759 3122 vigilia
778 3059 834 3106 et
861 3050 1172 3106 sollicitudo
1192 3051 1351 3106 nobis
1376 3052 1638 3109 adversus
1660 3067 1757 3122 pec

202 3147 397 3196 catum
428 3140 732 3195 necessaria
754 3148 841 3194 est
868 3156 884 3193 :
913 3140 1100 3208 igitur,
1121 3141 1215 3210 qui
1238 3140 1391 3194 novit
1422 3140 1557 3205 hac,
1598 3140 1781 3196 humi-

198 3232 341 3286 liter
376 3230 431 3284 in
470 3245 568 3301 spe
610 3238 667 3285 et
691 3230 907 3299 silentio
939 3231 1178 3302 seipsum
1212 3232 1516 3297 roborabit,
1554 3242 1775 3303 propter

202 3323 549 3392 patientiam,
580 3323 648 3378 ad
688 3323 1140 3393 perseverandum
1171 3322 1226 3376 in
1272 3322 1447 3379 stadio
1483 3339 1778 3396 conversa-

200 3413 379 3468 tionis
418 3413 773 3469 monasticae:
799 3423 854 3468 et
890 3413 1018 3469 licet
1045 3413 1279 3469 oﬂ'endat
1325 3424 1381 3469 et
1421 3424 1628 3484 peccet,
1679 3416 1782 3471 ite-

204 3484 337 3560 rum
383 3506 686 3575 paenitebit,
718 3515 775 3562 et
821 3522 854 3561 a
906 3502 1325 3585 necessitudinis
1367 3515 1571 3562 sanctae
1605 3507 1782 3562 stadio

199 3612 489 3667 nunquam
514 3597 750 3653 recedet.
798 3596 862 3653 Si
892 3613 1010 3653 vero
1032 3598 1272 3653 exierunt
1294 3597 1483 3669 aliqui.
1513 3597 1777 3665 Subaudi,

200 3704 243 3743 ι
302 3696 657 3769 monumento
734 3686 1094 3769 professionis
1140 3689 1399 3759 angelica:
1454 3687 1568 3760 (l7)
1620 3689 1778 3756 vitae,

196 3792 377 3849 opere
418 3786 475 3832 et
505 3761 725 3841 aﬂectu,
759 3761 1083 3832 obaiientia’
1115 3777 1338 3833 Patrum
1388 3777 1609 3846 rejecta.
1641 3776 1781 3830 Con-

194 3868 410 3932 sidera,
430 3870 559 3939 quia
587 3868 882 3933 immortali
916 3877 1096 3922 morte
1130 3868 1329 3921 mortui
1366 3876 1511 3934 sunt,
1538 3875 1594 3921 et
1633 3882 1781 3936 sepa-

200 3955 317 4011 rati
344 3969 376 4008 a
412 3954 524 4009 Deo
546 3953 788 4018 fuerunt,
814 3954 962 4025 quod
987 3955 1151 4021 ,omni
1198 3963 1374 4008 morte
1395 3954 1667 4023 corporali
1693 3965 1778 4009 est

198 4046 387 4119 pejus,
416 4046 468 4099 in
497 4045 785 4100 infinitum.
818 4042 949 4099 Cum
970 4044 1228 4123 senserint
1256 4043 1558 4112 fragiliores
1587 4044 1777 4112 quippe

199 4155 272 4195 ac
299 4138 582 4209 segniores,
626 4137 831 4207 grauia,
863 4144 968 4191 etc.
1000 4133 1231 4201 Quando
1276 4130 1443 4204 igitur
1471 4135 1539 4189 ad
1581 4149 1775 4204 opera-

200 4236 411 4291 tionem
454 4247 715 4288 manunm
743 4231 978 4296 accedis,
1025 4229 1187 4285 talem
1220 4230 1274 4284 in
1326 4230 1499 4301 teipse
1539 4228 1776 4285 reforma

198 4310 526 4399 cogitatum,
565 4326 660 4395 qni
692 4323 913 4380 Christo
956 4323 1235 4378 ministras
1278 4323 1370 4393 qui
1410 4333 1683 4393 praecepto
1721 4335 1775 4377 et

199 4419 458 4489 exemplo
483 4398 552 4475 ad
572 4434 753 4490 opera
780 4421 978 4488 (usque
1010 4418 1077 4471 ad
1105 4416 1360 4486 mortem)
1405 4425 1456 4469 te
1490 4413 1772 4469 informat.

195 4510 472 4583 Operam,
518 4511 678 4566 lauda
710 4511 882 4567 Deum
930 4517 1083 4563 tuum
1130 4507 1334 4579 lingua,
1391 4517 1574 4562 mente
1622 4523 1775 4562 reco-

196 4609 341 4679 gita,
366 4605 662 4660 intentione
695 4604 964 4676 gloriﬁca.
994 4604 1131 4658 Nam
1169 4604 1263 4673 qui
1321 4603 1375 4656 in
1401 4602 1683 4656 laboribus
1716 4611 1771 4656 et

200 4789 382 4845 multo
408 4785 579 4857 magis
600 4784 772 4855 piger,
802 4783 1037 4839 inﬁdelis
1061 4795 1116 4839 et
1136 4782 1420 4839 remissus.
1446 4776 1588 4857 S'ane
1639 4794 1767 4833 ora-

198 4882 286 4937 tio
310 4888 650 4949 nequaquam
676 4873 730 4929 in
764 4863 1016 4942 corporis
1038 4875 1223 4944 quiete
1259 4871 1541 4940 dirigetur,
1574 4869 1669 4923 sed
1706 4869 1761 4922 in

198 4972 396 5028 labore
426 4977 484 5023 et
509 4974 655 5022 actu.
693 4964 864 5018 Amor
890 4964 1108 5032 quietis.
1140 4961 1417 5019 Orationis
1462 4967 1547 5015 est
1585 4967 1767 5013 exter-

202 5060 458 5128 minium,
482 5070 537 5114 et
562 5038 976 5113 diminutionem
1003 5053 1265 5108 virtutum
1303 5050 1581 5123 praedicat,
1611 5065 1767 5104 man-

196 5153 335 5207 data
369 5150 657 5221 negligere.
704 5143 864 5207 Hinc,
890 5140 1051 5196 Pater
1100 5144 1337 5198 ostendit
1377 5143 1518 5213 quod
1549 5142 1643 5212 qui
1673 5142 1772 5195 ob-

199 5238 455 5308 sequium
512 5230 927 5291 ministrationis
984 5230 1063 5302 (id
1105 5238 1230 5294 est,
1270 5231 1604 5301 operationis
1654 5246 1771 5285 ma-

205 5333 403 5401 nuum)
436 5331 729 5401 inemptum
763 5323 896 5379 illud
936 5331 995 5377 ut
1022 5320 1242 5375 fratrem
1283 5322 1504 5391 adjuvet
1527 5332 1583 5377 et
1612 5323 1769 5393 quie-

200 5428 306 5485 set,
335 5434 369 5473 a
394 5417 561 5475 fratre
601 5424 847 5489 rogatus,
876 5411 1227 5480 derelinquit.
1278 5410 1454 5479 Opera
1505 5427 1769 5466 manuum

206 5510 329 5566 vult
350 5520 409 5565 et
449 5510 695 5583 intelligit
729 5522 852 5565 esse
881 5502 1121 5562 ctelestia
1148 5508 1204 5555 et
1248 5514 1359 5554 non
1387 5511 1603 5555 terrena
1637 5519 1652 5555 :
1684 5501 1767 5555 ἰιι-

203 5603 378 5666 cireo,
428 5614 537 5655 non
574 5600 815 5669 propria,
860 5596 956 5653 sed
1005 5590 1315 5649 communia
1364 5591 1431 5643 ad
1478 5591 1765 5645 utilitatem

205 5693 567 5764 intuentium
599 5692 715 5746 vult
745 5673 889 5746 esse.
915 5684 1130 5756 Reliqui
1171 5695 1320 5745 vero,
1353 5696 1460 5734 non
1491 5695 1558 5737 ex
1584 5682 1768 5737 cbari-

272 5852 326 5925 (t
336 5848 387 5923 7)
422 5848 510 5906 Αι.
541 5846 856 5916 apostolica.

530 5939 798 6006 Panos.
848 5943 965 6005 Gn.
1034 5932 1440 6002 LXXXVIII.

1903 702 2026 757 qua:
2054 687 2182 742 Jesu
2225 688 2449 745 Christi.
2502 692 2751 764 Sibiipsis
2800 700 3103 766 attendant,
3147 706 3274 772 quia
3323 708 3469 760 aliud

1901 783 2158 851 estquod
2188 799 2399 853 sumus,
2436 789 2582 843 aliud
2619 808 2739 860 qua:
2776 805 2905 848 sunt
2944 807 3149 861 nostra,
3174 801 3321 854 aliud
3349 819 3471 870 qum

1899 873 2045 927 circa
2082 890 2200 940 nos,
2241 877 2386 933 aliud
2417 895 2539 949 qua:
2575 893 2726 937 extra
2769 901 2890 950 nos,
2933 900 2984 943 et
3013 891 3159 945 aliud
3186 909 3308 961 qua:
3340 910 3470 949 eon-

1902 974 1984 1019 tra
2020 982 2138 1021 nos.
2190 967 2435 1041 Plerique
2472 989 2538 1027 ea:
2580 977 2930 1032 obedientium
2953 998 3125 1052 grege,
3174 996 3280 1038 etc.
3323 987 3469 1040 Nun-

1900 1074 2063 1125 quam
2094 1062 2361 1130 suscipias
2388 1081 2510 1118 cum
2541 1069 2632 1134 qni
2661 1070 2753 1123 tibi
2780 1072 3031 1129 subditus
3062 1086 3165 1140 est,
3199 1078 3464 1132 dicentem

1898 1151 1994 1204 tibi
2032 1169 2045 1203 :
2084 1154 2161 1207 lla
2195 1156 2324 1208 mihi
2355 1157 2627 1215 licentiam
2655 1173 3043 1231 etpotestatcnt
3060 1169 3128 1220 ad
3159 1170 3317 1225 talem
3341 1189 3466 1240 opt--

1890 1245 2160 1301 rationem
2189 1250 2270 1302 vel
2309 1251 2563 1307 virtutem
2590 1259 3013 1326 exsequendam,
3045 1273 3098 1315 et
3129 1280 3140 1314 :
3177 1262 3254 1317 lta
3288 1280 3373 1319 me
3399 1268 3464 1319 ad
3546 1256 3553 1263 ’

1896 1336 1947 1389 id
1976 1340 2121 1407 quod
2166 1342 2445 1409 spiritttale
2485 1355 2569 1400 est
2610 1350 2861 1416 permitte
2895 1352 3149 1422 dirigere.
3203 1355 3336 1410 Nam
3372 1360 3462 1425 qui

1897 1428 1966 1483 ita
2010 1430 2158 1496 dicit,
2208 1436 2550 1491 manifestum
2594 1450 2679 1495 est
2735 1445 2862 1512 quia
2901 1446 3160 1501 seductus
3192 1450 3462 1517 propriam

1893 1521 2119 1590 perfecit
2161 1527 2515 1593 voluntatem,
2555 1542 2611 1587 et
2647 1535 2864 1602 optimae
2907 1538 3231 1595 obcdicntiac
3260 1541 3460 1597 iunlera

1894 1614 2121 1681 spernit,
2148 1626 2202 1669 et
2228 1617 2487 1687 deceptus
2526 1634 2581 1675 et
2612 1623 2823 1689 illusus,
2862 1630 3112 1683 meritum
3143 1633 3464 1688 obedientim

1893 1718 2075 1757 coram
2109 1705 2221 1761 Deo
2261 1711 2475 1778 perdit:
2507 1712 2642 1768 Sunt
2674 1719 2765 1784 qui
2804 1731 3040 1787 suscepto
3081 1724 3322 1791 imperio,
3353 1738 3458 1781 etc.

1892 1792 2095 1848 llorutn
2128 1802 2525 1871 unusquisque,
2568 1806 2622 1859 in
2661 1811 2881 1877 proprio
2915 1819 3178 1882 tempore,
3219 1816 3463 1872 laudabi-

1892 1886 1964 1941 lis
2011 1899 2111 1943 est.
2170 1890 2303 1946 Nam
2354 1896 2661 1962 secundus,
2687 1901 2844 1968 juxta
2900 1904 3115 1960 inititnn
3167 1910 3464 1979 disciplina!

1878 1978 2305 2059 gintroduetorite
2350 1985 2418 2039 ad
2457 1989 2706 2054 virtutes,
2758 1995 2957 2051 melius
3008 1998 3157 2062 facit,
3203 2004 3462 2058 obediens

1895 2070 2267 2132 inconstanter
2297 2096 2309 2131 :
2339 2079 2518 2134 adhuc
2549 2083 2691 2136 enim
2718 2100 2781 2138 ex
2818 2089 3012 2143 ordine
3056 2092 3459 2160 probandorum

1893 2174 1996 2219 est.
2036 2164 2255 2225 Primus
2296 2185 2447 2238 vero,
2484 2174 2609 2243 quia
2650 2175 2762 2243 jam
2798 2179 3118 2247 perfectioni
3164 2190 3461 2257 appropin-

1893 2266 2047 2326 quat,
2106 2270 2162 2314 et
2209 2269 2450 2333 tempore
2500 2266 2662 2337 longo
2714 2269 3040 2328 obedientite
3091 2279 3457 2334 ostensionem

1891 2350 2162 2417 exhibuit,
2193 2354 2523 2412 voluntatem
2555 2362 2731 2416 Patris
2758 2365 3019 2426 sentiens,
3057 2368 3326 2425 benefacit
3351 2389 3458 2427 non

1894 2433 2097 2493 faciens
2122 2455 2244 2509 qua:
2281 2442 2433 2498 illum
2470 2447 2614 2503 nolle
2656 2452 2827 2506 novit.
2864 2452 2979 2508 Non
3015 2458 3160 2511 enim
3207 2461 3457 2524 ulterius.

1891 2530 2048 2597 quasi
2116 2547 2340 2599 servus,
2390 2539 2710 2596 rationalem
2763 2546 3079 2603 servitutem
3126 2551 3459 2610 oblationem

1890 2619 2101 2687 offeret,
2131 2625 2225 2679 sed
2255 2627 2400 2683 filius
2425 2638 2480 2683 et
2525 2633 2757 2689 amicus.
2801 2638 3132 2695 voluntatem
3162 2646 3333 2712 patris
3375 2648 3459 2701 in-

1889 2709 2186 2779 vestigans,
2215 2713 2654 2784 beneplacentem
2676 2723 3004 2781 voluntatem
3034 2709 3294 2797 perﬁciet.
3325 2732 3454 2787 Pos-

1887 2799 2041 2854 sibile
2076 2819 2182 2857 non
2212 2815 2289 2859 est
2326 2818 2384 2859 ut
2414 2810 2682 2875 diabolus,
2713 2825 2817 2869 etc.
2853 2815 3133 2889 Indignum
3173 2833 3227 2876 et
3266 2824 3448 2878 incon-

1886 2889 2111 2943 veniens
2148 2900 2253 2956 est,
2296 2895 2389 2961 ait,
2422 2899 2567 2964 quod
2601 2900 2871 2966 diabolus,
2900 2921 3013 2959 sua:
3052 2908 3223 2976 ipsius
3260 2911 3454 2966 volun-

1887 2979 1982 3032 tati
2013 2982 2251 3040 resistat.
2286 2985 2379 3040 Ille
2407 2987 2554 3042 enim
2602 3006 2820 3046 omnem
2860 2993 3135 3052 hominem
3174 3003 3449 3070 negligen-

1887 3080 1967 3125 ter
1997 3082 2053 3127 et
2082 3074 2273 3133 vitiose
2302 3079 2483 3136 vivere
2510 3082 2648 3146 vult,
2688 3095 2745 3138 et
2766 3101 2919 3141 suam
2949 3090 3303 3159 voluntatem,
3335 3110 3453 3148 ma-

1883 3166 1967 3233 gis
1997 3182 2160 3236 quam
2199 3169 2320 3234 Dei,
2359 3173 2621 3242 perficere
2655 3196 2668 3229 :
2700 3176 2758 3232 Si
2803 3188 2858 3233 et
2899 3196 3042 3250 ergo.
3073 3184 3286 3253 aliquos
3316 3188 3451 3243 tales

1891 3256 2174 3325 invenerit,
2207 3274 2316 3315 non
2365 3263 2582 3319 resistet
2611 3267 2713 3331 eis,
2744 3268 2897 3336 quia,
2942 3271 2986 3324 si
3026 3271 3107 3327 eis
3154 3275 3448 3342 resisteret,

1886 3363 2000 3404 suae
2045 3350 2218 3419 ipsius
2235 3351 2501 3409 voluntati
2543 3360 2769 3413 omnino
2812 3362 3110 3417 resisteret.
3151 3364 3303 3429 Quod
3346 3385 3449 3421 uou

1873 3441 2158 3510 judieaudi
2180 3461 2362 3509 causa,
2389 3457 2494 3502 etc.
2523 3446 2641 3503 Non
2660 3465 2723 3504 ex
2749 3452 3082 3520 suspicione,
3111 3457 3209 3521 ait,
3237 3458 3446 3526 judico,

1882 3534 1988 3590 hoc
2040 3536 2265 3602 dicens,
2323 3539 2417 3593 sed
2462 3539 2730 3613 efficacem
2783 3555 2990 3599 motum
3043 3549 3274 3603 ostendo
3329 3553 3447 3605 vitii

1881 3629 2230 3697 praeceptoris
2265 3632 2506 3699 nomine,
2538 3633 2631 3686 sed
2655 3649 2763 3688 non
2794 3652 2870 3699 re,
2900 3648 2956 3692 et
2993 3640 3302 3707 passionem
3331 3659 3449 3697 ma-

1882 3719 2077 3774 nifeste
2101 3724 2334 3777 ostendo
2369 3723 2588 3791 juvenis
2615 3729 3123 3796 superascendentis
3167 3735 3469 3788 seniorum“

1878 3819 1934 3863 et
1954 3812 2221 3878 majorum
2243 3814 2488 3871 virtutes.
2522 3815 2590 3868 At
2619 3833 2740 3870 cum
2784 3818 2958 3884 illum,
2996 3837 3029 3872 a
3064 3837 3185 3890 rege
3212 3823 3447 3891 sigillum

1877 3904 2158 3971 accepisse,
2207 3916 2315 3959 etc.
2373 3905 2723 3976 Signaculum
2779 3909 2925 3986 ﬁdei,
2976 3921 3062 3965 est
3101 3912 3441 3996 baptismus.

1879 3991 2045 4061 Signa
2086 3995 2292 4049 militiae
2346 3998 2671 4067 spiritualis,
2715 4010 2847 4055 sunt
2891 3996 3221 4072 paenitentia
3264 4015 3319 4059 et
3360 3991 3443 4062 Ia;

1876 4099 2074 4155 cryma:
2091 4102 2215 4157 quae
2242 4091 2387 4146 hunc
2411 4105 2736 4164 repurgant;
2760 4104 2974 4151 scutum
3000 4114 3130 4167 vero
3153 4110 3236 4155 est
3255 4103 3444 4157 mundi

1876 4175 2026 4248 fuga,
2066 4182 2253 4235 odium
2301 4185 2481 4241 omnis
2535 4184 2909 4248 delectationis
2957 4192 3082 4247 vitae
3125 4194 3441 4262 praesentis;

1875 4268 2089 4336 gladius
2120 4279 2206 4325 est
2234 4272 2369 4328 fides
2396 4274 2462 4328 ad
2491 4285 2792 4344 pastorem;
2823 4280 2974 4333 ensis
3007 4282 3291 4353 abnegatio
3317 4298 3444 4352 pro-

1876 4360 2009 4429 priae
2046 4362 2376 4430 voluntatis;
2429 4371 2816 4424 arcus‘oratio
2837 4386 2932 4439 per
2963 4387 3128 4440 quam
3167 4358 3441 4427 daemones

1876 4454 2237 4524 sagittantur;
2289 4458 2523 4512 militare
2569 4461 2981 4525 vestimentum,
3028 4463 3341 4527 humilitas,
3387 4474 3443 4518 et.

1874 4546 2135 4599 virtutum
2164 4562 2286 4614 quae
2310 4564 2385 4601 ex
2412 4562 2476 4601 ea
2511 4560 2660 4611 sunt,
2687 4550 2940 4604 amictus.

200 4630 341 4679 ⁸111.
366 4630 662 4660 ιιιωιιιιυυυ
695 4630 964 4676 δΙυΙΊΙΙῧδο
995 4630 1131 4658 L‘Illl
1169 4630 1263 4673 «μη
1321 4630 1375 4656 ΙΙΙ
1401 4630 1544 4656 ιῧυυι
1558 4630 1683 4655 qua
1716 4630 1771 4656 Cl

200 4696 462 4769 operibus
510 4706 597 4751 est
641 4694 876 4751 intldelis
927 4704 985 4751 et
1030 4696 1217 4766 piger,
1266 4694 1321 4747 in
1369 4692 1616 4745 oratione
1661 4692 1768 4744 erit

1941 4660 2153 4715 Gradus
2186 4659 2239 4713 5.
2269 4688 2339 4704 -—
2366 4657 2666 4732 Securaque
2699 4660 2961 4734 cujusque
2979 4668 3065 4721 sui
3091 4685 3240 4721 cura.
3299 4668 3439 4734 Quia

1870 4752 1939 4805 de
1977 4751 2126 4804 nullo
2175 4763 2392 4806 terreno
2437 4766 2616 4820 curat,
2664 4758 2759 4811 sed
2808 4773 2908 4826 pro
2953 4774 3013 4814 se
3059 4761 3161 4815 sibi
3206 4760 3437 4839 sollicita

1871 4842 2145 4910 quomodo
2186 4844 2291 4897 sibi
2330 4842 2497 4898 Deum
2540 4847 2875 4913 reconciliet,
2910 4860 2965 4904 et
2996 4844 3224 4905 salutem
3257 4852 3437 4920 perdi-

1872 4946 1981 4989 tam
2010 4950 2106 5004 per
2129 4947 2411 5005 peccatum
2461 4936 2721 4999 inveniat.
2760 4942 3075 5009 paenitendo
3113 4950 3167 4994 et
3202 4941 3437 5012 lugendo

1872 5026 2095 5081 festinat
2132 5037 2189 5082 et
2219 5044 2317 5097 pro
2353 5044 2413 5083 se
2453 5029 2766 5099 dijudicata,
2799 5031 2878 5097 fit,
2923 5032 3052 5100 quia
3098 5031 3281 5086 omnia
3314 5050 3436 5103 qua:

1868 5128 1996 5175 sunt
2047 5121 2256 5182 mundi,
2302 5128 2356 5174 et
2395 5121 2633 5189 seipsum
2682 5119 2958 5189 puniendo
2999 5123 3300 5179 contemnit
3343 5128 3436 5195 qtti

1866 5224 1950 5268 est
1977 5213 2266 5282 paenitens,
2309 5221 2365 5265 et
2394 5211 2679 5280 vigilanter
2706 5211 2775 5266 ab
2813 5211 2958 5265 omni
2984 5211 3193 5282 judicio
3215 5216 3435 5285 elonga.

1868 5300 1983 5370 tus,
2020 5320 2087 5360 ex
2122 5321 2247 5359 vera
2286 5305 2595 5375 cognitione
2619 5306 2703 5360 sui
2737 5307 2927 5375 ipsius,
2958 5318 3200 5363 extremo
3224 5310 3433 5380 judicio

1867 5416 1926 5456 se
1950 5399 2171 5467 dignum
2206 5397 2398 5451 cernit.
2426 5395 2527 5450 Per
2561 5412 2620 5451 se
2656 5398 2819 5467 igitur
2847 5400 3105 5471 cogitatio
3134 5400 3430 5469 dijudicala

1868 5498 1971 5551 est,
2007 5484 2157 5555 quia,
2184 5482 2369 5551 aliquo
2409 5483 2516 5539 alio
2550 5486 2618 5538 ad
2651 5486 3092 5557 dijudicationem
3129 5502 3236 5541 non
3265 5494 3427 5555 eget:

1870 5582 1965 5637 sed
1996 5582 2088 5649 qui
2128 5590 2209 5637 est
2238 5582 2529 5651 pmnitens,
2559 5584 2674 5654 ipse
2714 5586 2797 5639 sui
2826 5585 2999 5655 ipsius
3022 5584 3186 5653 judex
3213 5591 3268 5636 et
3310 5582 3429 5635 vin-

1870 5677 1971 5731 dex
2015 5684 2113 5729 est.
2168 5675 2458 5746 Antequam
2497 5693 2828 5744 corruamus,
2862 5688 2967 5739 etc.
3008 5674 3331 5730 Delectabilc
3373 5686 3429 5730 et

3063 5919 3138 5981 39
