4032 6340
640 422 770 487 1227

1784 427 1844 485 S.
1885 425 2194 486 IUANNIS
2231 426 2742 488 RAITHUENSIS

3716 428 3736 490 1

635 535 792 588 dulce
820 531 974 586 nobis
1003 530 1509 606 proponitdaemoni
1545 532 1802 597 exterius,
1833 542 1894 588 ut
1917 537 2095 590 trahat
2121 537 2184 588 ad
2216 541 2257 593 Α
2290 552 2410 588 vera
2449 537 2740 603 confessio,
2782 553 2874 605 per
2900 539 3134 592 divinam
3167 541 3445 594 setcutiam
3494 557 3753 597 excessus
3789 545 3833 597 in

639 624 989 693 peccandum,
1023 623 1224 692 peccati
1259 632 1464 677 reatum
1496 622 1606 677 fere
1654 624 1785 677 nihil
1830 640 1952 680 esse
1997 642 2188 696 suppo-

639 731 796 779 ttens,
849 715 1122 783 Deumque
1163 715 1452 784 benignum
1505 723 1557 768 ct
1613 715 2013 770 misericordem
2072 731 2188 770 esse

639 806 897 876 suggerit,
926 815 980 860 et.
1010 807 1224 861 asserit.
1259 805 1313 857 ln
1349 807 1449 858 hoc
1476 811 1560 860 est
1597 820 1723 860 vere
1761 807 2034 868 inimicus,
2061 808 2184 860 auia

640 894 988 959 intrinsecus,
1013 895 1159 964 quod
1197 896 1401 949 malum
1431 903 1536 959 est,
1566 908 1620 949 et
1653 911 1897 949 atnarum
1937 896 2091 964 (more
2114 912 2186 950 rm

640 985 844 1038 scilicet
867 987 1112 1053 corporis
1143 994 1197 1044 et
1229 984 1444 1052 auitme)
1473 985 1843 1039 fraudulentus
1868 987 2149 1040 abscondit
2173 1006 2186 1040 :

638 1090 799 1144 quam
829 1083 950 1142 post
977 1074 1208 1142 lapsum,
1247 1083 1305 1125 ut
1335 1075 1618 1141 desperare
1657 1088 1756 1128 nos
1784 1073 1968 1137 faciat,
2001 1075 2191 1128 adver—

637 1177 733 1220 sus
779 1179 880 1217 nos
929 1162 1238 1218 insultando
1272 1164 1583 1230 procia‘mal,
1628 1164 1770 1218 ultor
1819 1165 2062 1229 effectus,
2097 1166 2187 1234 qni

636 1253 811 1308 fuerat
824 1256 944 1321 (nos
958 1252 1287 1320 aeduccndo)
1304 1253 1593 1320 proditorie
1609 1255 1878 1309 inimicus.
1896 1255 2044 1321 Sarpe
2054 1256 2189 1308 enim

635 1361 798 1412 parua
837 1358 1076 1407 munera,
1113 1352 1217 1396 etc.
1261 1343 1462 1397 Nolunt
1492 1344 1763 1398 da‘mones
1800 1346 1944 1409 quod
1991 1345 2190 1398 intelli-

637 1450 850 1505 gamus,
880 1447 1044 1502 quam
1091 1449 1333 1487 amarum
1375 1445 1458 1488 est
1488 1449 1713 1502 peccare
1732 1446 1786 1488 et
1817 1434 1983 1489 Deum
2017 1435 2191 1490 offeu-

634 1527 783 1580 dere.
833 1523 1051 1578 Idcircd‘
1087 1540 1210 1578 cum
1243 1539 1342 1579 nos
1379 1528 1610 1581 viderint
1645 1527 2080 1596 appropinquare
2122 1527 2191 1594 ad

635 1616 925 1687 aliqualem
951 1632 1172 1670 sensum
1205 1617 1426 1672 inﬁnita:
1453 1618 1829 1672 amaritudinis
1855 1618 2187 1681 abscondite,

637 1707 690 1758 in
726 1706 958 1775 peccatis
988 1706 1188 1762 nostris
1217 1715 1344 1761 tunc
1373 1708 1575 1760 instant
1603 1718 1655 1761 et
1681 1707 1866 1761 dicunt
1891 1725 1906 1760 :
1939 1707 2076 1773 Quid
2113 1717 2190 1761 te-

630 1799 816 1866 ipsum
851 1797 1088 1853 conteris
1117 1807 1172 1852 et
1217 1797 1508 1867 desperas?
1541 1814 1713 1870 neque
1756 1800 1898 1854 enim
1937 1800 2064 1863 tale,
2104 1800 2187 1854 vel

623 1889 743 1942 tale
769 1897 1045 1958 peccatum
1082 1890 1163 1953 (ut
1191 1889 1281 1942 alii
1310 1890 1548 1958 plurimi)
1577 1891 1920 1960 perpetrasti.
1943 1889 2189 1944 Oderunt

638 1993 872 2047 namque
913 1979 1187 2035 daemones
1231 1981 1479 2050 spiritum
1529 1982 1893 2050 contritionis,
1946 1993 2000 2037 et
2039 1983 2189 2036 falsae

626 2068 750 2137 spei
796 2067 1051 2137 gaudium
1100 2070 1152 2123 in
1198 2070 1356 2123 nobis
1398 2070 1668 2125 seminare
1715 2072 2078 2135 contendunt,
2130 2081 2191 2127 ut

635 2159 791 2213 aliter
833 2159 888 2213 in
932 2160 1089 2212 nobis
1137 2160 1389 2226 spiritum
1434 2150 1778 2217 contritionis
1821 2163 2187 2233 exstinguant.

637 2248 720 2305 'l‘u
759 2265 884 2304 vero
918 2265 1026 2304 non
1065 2252 1284 2305 obedias
1328 2252 1409 2306 eis
1434 2270 1448 2307 :
1477 2253 1626 2321 quia,
1676 2255 1816 2308 sicut
1847 2270 2008 2323 parva
2049 2257 2190 2310 dona

625 2341 870 2395 furorem
894 2341 1095 2410 iudicis
1123 2339 1433 2412 frequenter
1471 2343 1737 2413 mitigant,
1766 2347 1836 2400 ita
1876 2346 2192 2417 plerumque

635 2448 756 2500 quae
783 2447 813 2485 a
855 2431 1012 2487 nobis
1043 2443 1364 2502 reputantur
1394 2448 1559 2503 parva
1587 2435 1783 2489 delicta
1818 2437 1962 2504 (cum
1991 2436 2191 2494 fuerint

636 2521 834 2591 saepius
860 2523 1073 2592 iterata)
1101 2523 1262 2578 simul
1300 2535 1604 2595 aggregata,
1630 2527 1906 2582 Christum
1943 2539 2189 2585 nostrum

620 2612 1082 2684 «benignissimum
1111 2615 1371 2684 judieem,
1393 2616 1540 2686 juste
1579 2625 1769 2672 contra
1809 2635 1908 2674 nos
1953 2620 2008 2674 in
2044 2620 2191 2676 furo-

636 2717 750 2757 rem
797 2719 1019 2774 surgere
1065 2706 1288 2760 faciunt.
1346 2706 1588 2779 Moyses,
1638 2725 1756 2762 cum
1815 2709 1976 2764 Deum
2027 2713 2192 2767 vidis-

634 2802 735 2857 set,
779 2805 883 2848 etc.
937 2792 1162 2862 Signum
1205 2791 1635 2854 conversationis
1682 2800 1929 2868 perfectae
1978 2812 2032 2858 et
2083 2808 2193 2859 vir-

624 2895 829 2947 νίυοεω,
869 2894 953 2938 est
982 2885 1163 2938 videre
1193 2887 1368 2954 ignem
1397 2889 1450 2940 in
1491 2889 1625 2942 rubo
1649 2891 1727 2956 '7;
1764 2901 1844 2947 est
1869 2893 2012 2947 enim
2038 2895 2191 2950 inac-

637 2973 904 3028 cessibilis
928 2975 1130 3028 multis.
1159 2973 1264 3030 Sed
1299 2984 1425 3030 tunc
1448 2979 1601 3031 ardet
1626 2977 1766 3047 ignis
1799 2981 1853 3033 in
1882 2982 2039 3046 rubo,
2069 2999 2190 3038 cum

638 3065 956 3119 mortificata
999 3080 1129 3119 caro
1175 3068 1377 3135 pariter
1422 3077 1471 3121 et
1511 3069 1780 3135 voluntas,
1821 3087 1881 3125 ea
1911 3088 2032 3141 quae
2067 3084 2194 3129 sunt

2293 628 2484 690 itctun;
2519 644 2581 680 ex
2610 645 2717 697 quo
2744 629 2942 682 oblivio
2973 633 3201 701 propria:
3236 642 3442 687 natura:
3473 633 3531 686 (it
3572 634 3628 687 in
3656 649 3723 687 eo
3749 637 3832 703 qui

2287 720 2586 774 secundum
2621 719 2937 789 Propltetam
2960 720 3024 784 η.
3066 723 3400 777 obliviscitur
3429 725 3719 780 cetnedere
3753 742 3837 796 pa-

2291 820 2411 859 nem
2438 824 2617 864 suum.
2657 812 2751 866 Sta
2784 815 2838 865 in
2873 809 3123 868 orationis
3144 832 3310 884 prece,
3339 827 3442 870 etc.
3477 815 3835 880 Quemadmo-

2268 897 2415 950 dum
2432 896 2574 950 ferro
2591 900 2782 967 ligatos
2801 921 3018 959 currere
3041 922 3144 961 non
3164 907 3322 971 valet,
3341 908 3412 961 ita
3428 917 3480 960 et
3502 923 3676 973 mens,
3702 908 3838 963 vitiis

2289 991 2555 1055 Serviens,
2584 993 2846 1046 orationis
2883 997 3178 1060 spiritualis
3207 999 3384 1054 locum
3405 1000 3589 1054 videre
3614 1015 3721 1054 non
3752 1017 3837 1070 po-

2291 1088 2418 1133 test.
2443 1080 2576 1134 Nam
2607 1082 2699 1151 qui
2723 1098 2846 1136 cum
2862 1085 3006 1137 vitiis
3037 1091 3330 1144 orationem
3351 1092 3572 1160 exsequi
3594 1101 3834 1153 conatur,

2291 1184 2318 1220 a
2343 1168 2555 1226 vitiosis
2572 1172 2996 1241 cogitationibus
3015 1187 3068 1229 et
3082 1177 3462 1236 seducentibus
3486 1182 3837 1235 iuteiicctiints

2289 1263 2613 1327 captivatur.
2655 1263 2916 1333 Legitime
2947 1282 3075 1336 ergo
3111 1283 3291 1337 pugna
3333 1282 3520 1326 contra
3551 1273 3836 1327 immundi-

2291 1353 2398 1406 tias
2419 1395 2434 1418 ,
2466 1365 2522 1407 ut
2549 1371 2643 1424 per
2666 1358 3007 1423 munditiam,
3030 1360 3326 1414 orationem
3356 1362 3616 1417 invenias.
3643 1365 3708 1419 Et
3747 1367 3838 1419 hoc

2291 1447 2467 1500 scribe
2501 1447 2554 1501 itt
2589 1450 2752 1503 corde
2773 1461 2887 1515 tuo,
2923 1453 3178 1521 quoniam
3219 1469 3370 1512 amor
3401 1455 3769 1511 delectationis
3791 1469 3839 1511 ct

2292 1537 2495 1605 requiei
2548 1549 2632 1594 est
2676 1556 2842 1595 causa
2897 1544 3254 1612 separationis
3304 1561 3336 1600 a
3369 1545 3497 1602 Deo.
3562 1547 3672 1602 Cor
3704 1550 3836 1603 enim

2291 1624 2433 1690 quod
2475 1625 2574 1678 ista
2609 1638 2772 1691 amat,
2803 1638 2885 1682 est
2913 1639 3173 1684 creatura:
3204 1633 3600 1702 Sterquilinium
3635 1643 3692 1689 et
3725 1650 3840 1690 sen-

2292 1711 2596 1767 tina.'Nam
2641 1717 2946 1774 amaritudo
2971 1733 3090 1786 qua;
3112 1719 3428 1774 abscondita
3456 1734 3538 1775 est
3568 1723 3621 1774 in
3643 1723 3840 1778 eisdem

2291 1799 2732 1860 delectationibus
2780 1816 2831 1860 et
2886 1808 3101 1876 quiete,
3160 1810 3213 1863 in
3269 1821 3507 1881 tempore
3547 1814 3723 1868 exitus
3764 1817 3842 1868 in—

2290 1889 2488 1943 utiliter
2511 1893 2789 1949 sentietttr.
2829 1894 2937 1949 Cor
2963 1913 3090 1951 vero
3126 1899 3354 1970 diligens
3389 1902 3624 1969 labores,
3655 1915 3841 1958 contn-

2287 1979 2499 2045 melias,
2519 1989 2571 2035 et
2599 1984 2833 2049 dolores,
2865 1997 3016 2055 porta
3045 1998 3226 2057 aperta
3255 2001 3358 2054 est,
3387 2007 3494 2061 qua
3526 1993 3580 2046 in
3610 2003 3841 2062 tempore

2287 2070 2462 2124 exitus
2489 2085 2684 2141 pascua
2716 2074 2969 2130 inveniet.
3022 2075 3169 2131 Sicut
3197 2092 3462 2147 creatura,
3503 2093 3608 2138 etc.
3658 2083 3760 2139 Per
3785 2101 3840 2139 se

2288 2168 2502 2226 motus,
2555 2172 2610 2218 et
2655 2177 2869 2231 semper
2919 2174 3098 2219 motus
3136 2176 3219 2223 est
3265 2170 3445 2223 divina
3490 2173 3838 2240 providentia,

2291 2249 2539 2303 alteratio
2579 2261 2792 2317 motus,
2832 2262 2886 2307 et
2938 2254 3163 2310 faciliter
3189 2267 3365 2314 motus
3392 2269 3473 2315 est
3514 2263 3765 2318 alteratio
3792 2276 3841 2318 et

2293 2349 2470 2392 motus
2495 2349 2774 2406 creatura,
2799 2342 2891 2410 qui
2919 2357 3026 2396 non
3058 2360 3268 2413 semper
3292 2355 3374 2402 est
3399 2360 3600 2404 mctus.
3640 2351 3841 2407 Dicitur

2291 2438 2468 2482 autem
2497 2431 2842 2501 compunctio
2877 2433 3059 2488 cordis
3087 2451 3151 2489 ex
3182 2435 3274 2491 Dei
3305 2441 3474 2508 gratia
3501 2445 3837 2509 proveniens,

2292 2520 2537 2575 alteratio
2571 2535 2773 2589 motus,
2816 2525 2883 2580 ad
2931 2527 3283 2583 differentiam
3320 2536 3753 2602 compunctionis
3777 2553 3839 2592 ex

2291 2611 2470 2665 studio
2506 2613 2741 2669 humano
2773 2613 3126 2683 advenientis,
3159 2635 3279 2692 quae
3308 2631 3394 2677 est
3432 2639 3526 2693 per
3559 2641 3619 2680 se
3647 2636 3840 2684 motus.

2292 2701 2590 2756 Illustratio
2616 2703 2726 2773 (l8)
2758 2705 3044 2775 ineffabilia
3070 2717 3147 2762 est
3201 2711 3442 2780 quedam
3468 2715 3719 2782 efﬁcacia,
3740 2727 3838 2772 etc.

2291 2788 2408 2844 Non
2451 2806 2546 2860 per
2585 2794 2788 2846 luctum
2834 2803 3076 2859 tantum,
3120 2795 3214 2851 sed
3260 2800 3570 2868 patientiam
3621 2806 3841 2860 tribula-

2293 2881 2502 2935 tionum
2525 2891 2580 2936 et
2607 2883 2964 2938 tentationum
2996 2886 3254 2954 probatur
3275 2905 3465 2948 servus
3493 2895 3582 2950 Dei
3613 2914 3628 2950 :
3668 2906 3842 2966 ct-per

2292 2985 2478 3024 veram
2515 2973 2986 3029 mortificationem
3022 2980 3264 3034 omnium
3305 2996 3560 3039 sensuum
3606 2990 3842 3057 corporis

2292 3070 2348 3114 et
2374 3061 2588 3127 animae,
2624 3065 2915 3120 mundatur
2936 3056 3003 3122 ab
3036 3068 3443 3138 inquinamento
3463 3056 3722 3133 vitiorum
3746 3096 3761 3133 :
3792 3090 3842 3134 et

631 3155 876 3224 spiritus,
917 3156 1158 3210 “unum
1198 3166 1252 3211 ει
1293 3157 1542 3228 αίιίευηι,
1585 3159 1691 3214 Sed
1735 3162 2051 3233 plerumque
2087 3167 2187 3219 ιη,
2215 3177 2257 3232 C
2293 3162 2388 3215 per
2415 3151 2914 3220 contemplationem
2955 3163 3010 3208 et
3056 3159 3451 3226 susceptionem
3489 3163 3721 3219 altarum
3750 3165 3838 3221 Dei

634 3260 793 3298 mana
823 3243 1085 3315 fragilitas
1114 3247 1410 3316 prolabitur
1443 3250 1511 3304 ab
1549 3251 1835 3307 altitudine
1866 3255 2108 3324 spiritus,
2139 3267 2194 3312 et

622 3335 942 3390 succumbit
983 3340 1032 3390 in
1069 3339 1286 3406 pugnis.
1315 3338 1417 3394 Sed
1461 3342 1696 3410 nunquid
1722 3345 1812 3412 qui
1857 3347 2054 3400 corruit
2089 3364 2192 3402 non

477 3456 483 3460 .
545 3458 562 3469 ..
636 3425 889 3492 adjicict.’
919 3425 1044 3490 Sed,
1088 3436 1149 3481 ut
1177 3428 1340 3482 David
1386 3439 1440 3482 et
1481 3428 1698 3497 Petrus,
1728 3443 1954 3488 conetur
1982 3447 2042 3490 ut
2082 3453 2190 3492 non

637 3514 812 3567 solum
863 3523 1127 3582 resurgat,
1181 3515 1276 3570 sed
1321 3517 1514 3571 aitiora
1553 3523 1901 3575 conscendat.
1947 3523 2192 3582 Ostendit

638 3600 810 3668 igitur
840 3600 1022 3664 Pater,
1062 3604 1309 3674 exemplo
1350 3604 1518 3674 Moysi
1555 3616 1610 3662 et
1632 3607 1730 3661 Job
1773 3626 1898 3665 esse
1939 3616 2192 3680 possibile

637 3697 761 3757 post
803 3689 1042 3757 lapsum,
1109 3690 1271 3742 etiam
1324 3692 1388 3745 ad
1436 3694 1920 3762 impassihilitatem
1981 3702 2190 3767 redire,

623 3779 792 3846 cujus
827 3781 940 3847 spei
978 3780 1251 3844 fiduciam,
1287 3782 1538 3838 diabolus
1580 3800 1674 3853 per
1720 3789 2101 3859 negligentiam
2139 3802 2192 3848 et

628 3869 799 3922 otium
854 3869 1184 3938 coiapltizat,
1237 3870 1365 3924 dttm
1417 3872 1470 3924 in
1511 3873 1668 3927 nobis
1705 3890 1865 3942 opera
1913 3881 2028 3945 (per
2073 3897 2192 3949 quae

629 3953 1038 4022 impassibilitas
1073 3956 1384 4027 percipitur)
1403 3960 1695 4028 expiantat.
1726 3966 1966 4030 Attende,
1989 3983 2188 4034 gutcso,

628 4043 1109 4113 difigentiur,ctc.,
1150 4048 1359 4102 scilicet
1407 4053 1579 4106 oculis
1628 4057 1824 4109 mentis
1855 4068 1908 4110 et
1945 4061 2186 4127 spiritus,

632 4136 756 4202 quia
798 4137 1034 4190 sensuali
1077 4138 1434 4196 delectatione
1480 4145 1687 4199 seducti
1731 4149 2054 4213 erravimus,
2091 4155 2186 4208 sed

630 4221 718 4274 via
751 4221 980 4277 breviori
1026 4237 1125 4279 nos
1169 4229 1366 4281 reverti
1407 4241 1649 4299 Oportet:
1683 4236 1930 4292 videlicet
1959 4254 2052 4307 per
2084 4243 2186 4294 hu-

634 4311 760 4363 mile
789 4326 999 4378 sapere,
1034 4323 1088 4366 et
1120 4330 1212 4382 per
1261 4308 1462 4374 humile
1503 4324 1746 4391 verbum,
1785 4337 1841 4379 et
1868 4343 1964 4381 cor
1988 4331 2190 4384 contri-

634 4413 769 4466 tum,
799 4410 853 4454 et
888 4404 1152 4456 sinceram
1195 4408 1593 4467 confessionem
1633 4424 1687 4468 et
1730 4418 2011 4485 integram.
2043 4418 2202 4488 Quo-~

2294 3237 2743 3294 iiluminationum
2767 3284 2780 3306 ,
2823 3244 3094 3312 perfectus
3125 3246 3371 3304 edicitur.
3413 3251 3679 3308 Dominus
3703 3255 3839 3309 enim

2291 3346 2354 3382 ea:
2381 3329 2512 3384 Sina
2549 3334 2682 3386 venit
2714 3349 2732 3386 :
2779 3335 2831 3387 id
2861 3345 2946 3390 est
2966 3379 2981 3401 ,
3017 3353 3084 3391 ex
3114 3340 3503 3396 tentationilrus
3530 3337 3589 3398 let
3621 3345 3840 3400 tribula-

2291 3423 2524 3477 tionibus
2549 3441 2563 3488 ;
2605 3435 2653 3477 et
2682 3425 2858 3478 illuxit
2890 3428 3038 3480 nobis
3062 3443 3127 3480 ea:
3150 3427 3288 3493 Seir,
3329 3431 3433 3485 hoc
3454 3443 3556 3496 est,
3591 3449 3841 3505 ett-pora-

2291 3511 2430 3566 libus
2461 3512 2735 3566 laboribus
2770 3525 2824 3567 et
2853 3515 3135 3571 doloribus
3163 3535 3178 3584 ;
3212 3528 3260 3571 et
3293 3523 3538 3587 requievit
3581 3540 3649 3591 ea:
3679 3537 3842 3580 monte

2293 3600 2508 3654 Pharao
2532 3618 2650 3655 cum.
2676 3604 2908 3657 millibus
2958 3604 3148 3672 Gades,
3188 3609 3240 3662 id
3271 3619 3374 3673 est,
3396 3627 3462 3664 ex
3489 3623 3672 3670 monte
3703 3617 3839 3680 ﬁdei,

2291 3703 2414 3741 cum
2440 3689 2668 3743 infinitis
2689 3702 3001 3745 sanctorum
3023 3693 3283 3749 scientiis.
3319 3693 3452 3749 Sunt
3477 3702 3715 3755 materiis
3733 3718 3842 3772 quat

2291 3782 2459 3847 fontes
2489 3791 2716 3845 nostros,
2752 3793 2856 3838 etc.
2914 3783 3066 3840 Sicut
3102 3786 3328 3854 deliciae,
3379 3791 3536 3859 gula,
3572 3809 3842 3852 comessa-

2293 3873 2487 3935 tiones,
2510 3874 2696 3928 vinum
2719 3915 2734 3939 ,
2781 3875 3059 3941 mulieres,
3086 3878 3405 3936 deliciarum
3431 3899 3583 3951 usus,
3609 3898 3666 3941 et
3695 3903 3840 3954 amor

2289 3963 2466 4016 omnis
2503 3964 2872 4019 sensualitatis
2900 3975 2953 4020 et
2984 3968 3339 4038 carnalitatis,
3366 3988 3489 4043 quae
3517 3977 3702 4032 omnia
3736 3993 3838 4033 non

2291 4051 2466 4105 solum
2497 4053 3026 4138 siccant.lacrymas,
3047 4061 3142 4115 sed
3169 4064 3530 4124 exterminant
3562 4083 3724 4124 omne
3751 4071 3839 4126 bo-

2289 4159 2439 4198 num.
2465 4143 2610 4216 Fuge
2666 4147 2845 4218 igitur,
2893 4150 3038 4221 fuge,
3065 4153 3157 4223 qui
3190 4154 3473 4226 religiosus
3491 4158 3572 4221 es.
3600 4161 3836 4226 delicias,

2287 4235 2494 4301 vinum,
2521 4248 2573 4289 et
2599 4239 2869 4305 mulieres,
2896 4229 3020 4311 qua:
3051 4243 3146 4298 tibi
3185 4255 3509 4304 sunt‘causa
3539 4253 3764 4318 peccati,
3789 4261 3839 4307 et

2290 4335 2593 4392 apostatare
2624 4327 2828 4397 faciunt
2853 4329 3112 4400 sapientes
3139 4334 3205 4388 ”.
3255 4333 3390 4390 Nam
3417 4347 3472 4392 et
3515 4339 3697 4408 justus
3723 4341 3836 4404 Lat,

2289 4417 2422 4480 Noe,
2447 4410 2654 4485 David,
2683 4431 2736 4477 et
2768 4422 3020 4481 Salomon
3040 4465 3058 4492 ,
3085 4441 3178 4497 per
3210 4429 3316 4488 ista
3337 4435 3674 4500 praevaricati
3696 4445 3832 4493 sunt.

632 4495 774 4548 niam
811 4495 862 4546 in
918 4495 1154 4548 humidis
1187 4498 1364 4566 lignis,
1418 4496 1702 4558 difﬁciliter
1746 4507 1887 4575 ignis
1931 4510 2184 4562 accendi-
2217 4515 2260 4568 D
2291 4507 2430 4560 Sunt
2451 4517 2506 4562 et
2533 4510 2651 4564 aliae
2677 4515 2934 4579 materiae,
2964 4495 3106 4571 sicut
3129 4533 3284 4581 amor
3310 4495 3644 4594 principatus
3661 4537 3716 4580 et
3743 4527 3836 4581 ho-

631 4595 738 4640 tur.
774 4585 995 4639 l’euitus
1043 4585 1096 4638 in
1144 4588 1307 4641 corde
1361 4602 1574 4645 amante
1607 4595 1839 4661 quietem
1873 4608 1928 4650 et
1963 4599 2189 4654 delecta-

630 4678 828 4741 tiones,
879 4676 1019 4745 ignis
1058 4677 1282 4745 spiritus
1322 4693 1428 4732 non
1473 4683 1727 4749 ardebit,
1775 4686 1867 4739 sed
1907 4687 1963 4740 in
2009 4689 2186 4743 anima

626 4765 857 4819 contrita
882 4775 936 4818 et
971 4765 1277 4832 humiliata,
1301 4783 1422 4836 qua:
1453 4770 1664 4825 labores
1693 4782 1745 4826 et
1774 4774 1994 4831 delicias
2017 4787 2187 4847 putat.

2285 4598 2456 4661 noris,
2493 4609 2542 4653 et
2593 4602 2920 4660 desiderium
2970 4607 3162 4675 laudis,
3192 4614 3437 4670 nominis
3483 4618 3745 4685 scientiae,
3782 4627 3838 4672 et

2285 4689 2604 4756 sanctitatis,
2641 4707 2761 4761 quae
2790 4710 3016 4752 vacuum
3050 4716 3238 4770 sapere
3291 4704 3344 4759 in
3398 4709 3710 4778 superbiam
3741 4726 3834 4766 cx-

2286 4775 2515 4841 toiiuut,
2559 4789 2612 4832 et
2658 4783 2723 4834 ab
2753 4786 2899 4838 omni
2934 4788 3127 4844 virtute
3177 4791 3438 4849 radicitus
3467 4775 3755 4864 vevelluut,
3784 4805 3835 4853 et

630 4853 819 4913 Luctus
845 4867 921 4908 eat
973 4857 1220 4910 stimulus
1258 4860 1443 4923 animi,
1489 4878 1699 4917 aureus.
1755 4864 1868 4922 Hoc
1898 4868 2091 4923 dicitur
2122 4872 2188 4925 ad
2282 4863 2535 4920 deorsum
2561 4869 2625 4923 ad
2669 4871 2873 4927 inferna
2904 4878 3228 4947 projiciunt,
3251 4899 3347 4952 per
3369 4901 3488 4953 quae
3507 4895 3564 4939 et
3593 4887 3833 4942 diabolus

631 4943 984 4999 dili‘ercntiam
1007 4947 1210 5002 stimuli
1250 4950 1412 5003 ferrei
1440 4951 1533 5020 qui
1569 4955 1756 5021 puttgit
1788 4965 1997 5009 terrena
2024 4970 2074 5010 et
2107 4962 2184 5012 vi-

636 5029 771 5085 tiosa
793 5036 1075 5104 diligentes
1111 5055 1202 5107 per
1234 5041 1504 5096 tristitiam
1539 5046 1751 5108 mortis,
1785 5057 1835 5099 et
1864 5053 1948 5100 est
1978 5063 2183 5103 veneno

629 5124 909 5179 mortifero
936 5129 1145 5195 plenus.
1182 5135 1394 5188 Aureus
1432 5149 1558 5190 vero
1598 5136 1870 5201 stimulus,
1902 5150 2085 5193 sancta
2130 5151 2182 5195 et

628 5211 929 5285 laetificaote
975 5219 1214 5283 tristitia,
1255 5235 1307 5280 et
1350 5226 1613 5282 charitate
1649 5230 1832 5284 divina
1862 5232 2070 5301 pungit,
2115 5234 2179 5285 ad

626 5299 865 5354 coelestia
906 5317 1124 5359 sursum
1149 5309 1328 5365 ferens
1375 5328 1469 5369 eos
1514 5317 1607 5385 qui
1640 5299 1877 5374 virtutes
1897 5299 2099 5376 Christi
2128 5331 2181 5376 et

625 5393 876 5446 mandata
902 5393 1152 5463 diligunt,
1184 5408 1240 5452 et
1273 5402 1496 5459 fideliter
1521 5408 1692 5476 ipsius
1737 5413 1988 5466 mandata
2021 5413 2177 5483 perfi-

623 5484 791 5548 ciunt,
836 5483 1108 5551 Confessio
1152 5499 1226 5542 est
1246 5492 1432 5548 oblivio
1476 5508 1699 5562 natura,
1745 5512 1852 5558 ctc.
1882 5503 1972 5559 Est
1997 5516 2176 5560 autem

624 5657 667 5687 ’τ
721 5659 883 5718 Exod.
945 5681 1027 5730 tu,
1081 5666 1136 5721 2.
1215 5669 1258 5698 ⁸⁸
1299 5668 1440 5725 Psal.
1486 5688 1556 5735 Cl,
1597 5675 1647 5730 5.

1727 5682 1767 5712 "
1802 5682 1961 5742 Eccli.
1993 5704 2100 5751 XIX,
2127 5689 2178 5744 Ξ.

688 5796 798 5866 (l8)
826 5797 986 5855 Vetus
1015 5805 1301 5872 interpres,
1328 5802 1655 5861 illuminatio.

2291 4955 2397 5010 ruit
2425 4975 2439 5010 :
2480 4956 2545 5012 Ut
2570 4963 2819 5018 uirtutum
2851 4972 3121 5038 materias,
3154 4976 3400 5028 materias
3430 4976 3678 5030 vitiorum
3707 4979 3830 5048 (l9),

2288 5061 2390 5105 etc.
2450 5054 2646 5113 Matres
2682 5060 2970 5129 virtutum,
3002 5078 3131 5120 sunt
3201 5067 3515 5136 prudentia,
3551 5067 3829 5136 fortitudo,

2288 5150 2660 5214 temperantia,
2699 5153 2928 5220 justitia,
2962 5173 3097 5227 quas
3131 5159 3425 5213 adversarii
3471 5159 3730 5218 dicuntur
3759 5163 3831 5218 cf-

2287 5233 2370 5288 fici
2403 5241 2812 5299 oecasionaliter
2842 5257 3042 5301 matres
3069 5249 3396 5302 malitiarum
3417 5290 3433 5311 ,
3464 5266 3572 5305 non
3608 5269 3827 5310 conver-

2285 5325 2454 5395 sione,
2487 5333 2582 5387 sed
2624 5337 2828 5404 abusu,
2872 5340 2966 5409 qui
3014 5347 3099 5394 est
3135 5355 3258 5393 vere
3298 5354 3457 5396 casus
3498 5345 3570 5399 ab
3608 5349 3826 5404 eisdem.

2284 5414 2423 5473 Sane
2456 5422 2729 5484 nimietate
2755 5438 2810 5483 et
2838 5429 3166 5493 deficientia,
3197 5445 3227 5484 a
3258 5432 3518 5489 virtutum
3542 5441 3722 5495 medio
3750 5457 3826 5498 re-

2281 5510 2553 5570 cedimus:
2587 5519 2746 5584 sicut,
2775 5535 2805 5573 a
2835 5521 3140 5588 prudentia,
3178 5535 3276 5588 per
3307 5527 3602 5586 versutiam
3624 5543 3680 5588 et
3702 5532 3826 5588 insi-

2355 5830 2464 5896 (l9)
2507 5831 2666 5885 Vetus
2700 5832 2985 5898 interpres,
3017 5844 3223 5890 matres.
