4032 6340
237 469 373 535 1229

1396 489 1711 552 SCHOLIA
1751 494 1830 554 IN
1860 495 2265 558 CLIMACUM.

3293 512 3429 575 1230

229 582 488 653 pientiam
518 603 533 640 :
573 586 908 653 fortitudine,
942 605 1036 661 per
1066 596 1417 653 temeritatem
1444 610 1497 656 ct
1532 603 1777 659 formidi-
1804 615 1848 668 Α
1880 608 2053 661 nubes
2097 610 2347 664 deorsum
2382 582 2615 668 currens
2654 622 2709 671 et
2761 626 2992 673 mentem
3027 632 3279 691 cogitatio
3306 629 3428 683 vin-

231 690 357 729 nem
384 693 400 744 ;
446 691 476 731 a
501 680 872 748 temperantia,
907 698 1003 753 per
1025 685 1473 746 incontinentiam
1500 703 1554 747 et
1576 697 1775 751 severi—

230 775 439 834 tatem;
494 785 525 823 a
565 770 812 839 justitia,
854 790 947 844 per
978 778 1259 833 avaritiam
1285 793 1337 836 et
1370 771 1655 846 falsitatem
1677 826 1693 851 ,
1722 795 1776 841 et

229 871 327 927 per
353 861 526 914 zelum
554 862 647 917 ira:
672 861 973 931 fervidum,
1003 876 1058 922 et
1110 867 1304 926 falsam
1344 874 1614 940 pietatem.
1666 875 1775 930 Do-

226 958 380 1003 ceant
422 958 472 1004 te
512 951 628 1015 hoc,
672 950 870 1021 Iesus,
916 968 1024 1013 etc.
1087 957 1250 1023 Elias,
1286 972 1340 1015 et
1364 961 1620 1031 Joannes,
1648 978 1775 1025 sunt

226 1039 476 1110 perfectae
490 1057 744 1101 conversa
752 1047 914 1103 tionis
935 1057 1092 1117 typus
1105 1059 1158 1105 et
1179 1050 1371 1117 forma.
1398 1053 1500 1122 Qui
1528 1071 1771 1115 seorsum

222 1145 465 1197 orantes,
490 1144 547 1190 et
577 1151 609 1191 a
635 1138 836 1193 mundo
862 1139 1106 1197 solitaria
1137 1143 1276 1212 loca,
1295 1154 1350 1201 et
1376 1162 1406 1201 a
1436 1150 1771 1226 saecularium

224 1226 552 1283 tumultibus
600 1236 876 1299 segregata
920 1245 1227 1299 quaerentes
1257 1246 1313 1292 et
1344 1240 1592 1297 colentes
1614 1284 1630 1308 ,
1675 1244 1772 1299 do-

221 1325 455 1371 cuerunt
490 1314 833 1385 perfectionis
858 1331 1147 1390 amatores,
1176 1325 1352 1382 locum
1381 1341 1431 1382 et
1457 1332 1672 1387 modum
1702 1335 1769 1390 ad

219 1404 480 1462 virtutum
508 1407 769 1474 studium,
801 1412 995 1480 pariter
1010 1416 1212 1483 optima
1237 1426 1290 1473 et
1312 1407 1610 1479 necessaria
1635 1424 1767 1481 fore.

218 1497 290 1556 Et
321 1502 673 1559 ostenderunt
710 1508 985 1581 quomodo
1016 1498 1189 1566 locus
1215 1516 1375 1571 modo
1414 1515 1649 1582 perfecte
1688 1520 1771 1575 vi-

215 1592 381 1647 vendi
432 1593 885 1662 pulchritudinem
920 1600 1011 1656 dat
1041 1587 1095 1656 et
1143 1600 1389 1659 formam.
1441 1606 1620 1674 Quare
1659 1626 1767 1667 non

217 1681 417 1739 modus
448 1684 621 1739 solum
654 1686 818 1753 (sicut
849 1691 1067 1759 quidam
1101 1694 1419 1764 simpliciter
1444 1710 1498 1752 et
1522 1702 1662 1756 male
1683 1703 1769 1759 di-

216 1778 381 1841 cunt)
402 1814 419 1839 ,
451 1775 545 1829 sed
574 1785 629 1830 et
671 1777 853 1844 locus,
906 1782 972 1835 ad
1007 1783 1224 1842 virtutis
1257 1788 1622 1857 operationem
1674 1808 1768 1849 ne-

214 1864 492 1920 cessarius
522 1876 637 1932 est,
676 1868 769 1937 qui
814 1872 1046 1926 maxime
1074 1874 1285 1932 confert
1310 1879 1558 1935 solatium
1581 1891 1635 1935 et
1675 1883 1765 1954 ju-

215 1970 409 2009 vamen
460 1956 841 2026 perfectionem
880 1967 1265 2033 quaerentibus.
1310 1968 1464 2027 Unde
1500 1982 1555 2029 et
1584 1943 1767 2033 nos-ter
1796 1943 1838 2000 Β

213 2048 561 2105 adversarius
609 2051 757 2121 (dicit
818 2053 921 2111 iste
964 2057 1125 2113 Pater
1169 2067 1408 2133 sanctus)
1451 2066 1768 2140 plerumque

211 2150 399 2196 movet
439 2144 505 2197 ad
551 2144 817 2216 lacrymas
845 2164 1032 2207 servos
1058 2151 1149 2208 Dei
1170 2194 1196 2219 ,.
1217 2170 1283 2210 ex
1313 2157 1493 2229 aliqua
1517 2176 1682 2219 causa
1711 2164 1767 2220 in

210 2234 526 2291 civitatibus
537 2245 591 2291 et
616 2237 757 2295 inter
780 2242 1041 2299 tumultus
1062 2244 1341 2303 hominum
1364 2266 1765 2325 conversantes,

210 2335 276 2381 ut
305 2342 401 2382 eos
423 2329 605 2385 taliter
629 2331 890 2402 decipiat,
918 2344 970 2391 et
1000 2340 1203 2395 mundo
1223 2345 1657 2417 appropinquare
1684 2350 1767 2405 fa-

209 2417 346 2485 ciat,
394 2436 479 2486 ac,
508 2424 726 2493 esthoc,
756 2428 1043 2484 verborum
1071 2439 1127 2486 et
1157 2436 1681 2507 conversationibus,
1713 2450 1769 2496 et

207 2509 471 2580 operibus
506 2512 875 2582 inquinentur.

642 2626 770 2685 CAP.
801 2626 913 2684 VIII
945 2631 1066 2702 (col.
1105 2630 1207 2688 827
1238 2634 1322 2714 ο).

279 2737 389 2795 Ira
417 2741 672 2806 vacuitas,
693 2753 770 2797 est
807 2755 1012 2800 natura:
1039 2753 1325 2812 superatio.
1359 2750 1577 2811 Natura;
1595 2756 1763 2814 victo-

201 2827 277 2882 ri'
316 2842 351 2879 *ι
378 2830 527 2894 dicit,
550 2830 709 2886 iraset
727 2830 927 2888 furoris
954 2838 1316 2895 omnimodam
1348 2845 1759 2917 depositionem,

200 2935 231 2975 ε
298 2969 311 2975 -
332 2923 732 2991 mcupiscentite
754 2930 1216 2987 mortiﬁcationem
1241 2952 1254 2987 :
1285 2940 1600 2995 naturaliter
1615 2944 1760 2999 enim

202 3013 412 3069 habent
442 3015 709 3083 homines,
738 3018 900 3076 irasci
925 3032 980 3076 et
1007 3028 1409 3096 concupiscere.
1448 3029 1756 3102 Iracundia,

200 3115 287 3160 est
318 3108 495 3163 subita
515 3110 685 3165 cordis
708 3116 1158 3184 excandescentia,
1186 3130 1289 3177 etc.
1323 3122 1405 3179 Ira
1430 3134 1511 3181 est
1533 3143 1759 3187 manens

201 3199 525 3266 tristitia,et
561 3218 913 3273 perseverans
937 3209 1170 3279 impetus
1196 3214 1262 3269 ad
1290 3215 1596 3275 vindictam.
1638 3219 1755 3287 Vel,

202 3291 314 3357 ira,
339 3302 419 3347 est
450 3293 720 3349 habituata
750 3299 971 3354 malitia:
1008 3305 1289 3371 memoria,
1317 3322 1439 3360 cum
1471 3311 1594 3364 odio
1625 3328 1756 3366 con-
1781 3280 1825 3340 ο

199 3384 493 3439 tristantis.
545 3384 738 3454 Furor,
767 3400 846 3443 est
872 3408 1073 3446 morum
1101 3395 1401 3454 inconstans
1431 3412 1622 3469 motus,
1650 3414 1756 3461 etc.

197 3472 404 3538 Furor,
435 3483 518 3530 est
543 3478 785 3534 ebullitio
813 3490 867 3536 et
900 3486 1150 3540 accensio
1168 3497 1222 3542 et
1246 3493 1559 3560 evaporatio
1576 3494 1643 3549 ad
1678 3512 1761 3551 re-

194 3564 560 3624 tributionem
606 3573 979 3629 contristantis
1037 3576 1337 3647 impetuose
1397 3585 1759 3655 praecipitans.

200 3656 412 3727 Quippe
437 3660 529 3729 per
552 3672 906 3719 atramentum
932 3668 1186 3724 columba:
1213 3674 1492 3728 candorem
1524 3679 1760 3732 demoliti

192 3760 399 3814 essent,
419 3760 523 3808 etc.
550 3752 653 3819 Qui
678 3760 970 3834 secpndum
993 3767 1356 3831 apparentiam
1384 3767 1764 3839 longanimiter

194 3841 341 3912 agit,
369 3852 421 3896 et
447 3835 721 3901 Christum
761 3863 822 3902 se
851 3850 1074 3919 diligere
1112 3854 1352 3921 simulat,
1382 3868 1437 3913 et
1466 3835 1664 3931 (usque
1690 3864 1757 3919 ad

193 3945 422 4005 tempus
451 3937 844 4009 retributionis)
883 3957 978 4009 per
1014 3944 1392 4005 silentiurnase
1415 3954 1669 4019 occultat,
1706 3966 1762 4011 et

194 4036 481 4096 exspectat
522 4036 581 4084 ut
608 4030 812 4085 malum
857 4047 954 4102 pro
985 4034 1128 4091 malo
1162 4038 1441 4105 retribuat,
1466 4046 1621 4111 quasi
1663 4062 1760 4116 per

196 4128 597 4187 atramentum,
622 4123 929 4181 columbam
954 4130 1278 4185 exterminat
1303 4151 1317 4186 :
1367 4137 1494 4203 quia
1526 4136 1759 4193 cbarita-

194 4219 343 4275 lem.
367 4220 420 4269 et
445 4214 755 4284 puritatem,
784 4231 905 4287 qua:
930 4234 1029 4289 per
1052 4221 1362 4279 columbam
1399 4227 1755 4298 significatur,

194 4313 306 4370 per
331 4300 665 4360 tenebrosam
689 4307 1006 4363 memoriam
1033 4312 1252 4369 malitia:
1276 4326 1328 4370 et
1353 4316 1563 4387 nigrum
1603 4318 1756 4376 furo-

190 4389 288 4447 ris
326 4391 573 4462 livorem,
610 4398 1001 4465 necat,cordis
1026 4406 1437 4475 tranquillitate,
1460 4422 1519 4466 et
1548 4427 1679 4483 pace
1703 4426 1758 4470 et

194 4482 613 4551 longanimitate
639 4486 867 4558 perdita,
898 4487 957 4541 in
983 4505 1090 4559 qua
1125 4492 1216 4547 Dei
1247 4511 1372 4565 spes
1401 4500 1753 4568 quiescebat:

1875 698 2050 754 dictae.
2078 700 2206 769 Leo,
2240 700 2292 755 in
2313 704 2617 770 venatione,
2644 704 2945 777 frequenter
2967 714 3193 769 caudam
3218 730 3424 786 movet;

1872 798 1928 844 et
1963 788 2219 857 furiosus,
2251 792 2304 847 in
2332 794 2501 861 cella,
2531 798 2879 870 cogitationes
2922 802 3034 859 irae.
3070 805 3191 860 Alia
3212 850 3226 873 ,
3262 811 3316 863 in
3345 810 3425 866 Itis

1873 881 1968 950 qui
2005 881 2177 936 adhuc
2207 884 2361 940 rudes
2393 886 2717 956 imbuuntur,
2746 906 2809 945 ea:
2839 893 2988 959 ﬂetu,
3018 908 3123 952 etc.
3179 899 3282 966 Qui
3325 918 3427 957 no.

1873 972 2010 1028 viter
2037 974 2325 1031 introducti
2352 986 2501 1043 sunt,
2532 981 2687 1050 quasi
2710 984 2940 1052 quodam
2971 985 3145 1054 freno,
3173 991 3426 1064 lacrymis

1871 1069 1927 1117 et
1985 1064 2261 1135 suspiriis,
2307 1074 2362 1121 et
2414 1067 2753 1135 obedientia,
2790 1073 2864 1129 'in
2910 1076 3150 1146 subjecta
3218 1093 3422 1151 mante,

1871 1166 2084 1208 omnem
2125 1156 2259 1211 iram
2305 1166 2362 1211 et
2413 1157 2647 1216 furorem
2678 1165 2946 1235 stringunt
2992 1177 3046 1223 et
3093 1169 3280 1242 ligant.
3318 1175 3423 1241 Qui

1872 1257 1998 1299 vero
2052 1254 2181 1299 sunt
2237 1248 2493 1317 perfecti,
2559 1251 2710 1306 licata
2771 1256 3215 1330 impassibilitate,
3265 1268 3426 1334 quasi

1871 1331 2046 1402 gladio
2075 1334 2293 1405 ancipiti
2338 1342 2529 1393 armati
2577 1350 2724 1404 sunt,
2761 1352 2815 1399 et
2853 1345 3054 1415 in’ipsa
3077 1331 3329 1407 occidunt
3368 1363 3425 1409 et

1870 1419 2184 1477 interimunt
2211 1438 2426 1480 omnem
2462 1427 2620 1494 iram,
2650 1438 2703 1485 et
2734 1429 2994 1501 furorem,
3023 1446 3077 1491 et
3108 1451 3324 1495 manent
3348 1442 3419 1497 ab

1868 1510 2082 1568 insidiis
2117 1515 2183 1570 de
2218 1516 2429 1588 reliquo
2469 1519 2645 1575 liberi.
2704 1520 2914 1577 Sancta
2938 1526 3143 1595 quidem
3175 1532 3417 1599 virtutes,

1866 1601 2032 1657 Iacob
2080 1607 2240 1662 scala:
2289 1622 2677 1678 comparantur,
2720 1624 2825 1670 etc.
2884 1617 3163 1690 Congrue,
3205 1634 3424 1696 propter

1866 1694 2257 1751 sublevativum
2285 1708 2338 1753 et
2368 1715 2584 1756 sursum
2609 1703 2786 1761 ferens
2813 1708 2879 1762 ad
2908 1711 3145 1766 coelestia
3170 1732 3185 1766 :
3219 1694 3423 1773 ma'litia

1864 1800 1993 1841 vero
2008 1800 2352 1859 comparatur
2371 1800 2594 1859 catenae,
2615 1809 2833 1866 propter
2854 1814 3016 1868 grave
3039 1812 3091 1857 et
3121 1805 3424 1874 impediens

1865 1892 2027 1934 omne
2057 1880 2279 1945 bonum,
2311 1891 2366 1938 et
2392 1884 2652 1952 vinciens,
2689 1897 2746 1943 et
2787 1888 3040 1947 deorsum
3084 1910 3336 1965 gravans,
3366 1910 3423 1955 et

1866 1970 2088 2025 trahens
2122 1972 2190 2026 ad
2218 1973 2554 2031 confusiores
2582 1992 2757 2034 mores
2788 1990 2844 2035 et
2863 1996 3023 2051 opera
3043 2022 3058 2045 ,
3081 1994 3147 2039 et'
3174 2002 3278 2040 una
3313 1985 3410 2044 ubi

1865 2077 1997 2118 ansa
2023 2066 2389 2142 coniungitur
2430 2068 2484 2122 in
2526 2076 2750 2135 catena,
2794 2074 2922 2142 quia
2960 2090 3026 2128 ex
3068 2092 3172 2131 una
3208 2080 3415 2137 malitia

1864 2141 2205 2240 contrahitur
2226 2158 2415 2214 altera.
2445 2159 2672 2217 Pulchre
2691 2141 2869 2219 autem
2897 2175 3103 2223 catenae
3122 2171 3335 2227 cadenti
3348 2163 3418 2241 ³⁸,

1865 2262 1899 2302 a
1934 2232 2094 2303 Petro
2142 2250 2506 2319 apostolorum
2534 2253 2769 2319 vertice,
2817 2256 3077 2315 malitiam
3122 2232 3419 2335 comparet,

1863 2338 1991 2409 quia
2034 2337 2127 2392 Dei
2162 2340 2334 2409 gratia
2363 2342 2521 2399 nobis
2561 2345 2820 2413 possibile
2840 2362 2981 2418 esse,
3012 2351 3284 2419 declarat,
3323 2373 3421 2427 per

1864 2429 2022 2485 ﬁdem
2048 2429 2340 2494 ferventem
2356 2432 2420 2487 'et
2438 2449 2619 2489 veram
2644 2438 3016 2506 penitentiam
3040 2442 3183 2515 (quae
3199 2447 3421 2517 signan-

1818 2594 1825 2605 ,
1862 2527 1953 2574 tur
1980 2519 2035 2575 in
2068 2520 2251 2592 Petro)
2298 2538 2416 2578 eam
2450 2539 2482 2579 a
2511 2526 2667 2582 nobis
2692 2527 2946 2598 abjicere,
2973 2542 3027 2587 et
3054 2535 3120 2589 ad
3150 2536 3411 2594 virtutum

1861 2611 2161 2667 libertatem
2199 2615 2395 2670 redire.
2432 2615 2527 2671 Est
2552 2619 2694 2673 istud
2721 2638 2917 2692 quoque
2937 2627 3281 2695 tenebrosum,
3307 2639 3413 2687 cte.

1863 2702 1995 2769 Hoc,
2027 2704 2240 2775 inquit,
2276 2707 2465 2762 vitium
2491 2712 2763 2782 praecipue
2789 2716 2941 2771 triste
2972 2728 3027 2772 et
3056 2723 3226 2791 magis
3266 2734 3418 2779 tene-

1860 2794 2081 2851 brosum
2137 2806 2255 2864 est,
2310 2808 2418 2854 tam
2471 2800 2612 2858 inter
2656 2805 2838 2861 omnia
2887 2808 3155 2879 gignentia
3201 2822 3257 2869 et
3305 2832 3415 2873 non

1860 2888 2135 2959 gignentia
2156 2931 2171 2953 ,
2196 2908 2361 2963 quam
2390 2895 2552 2954 etiam
2596 2900 2775 2969 genita
2800 2901 2949 2957 vitia.
2992 2903 3242 2978 Gignitur
3267 2913 3412 2967 enim

1861 2983 2120 3038 memoria
2150 2986 2372 3041 malitiae
2393 3029 2409 3055 ,
2443 2996 2510 3043 ex
2554 2987 2775 3048 furore:
2811 3009 2933 3050 nam
2966 3005 3143 3054 tumor
3164 3015 3287 3057 cum
3328 3006 3417 3059 fu-

1859 3088 2001 3141 rore,
2036 3075 2205 3145 ipsam
2234 3078 2423 3147 gignit,
2452 3080 2567 3150 ipsa
2591 3097 2720 3138 vero
2740 3088 2882 3154 parit
2905 3088 3133 3146 invidias
3158 3102 3212 3147 et
3238 3098 3413 3164 homi-
3444 3144 3449 3149 .

1859 3165 2040 3221 cidia:
2088 3182 2257 3234 quare
2304 3168 2433 3225 dicit
2477 3185 2622 3238 eam,
2670 3173 2790 3242 plus
2824 3177 3185 3247 gignentibus,
3210 3195 3268 3240 et
3303 3202 3409 3242 non

1857 3256 2218 3331 gignentibus,
2253 3271 2309 3315 et
2344 3263 2557 3333 genitis,
2600 3266 2799 3322 habere
2831 3270 3082 3327 tristitiae.

2229 3396 2237 3410 .
2328 3352 2454 3409 CAP.
2490 3355 2535 3409 Χ
2566 3357 2689 3427 (col.
2719 3358 2825 3413 846
2852 3358 2936 3432 C).

1929 3442 2191 3510 Quocirca
2212 3485 2227 3511 ,
2273 3456 2323 3501 et
2350 3457 2463 3514 post
2490 3464 2612 3503 suos
2636 3450 2882 3518 majores,
2909 3460 3015 3507 etc.
3054 3455 3409 3520 Detractionis

1856 3537 2225 3606 progenitores
2262 3550 2390 3593 sunt
2453 3541 2555 3594 ista
2601 3558 2615 3594 :
2666 3540 2856 3608 furor,
2899 3560 2965 3599 ex
3015 3546 3133 3615 ira;
3195 3564 3258 3604 ex
3298 3554 3410 3619 ira,

1858 3631 2090 3697 odium;
2144 3648 2206 3687 ex
2238 3633 2385 3696 odio,
2430 3620 2691 3692 memoria
2735 3640 2991 3707 malitias;
3039 3658 3106 3699 ex
3153 3652 3412 3704 memoria

1856 3725 2099 3788 malitiat,
2124 3728 2421 3795 detractio;
2451 3745 2516 3784 ex
2544 3731 2685 3795 istis,
2715 3732 2946 3800 invidia,
2972 3743 3026 3790 et
3078 3737 3157 3793 sic
3188 3741 3400 3797 tandem

1858 3817 2227 3875 homicidium.
2273 3820 2466 3875 Tenuis
2490 3822 2731 3892 languor,
2759 3833 2888 3891 etc.,
2923 3829 3080 3895 quia,
3111 3832 3265 3899 quasi
3287 3834 3409 3888 nul-

1856 3908 1966 3964 lum
1990 3909 2243 3965 delictum
2267 3950 2283 3975 ,
2313 3922 2532 3982 apparet
2560 3913 2898 3982 detrahenti,
2921 3916 3202 3981 detractio,
3224 3936 3411 3980 crassa

1855 4014 1983 4055 vero
2009 4002 2234 4099 gmnino
2258 4012 2361 4099 est,
2387 4010 2442 4057 et
2468 4003 2623 4099 quasi
2656 4003 2829 4063 latens
2857 4015 2913 4063 et
2942 4007 3254 4067 abscondita
3288 4015 3409 4069 ani.

1853 4106 1957 4146 ma:
1979 4091 2231 4161 pcrditio.
2264 4091 2434 4148 Sicuti
2453 4096 2693 4165 quadam
2717 4106 2839 4151 sunt
2863 4099 3284 4170 adolescentulis,
3300 4119 3405 4163 etc.

1853 4182 1974 4239 Istae
2016 4192 2182 4248 sunt,
2233 4186 2391 4257 gula,
2418 4187 2686 4256 ebrietas,
2735 4188 3041 4260 fornicatio,
3084 4200 3409 4267 scurrilitas,

1852 4290 1988 4331 vana
2026 4276 2218 4348 gloria.

2298 4392 2427 4447 CAP.
2461 4390 2528 4448 XI
2564 4396 2690 4459 (col.
2727 4395 2821 4451 85!
2860 4395 2946 4465 Β).

1926 4478 2151 4550 Speculo
2170 4483 2423 4539 hostium.
2467 4486 2605 4551 Quia
2628 4500 2734 4540 non
2762 4488 2938 4543 solum
2968 4491 3036 4546 ab
3061 4493 3402 4568 impugnata-

190 4568 427 4626 Summa
452 4575 618 4645 igitur
642 4581 916 4635 eductum
941 4595 1248 4651 serpentem,
1281 4597 1386 4643 etc.
1438 4591 1751 4661 Serpentem

1860 4571 2011 4627 ribus
2044 4574 2606 4641 custodit,silentium
2626 4575 2681 4629 in
2712 4578 2960 4644 scientia,
2986 4584 3078 4638 sed
3114 4604 3285 4657 neque
3310 4604 3411 4644 eos

188 4662 469 4733 appellat,
528 4668 663 4722 iram
705 4681 761 4725 et
806 4671 1081 4735 furorem,
1140 4688 1359 4764 propter
1401 4696 1496 4736 cor
1534 4684 1753 4753 durum,

192 4754 370 4811 letale
422 4764 475 4809 et
531 4757 869 4829 malignum:
908 4764 1123 4831 durum,
1154 4759 1281 4836 quia
1308 4767 1559 4833 furiosus,
1613 4792 1757 4833 nunc

193 4849 395 4913 istum,
419 4863 560 4904 nunc
589 4850 740 4905 illum
770 4856 982 4927 plagat,
1010 4860 1157 4929 quia,
1210 4861 1337 4928 dum
1381 4878 1444 4917 se
1490 4865 1620 4920 vitio
1659 4883 1756 4937 per

190 4955 529 4996 consensum
565 4951 621 4997 et
649 4958 786 5012 opus
817 4962 1040 5017 pravum
1072 4967 1287 5009 servum
1325 4956 1559 5022 exhibet,
1596 4974 1754 5015 occa—

190 5035 413 5089 sionem
454 5037 885 5094 conturbationis
928 5052 984 5096 et
1017 5046 1259 5102 scandali
1309 5050 1534 5121 singulis
1562 5054 1752 5111 diebus

191 5124 539 5195 (adversario
562 5131 902 5200 cooperante)
935 5135 1155 5204 reliquis
1196 5141 1414 5207 praebet.
1452 5140 1547 5197 Est
1568 5155 1749 5203 autem

190 5216 283 5269 ira
319 5219 495 5281 passio
531 5234 750 5286 vesana,
776 5224 1055 5279 scientiam
1085 5227 1342 5286 habentes
1373 5232 1642 5291 infatuans
1673 5238 1754 5291 fa-

186 5304 401 5367 ciliter,
432 5307 652 5368 feralem
692 5312 1026 5371 constituens
1050 5319 1309 5386 animam,
1347 5338 1396 5378 et
1430 5340 1643 5379 omnem
1672 5331 1752 5381 at-

185 5395 520 5455 fabililatern
549 5404 820 5461 declinare
844 5404 1047 5462 faciens
1067 5450 1082 5472 ,
1124 5420 1177 5464 et
1200 5428 1263 5466 ex
1300 5415 1399 5468 hoc
1427 5418 1542 5471 dira
1580 5418 1755 5477 letalis

178 5497 244 5545 et
271 5489 545 5559 maligna:
583 5512 744 5568 aqua
777 5509 1021 5557 movetur
1044 5515 1199 5557 vento
1224 5510 1557 5574 vehementi,
1582 5520 1635 5565 et
1662 5512 1747 5565 fn-

182 5582 382 5635 riosus
415 5587 768 5646 conturbatur
799 5607 827 5645 a
852 5593 1295 5661 cOgitation‘bus,
1327 5616 1446 5666 quae
1478 5588 1605 5656 sunt
1633 5606 1750 5659 sine

182 5670 502 5737 intellectu.
525 5674 783 5751 Caliginis
800 5684 1205 5753 evaporationes
1229 5686 1520 5747 obscurant
1547 5707 1745 5761 aerem,

181 5767 243 5816 et
276 5755 437 5812 furiae
450 5771 630 5818 motus
651 5778 884 5827 mentem
909 5772 1172 5839 iracundi,
1190 5776 1553 5837 obtenebravit
1582 5785 1748 5838 solem

266 5915 323 5961 ’θ’
359 5930 477 5985 Act.
512 5946 607 5993 ιιι,
651 5932 703 5989 7.

1856 4664 2289 4735 appropinquare
2309 4665 2459 4720 sinit.
2494 4664 2795 4721 Paucorum
2824 4686 3002 4727 revera
3025 4687 3123 4742 est,
3152 4689 3255 4733 etc.
3292 4679 3403 4734 ﬂa-

1856 4755 2004 4810 teriae
2047 4756 2396 4813 obstrictione
2439 4770 2471 4811 a
2495 4772 2600 4826 qua
2642 4760 2977 4829 prohibetur,
3016 4776 3070 4821 et
3111 4784 3204 4837 per
3229 4771 3402 4825 absti-

1853 4846 2122 4911 nentiam,
2167 4846 2347 4917 lingua
2378 4846 2611 4917 ligatur:
2635 4852 2781 4919 quod
2821 4855 2964 4909 enim
2996 4866 3078 4911 est
3103 4858 3255 4913 cibus
3276 4874 3401 4914 cor-

1852 4933 1970 5003 pori
2021 4935 2156 4989 bene
2183 4934 2396 4990 babenti
2416 4978 2432 5001 ,
2478 4937 2581 4992 hoc
2600 4948 2683 4993 est
2722 4943 2947 4997 tentatio
2968 4947 3149 4999 animo
3174 4947 3313 5001 virili
3344 4960 3402 5003 et

1853 5024 2017 5079 Deum
2041 5025 2300 5095 diligenti.
2335 5024 2540 5085 Ventus
2562 5032 2766 5102 aquilo,
2793 5043 3000 5105 segetes
3028 5036 3196 5090 nutrit
3223 5049 3278 5093 et
3307 5055 3397 5095 ra-

1848 5116 2029 5171 dicare
2075 5116 2235 5182 facit,
2286 5128 2341 5174 et
2392 5125 2718 5181 tentationes
2770 5128 2999 5197 probant
3039 5138 3093 5182 et
3142 5130 3402 5191 roborant

1849 5207 2009 5263 corda
2043 5206 2283 5261 virorum
2312 5223 2618 5267 sanctorum
2662 5225 2715 5269 et
2759 5218 2984 5270 animas.
3051 5214 3231 5275 Nubes
3278 5224 3398 5281 sine

1850 5313 1988 5369 aqua
2019 5297 2324 5370 eﬂ'ugantur
2349 5320 2379 5358 a
2403 5314 2581 5373 vento,
2613 5316 2669 5363 et
2687 5310 2767 5365 vir
2786 5308 3085 5378 linguosus,
3114 5311 3205 5368 Dei
3238 5314 3397 5386 justi-

1852 5392 1977 5445 tiam
2012 5405 2041 5444 a
2075 5406 2134 5445 se
2168 5397 2397 5463 rrpcllit.
3020 5390 3023 5393 ἰ

2485 5510 2611 5564 CAP.
2645 5509 2757 5564 ΧΠ.

1923 5595 2055 5660 Qui,
2087 5615 2203 5651 cum
2242 5602 2378 5667 jocis
2407 5602 2671 5670 otioseque
2700 5607 2925 5658 sermoni
2952 5642 2967 5670 ,
2998 5617 3100 5663 etc.
3141 5608 3394 5665 Scurrili-

1855 5696 1937 5744 tas
1986 5702 2065 5744 est
2103 5696 2485 5748 sermocinatio
2508 5694 2831 5763 joculatoria
2854 5743 2868 5764 ,
2890 5710 2943 5754 et
2972 5702 3138 5755 risum
3169 5701 3393 5771 iaciens,

1856 5778 2096 5852 inquam
2124 5786 2246 5855 quis
2283 5786 2621 5855 multiloquio
2654 5784 2971 5863 frequenter
3008 5793 3389 5864 praecipitatur.
