4032 6340
599 439 728 503 1227

1743 436 1802 494 S.
1843 433 2152 494 JUANNIS
2191 431 2702 491 RMTHUEN’SIS

595 551 752 604 dulce
779 546 933 601 nobis
962 543 1468 619 proponit‘dtcmoni
1503 542 1760 606 exterius,
1793 549 1851 596 ut
1875 544 2054 598 trahat
2081 543 2144 595 ad
2175 547 2217 600 Α
2249 557 2370 592 vera
2407 541 2699 605 confessio,
2741 555 2833 608 per
2859 540 3093 592 divinam
3127 540 3404 593 scneutiam
3451 553 3716 593 excessus
3757 540 3809 592 in

599 640 949 709 peccandum,
982 636 1184 706 peccati
1218 643 1424 689 reatum
1455 633 1566 687 fere
1613 633 1745 686 nihil
1789 650 1911 689 esse
1957 649 2147 702 suppo.

600 747 756 794 nens,
809 730 1082 797 Deumque
1123 727 1412 796 benignum
1465 733 1517 779 et
1573 725 1973 778 misericordem
2032 737 2148 777 esse

600 821 858 892 suggerit,
887 829 942 874 et
971 820 1184 874 asserit.
1220 817 1274 869 lu
1311 818 1410 870 hoc
1437 822 1521 871 est
1557 830 1684 870 vere
1721 815 1996 876 inimicus,
2023 814 2145 866 auia

601 911 950 973 intrinsecus,
975 909 1121 978 quod
1159 908 1362 962 malum
1393 914 1497 970 est,
1527 919 1582 959 et
1614 920 1858 958 amarum
1899 905 2052 972 (mor.-
2078 919 2148 957 rm

603 1000 806 1054 scilicet
829 1001 1074 1068 corporis
1105 1007 1160 1055 et
1191 995 1406 1064 aninue)
1435 996 1805 1050 fraudulentus
1830 995 2111 1048 abscondit
2135 1012 2147 1046 :

601 1106 762 1160 quam
793 1097 912 1158 post
939 1088 1170 1155 lapsum,
1210 1095 1268 1137 ut
1297 1086 1581 1152 desperare
1619 1098 1718 1137 nos
1747 1082 1931 1145 faciat,
1963 1083 2154 1136 adver-

600 1195 696 1236 sus
742 1195 844 1232 nos
892 1175 1202 1232 insultando
1235 1176 1546 1242 proclamat.
1591 1173 1734 1228 ultor
1782 1173 2025 1236 effectus,
2060 1172 2151 1241 qui

600 1269 775 1325 fuerat
787 1271 804 1337 (
812 1281 908 1322 nos
923 1264 1251 1333 seducendo)
1268 1265 1557 1332 proditorie
1572 1265 1842 1317 inimicus.
1859 1263 2007 1329 Sazpc
2018 1263 2152 1315 enim

599 1377 763 1429 parva
801 1372 1040 1420 munera,
1077 1365 1181 1409 etc.
1225 1355 1426 1408 Nolunt
1456 1355 1727 1407 daemones
1765 1353 1910 1418 quod
1955 1351 2155 1405 intelli-

601 1465 815 1522 gamus,
845 1462 1008 1517 quam
1056 1461 1298 1500 amarum
1339 1456 1423 1499 est
1453 1459 1678 1514 peccare
1697 1455 1751 1498 et
1782 1443 1948 1497 Deum
1982 1442 2156 1497 offen-

600 1543 748 1596 dere.
799 1538 1016 1593 Idcirco"
1053 1552 1176 1591 cum
1209 1550 1308 1591 nos
1344 1538 1575 1592 viderint
1610 1535 2046 1605 appropinquare
2088 1533 2156 1587 ad

603 1633 891 1703 aliqualem
918 1646 1138 1685 sensum
1171 1629 1392 1684 inﬁnita:
1419 1628 1796 1682 amaritudinis
1820 1626 2154 1688 abscondite,

605 1723 658 1774 in
693 1721 925 1790 peccatis
954 1719 1155 1775 nostris
1185 1728 1311 1773 tunc
1340 1720 1542 1771 instant
1571 1727 1621 1772 et
1648 1717 1833 1770 dicunt
1859 1733 1872 1768 :
1905 1715 2044 1780 Quid
2079 1724 2158 1768 te-

597 1815 783 1882 ipsum
818 1811 1056 1866 conteris
1085 1820 1139 1865 et
1185 1809 1475 1879 desperas?
1508 1823 1680 1879 neque
1723 1809 1866 1863 enim
1904 1808 2032 1870 tale,
2071 1806 2155 1860 vel

592 1905 711 1958 tale
737 1911 1013 1972 peccatum
1050 1903 1131 1967 (ut
1159 1901 1249 1956 alii
1277 1899 1516 1970 plurimi)
1545 1899 1887 1969 perpetrasti.
1911 1897 2156 1952 Oderunt

607 2008 841 2062 namque
882 1993 1155 2048 daemones
1199 1993 1448 2062 splritum
1497 1991 1862 2057 contritionis,
1915 2001 1968 2045 et
2007 1990 2158 2043 falsae

595 2083 719 2153 'spei
765 2082 1019 2152 gaudium
1069 2083 1120 2136 in
1167 2082 1324 2135 nobis
1367 2080 1636 2134 seminare
1684 2080 2048 2142 contendunt,
2099 2087 2160 2133 ut

606 2175 761 2229 aliter
804 2174 857 2228 in
901 2173 1058 2227 nobis
1107 2173 1358 2239 spiritum
1404 2160 1748 2226 contritionis
1791 2171 2157 2240 exstinguant.

607 2264 691 2321 Tu
730 2280 855 2320 vero
889 2279 997 2318 non
1035 2265 1254 2318 ohedias
1298 2263 1379 2317 eis
1404 2280 1418 2319 :
1448 2263 1597 2332 quia,
1646 2264 1788 2317 sicut
1817 2278 1978 2332 parva
2019 2264 2160 2317 dona

607 2358 840 2411 furorem
865 2354 1066 2424 iudicis
1095 2353 1403 2424 frequenter
1442 2353 1708 2424 mitigant,
1737 2356 1807 2408 ita
1847 2354 2163 2424 plerumque

607 2464 727 2516 qua.
754 2462 785 2500 a
827 2446 984 2500 nobis
1015 2455 1335 2516 repetantur
1365 2460 1530 2514 parva
1559 2445 1754 2499 delicta
1789 2446 1934 2512 (cum
1962 2443 2162 2500 fuerint

608 2537 806 2607 saepius
833 2537 1044 2605 iterata)
1073 2536 1234 2591 simul
1271 2546 1576 2606 aggregata,
1603 2537 1878 2592 Christum
1915 2546 2160 2591 nostrum

594 2627 1054 2698 benignissimum
1084 2627 1512 2698 judicem,juste
1551 2635 1742 2682 contra
1781 2643 1881 2682 nos
1927 2627 1981 2681 in
2017 2627 2164 2682 furo-

610 2733 723 2773 rem
771 2733 992 2790 surgere
1038 2719 1261 2772 faciunt.
1319 2717 1561 2790 Moyses,
1611 2735 1730 2772 cum
1788 2718 1949 2773 Deum
2000 2721 2164 2773 vidis-

609 2818 710 2872 ut,
752 2820 856 2863 etc.
911 2806 1136 2876 Signum
1179 2803 1609 2864 conversationis
1656 2809 1903 2878 perfectae
1951 2819 2006 2865 et
2057 2814 2166 2865 vir-

599 2911 804 2962 tuosar,
844 2909 927 2953 est
957 2899 1137 2951 videre
1167 2899 1342 2966 ignem
1371 2901 1424 2953 in
1465 2899 1599 2952 rubo
1623 2901 1702 2966 ¹⁷;
1738 2909 1819 2955 est
1843 2901 1986 2954 enim
2012 2902 2166 2956 inac-

611 2989 879 3044 cessibilis
903 2989 1104 3041 multis.
1134 2986 1238 3043 Sed
1274 2997 1400 3042 tunc
1423 2989 1576 3042 ardet
1601 2988 1742 3057 ignis
1775 2989 1828 3042 in
1857 2990 2015 3052 rubo,
2043 3006 2166 3045 cum

614 3079 932 3134 mortiﬁcata
974 3093 1104 3133 caro
1151 3080 1352 3148 pariter
1397 3088 1447 3132 et
1486 3079 1756 3143 voluntas,
1797 3095 1857 3134 ea
1886 3096 2006 3149 qua:
2043 3091 2170 3136 sunt

2253 634 2444 694 ticum;
2479 648 2540 684 ex
2571 648 2677 700 quo
2704 632 2902 684 oblivio
2933 632 3161 701 propria:
3197 641 3403 685 naturae
3434 631 3491 684 lit
3531 631 3586 685 in
3615 646 3682 684 eo
3712 632 3808 699 qui

2248 724 2547 778 secundum
2581 723 2897 792 Prophetam
2921 720 2984 786 ",
3027 723 3362 778 obliviscitur
3390 721 3678 776 comedere
3717 738 3813 792 pa-

2251 826 2372 864 nem
2400 829 2579 868 suum.
2618 815 2712 870 Sta
2745 817 2798 867 in
2835 809 3084 868 orationis
3105 831 3272 883 prece,
3300 825 3404 869 etc.
3438 813 3812 878 Quemadmo-

2250 903 2377 956 dum
2394 902 2536 955 fcrro
2553 904 2744 970 ligatus
2763 922 2980 960 currere
3003 923 3106 960 non
3125 906 3284 970 valet,
3303 907 3374 959 ita
3390 917 3443 959 et
3464 921 3638 969 mens,
3662 904 3817 958 vitiis

2252 995 2518 1058 Serv-iens,
2546 995 2808 1048 orationis
2845 998 3140 1062 spiritualis
3171 999 3347 1052 locum
3368 998 3551 1052 videre
3575 1013 3682 1051 non
3718 1012 3817 1066 po-

2253 1093 2381 1138 test.
2407 1085 2539 1138 Nam
2570 1085 2662 1154 qui
2686 1100 2808 1139 cum
2825 1086 2968 1138 vitiis
3000 1091 3294 1143 orationem
3315 1089 3536 1158 exsequi
3557 1097 3814 1148 conatur,

2253 1190 2282 1226 a
2307 1175 2518 1230 vitiosis
2535 1175 2959 1244 cogitationibus
2979 1188 3031 1230 et
3045 1177 3426 1234 seducentibus
3450 1179 3819 1232 intellectibus

2253 1268 2577 1333 captivatur.
2619 1265 2880 1336 Legitime
2911 1282 3040 1336 ergo
3076 1283 3256 1338 pugna
3298 1279 3484 1324 contra
3517 1270 3818 1326 immundi-

2256 1358 2362 1411 tias
2384 1399 2398 1423 ,
2430 1369 2487 1411 ut
2514 1374 2608 1428 per
2631 1360 2973 1424 munditiam,
2995 1359 3291 1413 orationem
3320 1360 3578 1414 invenias.
3606 1361 3672 1415 Et
3714 1363 3820 1414 hoc

2256 1452 2432 1504 scribe
2466 1452 2519 1504 in
2554 1453 2717 1506 corde
2738 1463 2853 1516 tuo,
2888 1453 3144 1522 quoniam
3184 1469 3336 1510 amor
3366 1453 3741 1508 delectationis
3766 1465 3822 1506 et

2258 1542 2460 1610 requiei
2514 1552 2599 1598 est
2642 1559 2808 1598 causa
2863 1545 3220 1613 separationis
3271 1561 3302 1598 a
3335 1543 3464 1600 Deo.
3529 1543 3637 1599 Cor
3669 1546 3819 1600 enim

2258 1629 2400 1696 quod
2441 1631 2540 1682 ista
2575 1640 2738 1694 amat,
2769 1640 2851 1684 est
2879 1640 3140 1684 creatura:
3172 1631 3566 1701 sterquilinium
3601 1640 3657 1685 et
3693 1646 3825 1685 sen-

2259 1717 2391 1770 tina.
2410 1715 2563 1770 ‘Nam
2609 1717 2913 1776 amaritudo
2939 1733 3057 1786 qua:
3079 1719 3395 1773 abscondita
3424 1731 3505 1772 est
3536 1720 3587 1771 in
3611 1719 3826 1774 eisdem

2259 1803 2699 1862 delectatimiihus
2747 1818 2799 1862 et
2853 1809 3068 1878 quiete,
3127 1810 3182 1862 in
3237 1819 3474 1880 tempore
3514 1810 3690 1865 exitus
3737 1812 3828 1864 in-

2258 1893 2456 1948 utiliter
2479 1896 2757 1952 sentietur.
2797 1896 2905 1951 Cor
2930 1913 3058 1952 vero
3094 1899 3322 1969 diligens
3357 1900 3592 1966 labores,
3623 1911 3828 1954 contu-

2256 1983 2468 2049 melias,
2488 1994 2540 2039 et
2567 1987 2801 2050 dolores,
2833 1997 2985 2056 porta
3013 1997 3194 2056 aperta
3223 1999 3327 2053 est,
3357 2004 3463 2059 qua
3494 1990 3549 2043 in
3578 2000 3830 2058 tempore

2256 2075 2432 2128 exitus
2457 2089 2654 2144 pascua
2685 2077 2938 2132 inveniet.
2991 2076 3138 2131 Sicut
3167 2091 3433 2145 creatura,
3472 2091 3577 2135 etc.
3628 2079 3735 2136 Per
3763 2097 3828 2136 se

2257 2173 2472 2229 motus,
2525 2175 2580 2222 et
2625 2180 2839 2234 semper
2889 2174 3068 2220 motus
3106 2175 3188 2222 est
3235 2169 3415 2222 divina
3460 2170 3826 2238 providentia,

2261 2253 2509 2307 attentio
2549 2263 2762 2320 motus,
2802 2264 2857 2308 et
2908 2255 3134 2310 faciliter
3159 2267 3336 2313 motus
3363 2267 3444 2312 est
3485 2260 3742 2314 alteratio
3773 2272 3833 2315 et

2263 2353 2440 2396 motus
2466 2352 2745 2408 creatum,
2770 2343 2862 2412 qui
2891 2359 2997 2397 non
3029 2360 3240 2413 semper
3264 2355 3346 2401 est
3371 2359 3572 2402 metus.
3613 2348 3832 2404 Dicitur

2262 2443 2439 2487 autem
2469 2433 2812 2504 compunctio
2849 2435 3031 2490 cordis
3059 2452 3123 2489 ex
3154 2435 3246 2490 Dei
3277 2440 3444 2506 gratia
3472 2442 3828 2507 proveniens,

2264 2526 2509 2580 alteratio
2542 2537 2745 2592 motus,
2788 2527 2855 2581 ad
2903 2528 3255 2583 differentiam
3292 2532 3731 2601 compunctionis
3759 2550 3830 2588 ex

2263 2616 2442 2670 studio
2479 2616 2713 2671 humano
2746 2616 3100 2684 advenientis,
3133 2635 3252 2688 qua:
3282 2630 3368 2676 cst
3405 2637 3500 2690 per
3533 2638 3592 2677 se
3621 2632 3830 2681 motus.

2266 2706 2564 2760 "lustratio
2589 2707 2699 2774 (18)
2732 2708 3018 2777 ine/rabilis
3044 2717 3121 2762 est
3175 2710 3415 2780 (μαινάδα
3441 2712 3693 2780 clﬁcacia,
3717 2723 3830 2770 etc.

2266 2794 2382 2849 Non
2425 2809 2520 2864 per
2559 2798 2763 2860 luctum
2808 2805 3050 2860 tantum,
3094 2796 3188 2851 sed
3235 2799 3547 2867 patientiam
3595 2802 3832 2857 tribula-

2267 2886 2476 2940 tionum
2500 2895 2554 2940 ct
2581 2887 2938 2940 tentationum
2970 2885 3230 2956 probatur
3251 2904 3440 2946 servus
3468 2892 3559 2948 Dei
3589 2911 3604 2948 :
3643 2903 3833 2964 ct-per

2267 2991 2452 3029 veram
2489 2976 2961 3030 mortificationem
2997 2980 3239 3034 omnium
3280 2993 3536 3037 sensuum
3582 2987 3835 3054 corporis

2268 3075 2323 3119 et
2349 3066 2563 3130 animae,
2599 3067 2890 3122 mundatur
2912 3057 2979 3124 ab
3011 3068 3418 3140 inquinamento
3439 3074 3698 3130 vitiorum
3725 3093 3742 3129 :
3777 3086 3834 3132 et

608 3171 852 3240 spiritus,
893 3169 1134 3224 sentiunt
1175 3179 1228 3223 et
1269 3168 1518 3240 diligunt.
1562 3169 1667 3224 Sed
1711 3171 2027 3241 plerumque
2064 3174 2163 3226 hu—

2269 3168 2364 3222 per
2391 3153 2891 3223 contemplationem
2933 3163 2987 3209 et
3032 3159 3427 3226 susceptionem
3466 3160 3698 3215 altarum
3731 3162 3830 3218 Dei

611 3275 770 3314 mana
800 3259 1062 3329 fragilitas
1091 3260 1387 3329 prolabitur
1419 3261 1488 3316 ab
1527 3261 1811 3316 altitudine
1842 3263 2086 3332 spiritus,
2115 3274 2170 3318 et

601 3351 919 3406 succumbit
960 3353 1010 3404 in
1046 3351 1264 3420 pugnis.
1293 3350 1394 3407 Sed
1438 3352 1673 3421 nunquid
1699 3355 1788 3422 qui
1833 3355 2031 3407 corruit
2067 3371 2170 3409 non

523 3475 539 3486 .
614 3440 867 3508 adjicict.’
897 3439 1022 3503 Sed,
1066 3449 1127 3494 ut
1155 3440 1318 3494 David
1363 3450 1418 3494 et
1458 3439 1676 3506 Petrus,
1707 3451 1931 3496 conetur
1959 3454 2020 3498 ut
2060 3459 2168 3498 non

615 3530 791 3583 solum
841 3538 1106 3596 resurgat,
1160 3529 1254 3582 sed
1301 3529 1492 3582 altiora
1531 3532 1880 3584 conscendat.
1925 3532 2171 3588 Ostendit

617 3617 788 3684 igitur
819 3615 1000 3678 Pater,
1041 3617 1289 3686 exemplo
1329 3616 1497 3686 Moysi
1534 3617 1709 3672 etlob
1753 3635 1876 3674 esse
1917 3623 2172 3688 possibile

617 3713 740 3774 post
782 3704 1022 3772 lapsum,
1089 3703 1251 3754 etiam
1304 3703 1369 3756 ad
1416 3705 1899 3772 impassihilitatem
1961 3710 2170 3773 redire,

603 3795 772 3862 cujus
807 3796 921 3862 spei
958 3794 1232 3856 ﬁduciam,
1268 3793 1518 3848 diabolus
1559 3810 1654 3863 per
1701 3797 2082 3867 negligentiam
2119 3809 2172 3854 et

608 3885 780 3938 otium
835 3883 1164 3951 colaphizat,
1218 3883 1347 3935 dum
1398 3883 1450 3935 iu
1492 3883 1649 3937 nobis
1686 3900 1846 3951 opera
1894 3889 2008 3952 (per
2053 3904 2173 3957 quae

611 3969 1020 4038 impassibilitas
1054 3968 1366 4039 percipitur)
1385 3971 1677 4039 explantat.
1707 3975 1948 4039 Attende,
1969 3991 2170 4042 guwso,

610 4059 938 4129 diligentius,
961 4071 1091 4122 etc.,
1131 4061 1341 4115 scilicet
1388 4063 1562 4117 oculis
1610 4066 1806 4118 mentis
1837 4076 1890 4119 et
1927 4067 2169 4135 spiritus,

614 4152 738 4218 quia
781 4151 1016 4204 sensuali
1059 4151 1416 4207 delectatione
1463 4155 1670 4209 seducti
1713 4157 2036 4222 erravimus,
2074 4161 2169 4214 sed

613 4238 701 4291 via
733 4238 963 4291 breviori
1008 4252 1108 4292 nos
1153 4241 1349 4294 reverti
1389 4253 1632 4310 oportet:
1666 4245 1912 4300 videlicet
1942 4263 2034 4315 per
2067 4250 2170 4301 hu-

617 4329 744 4380 mile
773 4341 983 4393 sapere,
1018 4337 1072 4380 et
1103 4343 1195 4396 per
1245 4330 1445 4386 humile
1486 4335 1730 4400 verbum,
1769 4346 1824 4389 et
1851 4351 1948 4389 cor
1972 4337 2174 4390 contria

617 4429 754 4482 tum,
783 4425 838 4470 et
873 4419 1138 4471 sinceram
1180 4420 1576 4478 confessionem
1617 4434 1672 4478 et
1714 4427 1995 4494 integram.
2027 4426 2186 4494 Quo:

2270 3243 2720 3298 iiluminationum
2743 3287 2758 3309 ,
2801 3245 3071 3314 perfectus
3103 3245 3348 3302 efﬁcitur.
3390 3248 3656 3304 Dominus
3679 3253 3832 3307 enim

2268 3351 2331 3388 ea:
2358 3335 2490 3389 Sina
2527 3337 2660 3389 venit
2692 3353 2710 3388 :
2757 3337 2809 3390 id
2839 3347 2923 3392 est
2944 3380 2958 3402 ,
2995 3355 3061 3392 ex
3091 3339 3481 3395 tentationibus
3507 3335 3568 3395 et
3599 3342 3833 3397 tribula-

2269 3427 2502 3482 tionibus
2527 3445 2541 3492 ;
2583 3439 2631 3481 et
2660 3428 2837 3481 illuxit
2868 3429 3016 3481 nobis
3040 3444 3104 3481 ea:
3128 3427 3266 3492 Scir,
3307 3429 3411 3484 hoc
3433 3440 3534 3494 est,
3570 3447 3834 3502 cupera-

2270 3516 2409 3571 libus
2439 3517 2714 3570 laboribus
2749 3526 2802 3570 et
2831 3517 3114 3572 doloribus
3141 3535 3156 3583 ;
3190 3528 3238 3571 et
3272 3521 3517 3586 requievit
3561 3537 3628 3587 ca:
3657 3534 3836 3578 mante

2272 3606 2486 3659 Pltaran
2511 3623 2630 3658 cum
2655 3606 2887 3659 millibus
2937 3605 3127 3672 Gades,
3167 3609 3220 3662 id
3249 3619 3353 3672 est,
3375 3626 3442 3663 ex
3468 3621 3651 3667 monte
3680 3613 3832 3678 ﬁdei,

2271 3709 2394 3746 cum
2420 3693 2648 3747 infinitis
2668 3705 2981 3747 sanctorum
3003 3692 3264 3748 scientiis.
3298 3692 3432 3748 Sunt
3457 3699 3695 3752 materia!
3714 3715 3837 3768 qua

2271 3787 2440 3852 {antes
2469 3795 2696 3849 nostros,
2732 3795 2837 3840 etc.
2895 3784 3046 3841 Sicut
3082 3787 3309 3853 delicias,
3359 3789 3516 3858 gulte,
3553 3806 3838 3849 comessa-

2273 3879 2468 3940 tiones,
2492 3878 2677 3932 vinum
2700 3918 2714 3941 ,
2762 3877 3040 3942 mulieres,
3067 3878 3386 3935 deliciarum
3411 3897 3564 3949 usus,
3589 3896 3645 3939 et
3674 3900 3836 3942 amor

2271 3967 2448 4021 omnis
2484 3967 2854 4022 sensualitatis
2881 3977 2934 4021 et
2966 3969 3320 4036 carnalitatis,
3348 3985 3471 4042 qua
3499 3973 3682 4029 omnia
3717 3990 3833 4031 non

2273 4057 2448 4110 solum
2479 4058 3009 4141 siccantiacrymas,
3030 4060 3123 4115 sed
3151 4063 3512 4124 exterminant
3545 4079 3706 4121 omne
3733 4067 3836 4124 ho-

2271 4165 2422 4203 num.
2448 4148 2594 4220 Fuge
2649 4151 2828 4220 igitur,
2876 4151 3021 4222 fuge,
3048 4153 3140 4224 qui
3172 4153 3456 4225 religiosus
3475 4155 3555 4218 es.
3582 4158 3832 4225 delicias,

2271 4240 2478 4305 vinum,
2504 4252 2556 4293 et
2582 4242 2853 4307 mulieres,
2880 4231 3002 4312 quin
3033 4244 3130 4298 tibi
3169 4253 3492 4301 sunt'causa
3523 4250 3749 4316 peccati,
3778 4257 3836 4304 et

2273 4341 2578 4398 apostatare
2608 4331 2812 4400 faciunt
2837 4328 3096 4402 sapientes
3123 4335 3190 4387 ”.
3239 4332 3374 4389 Nam
3401 4345 3456 4390 et
3499 4337 3678 4406 justus
3705 4337 3832 4403 Lot,

2274 4423 2406 4484 Noe.
2432 4413 2639 4488 David,
2667 4434 2720 4479 et
2753 4424 3004 4482 Salomon
3025 4465 3042 4493 ,
3071 4441 3163 4496 per
3194 4428 3299 4487 ista
3321 4431 3656 4499 praevaricati
3678 4443 3830 4489 sunt.

616 4512 760 4564 niam
795 4510 848 4561 in
903 4509 1138 4562 humidis
1171 4511 1350 4579 lignis,
1403 4512 1687 4568 dilliciliter
1731 4515 1873 4584 ignis
1917 4517 2169 4570 accendi-
2202 4521 2245 4574 D
2276 4512 2414 4565 Sunt
2437 4521 2490 4566 ει
2518 4514 2636 4568 alia:
2663 4517 2919 4580 ῐητιιθτὶίε.
2949 4517 3092 4571 Sicut
3113 4534 3269 4580 amor
3296 4521 3627 4592 principatus
3644 4532 3697 4577 ct
3726 4523 3834 4578 ho-

616 4613 724 4656 tur.
761 4601 980 4654 l’enitus
1029 4599 1081 4652 in
1129 4601 1293 4654 corde
1347 4613 1560 4656 amante
1593 4605 1824 4671 quietem
1859 4616 1914 4659 et
1949 4606 2175 4660 delecta-

616 4695 814 4756 tiones,
865 4691 1005 4759 ignis
1045 4691 1268 4759 spiritus
1308 4705 1413 4744 non
1459 4693 1713 4758 ardebit,
1761 4695 1852 4748 sed
1894 4695 1949 4748 in
1994 4696 2173 4750 anima

613 4781 844 4835 contrita
869 4789 922 4834 et
957 4779 1264 4845 humiliata,
1288 4795 1408 4848 quae
1439 4781 1651 4835 labores
1679 4792 1732 4836 et
1760 4783 1981 4838 delicias
2003 4795 2174 4854 putat.

618 4870 806 4924 Luctus
832 4882 909 4924 est
960 4872 1207 4924 stimulus
1246 4872 1430 4935 animi,
1476 4889 1686 4927 aureus.
1743 4873 1855 4930 Iloc
1885 4877 2078 4930 dicitur
2110 4878 2174 4930 ad

618 4959 971 5014 differentiam
994 4962 1198 5016 stimuli
1238 4961 1399 5015 ferrei
1427 4962 1521 5031 qui
1557 4965 1744 5031 pungit
1775 4975 1984 5017 terrena
2011 4977 2062 5017 et
2095 4968 2172 5018 vi-

625 5047 759 5102 tiosa
781 5051 1062 5120 diligentes
1098 5069 1190 5121 per
1223 5053 1492 5108 tristitiam
1529 5056 1740 5118 mortis,
1774 5066 1824 5107 et
1852 5061 1936 5109 est
1966 5071 2172 5110 veneno

618 5139 898 5194 mortifero
925 5143 1134 5210 plenus.
1171 5147 1383 5200 Aureus
1420 5161 1547 5201 vero
1586 5146 1858 5209 stimulus,
1891 5157 2074 5201 sancta
2119 5157 2172 5201 et

617 5226 919 5282 laetiﬁcaute
964 5233 1204 5296 tristitia,
1244 5247 1297 5292 et
1339 5237 1601 5293 charitate
1638 5239 1821 5293 divina
1852 5240 2059 5309 pungit,
2104 5241 2169 5291 ad

616 5316 855 5382 caelestia
897 5332 1113 5374 sursum
1140 5321 1318 5377 ferens
1365 5341 1460 5380 eos
1503 5329 1597 5395 qui
1630 5328 1855 5383 virtutes
1887 5328 2089 5383 Christi
2119 5337 2171 5382 et

617 5409 866 5462 mandata
892 5408 1144 5478 diligunt,
1175 5421 1230 5465 et
1263 5414 1486 5470 fideliter
1513 5418 1682 5486 ipsius
1728 5421 1979 5474 mandata
2012 5420 2168 5489 perfi-

614 5501 782 5565 ciunt,
827 5499 1099 5566 Canfcssio
1143 5505 1423 5560 estoblivio
1467 5518 1691 5573 natura,
1737 5521 1842 5566 etc.
1873 5512 1963 5566 Est
1988 5523 2166 5566 autem

616 5673 659 5705 ’τ
713 5675 876 5733 Exod.
937 5696 1020 5744 ιιι,
1060 5640 1129 5734 ’2.
1208 5681 1250 5711 ³⁸
1292 5679 1432 5738 Psal.
1478 5699 1548 5747 CI,
1590 5685 1640 5740 5.
1719 5692 1759 5721 "
1794 5691 1954 5750 Eccli.
1985 5712 2092 5758 XIX,
2118 5696 2170 5750 2.

681 5813 791 5883 (l8)
819 5813 980 5870 Vetus
1009 5818 1294 5885 interpres,
1321 5815 1648 5872 illuminatio.

2271 4604 2441 4665 noris,
2479 4613 2528 4657 et
2579 4606 2906 4661 desiderium
2956 4609 3148 4674 laudis,
3178 4613 3423 4668 nominis
3469 4615 3730 4681 scientia,
3773 4625 3837 4670 et

2271 4693 2590 4760 sanctitatis,
2626 4711 2747 4764 quae
2776 4712 3003 4753 vacuum
3037 4716 3224 4771 sapere
3278 4704 3330 4757 in
3385 4707 3690 4776 superbiam
3726 4723 3833 4762 ex-

2273 4781 2502 4845 tollunt,
2545 4792 2600 4836 et
2645 4785 2710 4837 ab
2740 4787 2886 4839 onmi
2921 4788 3114 4843 virtute
3165 4790 3426 4848 radicitus
3472 4795 3742 4860 evellant,
3776 4804 3834 4851 et

2270 4869 2522 4924 deorsum
2549 4872 2613 4927 ad
2656 4873 2861 4929 inferna
2893 4878 3215 4948 projiciunt,
3239 4898 3335 4952 per
3356 4899 3477 4951 qua:
3496 4892 3552 4938 et
3579 4882 3833 4941 diabolus

2280 4961 2384 5014 ruit
2414 4981 2428 5014 :
2468 4961 2533 5015 Ut
2557 4966 2808 5020 virtutum
2840 4973 3108 5038 materias,
3142 4974 3659 5027 incurias-vitiarunt
3688 4976 3832 5046 (i9),

2276 5066 2379 5110 etc.
2438 5058 2634 5116 Matres
2669 5063 2960 5130 virtutum,
2991 5078 3120 5120 sunt
3189 5066 3504 5136 prudentia,
3542 5063 3831 5135 fortitudo,

2278 5154 2649 5218 temperantia,
2689 5156 2918 5222 justitia,
2951 5174 3086 5228 quas
3120 5157 3417 5212 adversarii
3462 5157 3717 5213 dit-untur
3749 5163 3832 5216 cf-

2276 5239 2360 5293 fici
2393 5245 2802 5301 occasionaliter
2833 5259 3031 5302 matres
3059 5249 3387 5301 malitiarum
3409 5288 3424 5310 ,
3456 5264 3559 5302 non
3592 5265 3830 5307 conver-

2275 5331 2445 5399 sione,
2478 5337 2573 5390 sed
2615 5340 2819 5406 abusu,
2863 5342 2957 5410 qui
3005 5348 3090 5394 est
3126 5354 3249 5392 vere
3288 5353 3449 5395 casus
3489 5341 3558 5396 ab
3593 5343 3828 5401 eisdem.

2275 5420 2414 5478 Sane
2447 5426 2721 5486 nimietate
2747 5440 2802 5486 et
2830 5431 3158 5493 deficientia,
3189 5445 3218 5483 a
3249 5431 3508 5487 virtutum
3531 5434 3709 5490 medio
3742 5454 3830 5494 re-

2272 5514 2545 5574 cedimus:
2579 5506 2738 5587 sieut,
2767 5538 2797 5575 a
2827 5521 3132 5591 prudentia,
3170 5534 3268 5587 per
3299 5525 3588 5582 versutiam
3609 5538 3661 5582 et
3687 5528 3831 5584 insi-

2348 5835 2458 5900 {l9i
2500 5835 2659 5888 Vetus
2694 5835 2978 5900 interpres,
3009 5843 3217 5891 matres.
