4032 6340
176 489 310 554 1229

1332 492 1648 555 SCHOLIA
1688 493 1767 553 IN
1797 493 2202 554 CLIMACUM.

3230 491 3367 555 1230

170 601 425 673 pientiam
455 619 471 657 :
511 598 847 665 fortitudine,
880 616 975 671 per
1004 603 1356 658 temeritatem
1382 615 1435 659 ct
1470 606 1716 660 formidi-
1743 614 1787 667 Α
1818 605 1991 658 nubes
2035 605 2286 658 deorsum
2330 615 2554 657 currens
2592 610 2647 658 et
2700 611 2931 657 mentem
2965 614 3219 673 cogitatio
3245 608 3367 662 vin-

172 710 297 749 nem
323 711 340 762 ;
385 708 415 748 a
441 692 812 763 temperantia,
848 709 943 764 per
966 694 1413 750 incontinentiam
1440 706 1494 751 et
1516 698 1715 751 severi-

172 795 337 842 tatem
363 803 379 851 ;
434 802 465 840 a
506 785 753 855 justitia,
795 801 888 855 per
919 786 1200 841 avaritiam
1226 798 1278 841 et
1310 778 1596 843 falsitatem
1617 827 1633 851 ,
1663 795 1717 841 et

172 891 269 947 per
294 878 467 931 zelum
495 878 589 932 irae
614 875 915 941 fervidum,
945 886 1000 931 et
1052 876 1245 932 falsam
1286 878 1556 945 pietatem.
1608 876 1716 931 Do-

171 977 322 1023 ceant
365 976 415 1021 te
455 967 571 1030 hoc,
615 964 773 1022 Iesus
797 1007 813 1033 ,
858 978 967 1023 etc.
1031 966 1193 1030 Elias,
1229 977 1283 1021 et
1307 966 1564 1032 Joannes,
1591 978 1719 1025 sunt

171 1057 419 1130 perfecta:
434 1073 689 1115 conversa
697 1060 859 1114 tionis
879 1068 1036 1127 typus
1049 1066 1102 1113 et
1123 1056 1314 1115 forma.
1342 1057 1445 1127 Qui
1472 1074 1716 1115 seorsum

169 1163 410 1213 orantes.
436 1160 492 1207 et
523 1167 554 1206 a
581 1151 781 1206 mundo
807 1150 1051 1206 solitaria
1083 1151 1221 1218 loca,
1240 1160 1295 1207 et
1321 1167 1352 1207 a
1382 1152 1717 1227 saecularium

171 1243 498 1299 tumultibus
547 1248 823 1311 segregata
866 1252 1174 1310 quaerentes
1203 1251 1259 1298 et
1291 1244 1538 1299 colentes
1561 1285 1577 1310 ,
1622 1245 1718 1300 do-

170 1342 402 1389 cuerunt
437 1329 781 1401 perfectionis
806 1341 1095 1398 amatores,
1122 1333 1299 1387 locum
1328 1345 1379 1387 et
1405 1335 1620 1389 modum
1650 1335 1718 1390 ad

169 1424 428 1480 virtutum
457 1422 719 1487 studium,
749 1422 943 1492 pariter
960 1424 1161 1493 Optima
1186 1433 1239 1479 et
1262 1425 1558 1481 necessaria
1584 1425 1717 1481 fore.

169 1517 240 1575 Et
272 1518 623 1574 ostenderunt
660 1518 935 1591 quomodo
967 1504 1140 1574 locus
1165 1521 1325 1575 modo
1365 1518 1600 1586 perfecte
1639 1521 1722 1576 vi—

166 1609 333 1666 vendi
384 1608 836 1679 pulchritudinem
871 1610 963 1665 dat
993 1596 1047 1665 et
1094 1608 1341 1666 formam.
1393 1610 1571 1678 Quare
1611 1628 1720 1667 non

168 1700 369 1756 modus
401 1700 573 1756 solum
607 1700 771 1767 (sicut
802 1702 1019 1771 quidam
1054 1702 1371 1771 simpliciter
1396 1714 1450 1756 et
1475 1703 1614 1758 male
1635 1703 1721 1759 di-

168 1796 335 1859 cunt)
356 1832 373 1856 ,
404 1791 497 1846 sed
527 1800 581 1845 et
625 1791 806 1856 locus,
860 1793 926 1846 ad
961 1792 1178 1849 virtutis
1211 1792 1577 1863 operationem
1628 1809 1723 1849 ue-

168 1881 447 1937 eessarius
476 1891 592 1947 est,
631 1881 723 1951 qui
768 1883 1001 1935 maxime
1029 1882 1239 1938 confert
1265 1884 1513 1938 solatium
1536 1892 1591 1937 et
1631 1884 1721 1955 ju-

170 1989 365 2028 vamen
417 1972 797 2043 perfectionem
836 1976 1221 2044 quaarentihus.
1266 1973 1421 2031 Unde
1457 1985 1511 2031 et
1540 1987 1723 2033 noster

170 2067 518 2122 adversarius
566 2066 715 2136 (dicit
776 2066 878 2123 iste
922 2062 1082 2123 Pater
1126 2071 1366 2138 sanctus)
1409 2070 1726 2141 plerumque

170 2168 357 2215 movet
398 2160 464 2214 ad
509 2159 776 2231 lacrymas
804 2176 991 2217 servos
1017 2160 1107 2216 Dei
1128 2202 1156 2226 ,.
1176 2176 1242 2217 ex
1270 2162 1452 2234 aliqua
1475 2178 1641 2219 causa
1670 2164 1725 2220 in

170 2252 551 2309 civitatibuset
577 2252 716 2308 inter
740 2253 1001 2309 tumultus
1023 2254 1301 2309 hominum
1324 2267 1726 2325 conversantes,

172 2355 237 2401 ut
267 2360 362 2401 eos
385 2345 566 2400 taliter
590 2345 851 2416 decipiat,
878 2355 931 2401 et
962 2348 1163 2403 mundo
1185 2349 1619 2420 appropinquare
1646 2350 1728 2405 fa-

172 2437 311 2503 ciat,
358 2454 441 2503 ac,
470 2440 688 2506 cultae,
718 2440 1006 2494 verborum
1034 2447 1090 2494 et
1120 2440 1644 2507 conversationibus,
1676 2450 1731 2497 et

172 2528 434 2601 operibus
469 2529 838 2598 inquinentur.

607 2641 735 2699 CAP.
766 2638 877 2695 VIII
910 2641 1031 2713 (col.
1070 2638 1172 2696 827
1202 2640 1287 2721 C).

246 2756 356 2814 Ira
383 2757 639 2821 vacuitas,
660 2766 736 2810 est
774 2766 978 2810 natura
1006 2759 1291 2821 superatio.
1326 2754 1544 2813 Naturae
1562 2758 1731 2815 victo-

173 2847 243 2903 ri'
286 2860 317 2897 τι
345 2846 495 2911 dicit,
518 2846 676 2901 irazet
694 2844 895 2900 furoris
922 2846 1284 2901 omnimodam
1316 2848 1728 2917 depositionem,

173 2956 200 2995 ε
266 2988 279 2993 -
299 2939 701 3009 Λιαυρίεεοηῑὶω
723 2941 1185 2994 mortificationem
1210 2960 1223 2994 :
1255 2945 1570 2998 naturaliter
1584 2944 1730 2999 enim

175 3032 382 3089 habent
411 3032 679 3097 homines,
708 3032 870 3088 irasci
895 3043 949 3087 et
977 3034 1379 3103 concupiscere.
1419 3033 1726 3102 Iracundia,

175 3135 257 3181 est
290 3126 466 3180 subita
486 3124 656 3181 cordis
679 3127 1129 3192 excandescentia,
1157 3137 1261 3183 etc.
1295 3127 1376 3184 ira
1402 3138 1482 3185 est
1505 3146 1731 3187 manens

177 3217 424 3284 tristitia,
443 3228 497 3273 et
534 3233 885 3288 perseverans
910 3220 1143 3289 impetus
1168 3221 1235 3276 ad
1262 3221 1570 3277 vindictam.
1611 3220 1728 3287 Vel,

179 3311 287 3376 ira,
310 3320 392 3365 est
423 3310 695 3364 babituata
724 3311 945 3365 malitiae
981 3312 1264 3379 memoria,
1292 3328 1413 3365 cum
1445 3314 1569 3367 odio
1599 3329 1730 3367 con-

178 3401 468 3458 tristantis.
518 3400 713 3467 Furor,
742 3413 821 3456 est
846 3418 1049 3455 morum
1076 3403 1376 3459 inconstans
1406 3415 1597 3471 motus,
1625 3415 1732 3462 etc.

178 3492 378 3556 Furor,
409 3501 494 3547 est
519 3493 761 3547 ebullitio
789 3502 844 3548 et
877 3495 1127 3549 accensio
1144 3504 1199 3549 et
1222 3496 1535 3565 evaporatio
1553 3496 1619 3551 ad
1654 3512 1737 3552 re-

177 3584 537 3641 tributionem
584 3585 956 3640 contristantis
1014 3585 1315 3655 impetuose
1375 3588 1736 3658 praecipitans.

182 3677 388 3746 Quippe
413 3678 506 3746 per
531 3687 884 3731 atramentum
911 3677 1164 3732 columba:
1191 3679 1471 3733 candorem
1503 3679 1738 3733 demoliti

178 3779 376 3833 essent,
397 3778 502 3825 etc.
529 3768 633 3835 Qui
658 3772 950 3846 secundum
972 3774 1336 3840 apparentiam
1365 3772 1743 3842 longanimiter

180 3860 318 3932 agit,
346 3870 401 3915 et
425 3852 702 3916 Christum
742 3876 803 3914 se
832 3861 1055 3929 diligere
1093 3862 1333 3926 simulat,
1363 3872 1418 3917 et
1448 3864 1644 3934 (usque
1672 3864 1738 3920 ad

179 3966 402 4023 tempus
431 3951 825 4021 retributionis)
866 3968 959 4021 per
996 3953 1374 4010 silentiumse
1397 3956 1653 4020 occultat,
1688 3966 1744 4012 et

180 4054 464 4115 exspectat
505 4052 565 4099 ut
591 4044 796 4098 malum
841 4058 937 4113 pro
968 4044 1111 4099 malo
1144 4044 1425 4109 retribuat,
1450 4048 1605 4115 quasi
1647 4063 1743 4117 per

184 4146 582 4202 atramentum,
607 4137 914 4193 columbam
939 4137 1263 4193 exterminat
1288 4157 1302 4192 :
1352 4141 1479 4208 quia
1510 4139 1743 4193 charita-

183 4239 322 4295 tem,
348 4238 404 4287 et
430 4230 741 4302 puritatem,
769 4244 891 4299 qua:
916 4244 1014 4300 per
1038 4230 1348 4285 columbam
1385 4230 1741 4302 significatur,

183 4334 287 4390 per
312 4320 653 4376 tenebrosam
676 4319 993 4375 muriam
1020 4320 1239 4377 malitiae
1262 4332 1316 4376 et
1340 4321 1550 4392 nigrum
1590 4319 1743 4377 furo-

182 4411 269 4468 ris
308 4412 561 4478 livorem,
599 4409 988 4478 necat,'cordis
1014 4413 1425 4482 tranquillitate,
1449 4425 1507 4469 et
1537 4430 1667 4485 pace
1691 4426 1747 4470 et

185 4500 603 4572 longanimitate
630 4500 857 4573 perdita,
888 4499 943 4553 in
972 4514 1079 4569 qua
1114 4500 1205 4555 Dei
1237 4517 1362 4571 spes
1391 4504 1742 4572 quiescebat:

1815 695 1990 751 dictae.
2017 695 2146 763 Leo,
2180 693 2231 748 in
2252 694 2556 759 venatione,
2584 692 2885 764 frequenter
2907 696 3134 751 caudam
3158 709 3365 764 movet;

1814 796 1869 841 et
1904 785 2161 851 furiosus,
2191 786 2245 839 in
2274 786 2442 851 cella,
2472 786 2821 859 cogitationes
2863 786 2976 841 irae.
3011 788 3133 842 Alia
3154 832 3167 854 ,
3203 791 3257 842 in
3286 790 3367 844 Itis

1815 878 1909 948 qui
1948 877 2119 932 adhuc
2150 877 2303 932 rudes
2335 877 2660 943 imbuuntur,
2688 892 2751 931 ea:
2782 878 2931 946 ﬂetu,
2960 891 3065 935 etc.
3121 880 3225 947 Qui
3267 897 3369 936 no—

1816 970 1953 1025 viter
1980 969 2268 1025 introducti
2295 977 2445 1033 sunt,
2475 968 2631 1040 quasi
2654 969 2883 1040 quodam
2915 969 3088 1037 freno,
3116 972 3369 1043 lacrymls

1816 1067 1871 1114 et
1930 1058 2206 1130 suspiriis,
2251 1066 2307 1113 et
2358 1058 2697 1122 obedientia,
2735 1059 2807 1114 'in
2856 1060 3094 1129 subjecta
3162 1072 3366 1130 mente,

1817 1164 2029 1205 omnem
2071 1150 2205 1205 iram
2251 1158 2309 1203 et
2359 1148 2593 1205 furorem
2623 1152 2893 1221 stringunt
2938 1160 2992 1207 et
3039 1152 3225 1224 ligant.
3264 1154 3369 1220 Qui

1819 1255 1945 1295 vero
2000 1249 2128 1295 sunt
2184 1239 2441 1311 perfecti,
2506 1240 2657 1295 betua
2718 1242 3163 1311 impassibilitate,
3212 1246 3373 1313 quasi

1819 1328 1994 1400 gladio
2023 1328 2241 1399 ancipiti
2286 1331 2477 1385 armati
2525 1338 2672 1391 sunt,
2709 1338 2764 1384 et
2801 1330 3002 1400 in‘ipsa
3025 1324 3277 1386 occidunt
3317 1341 3373 1387 et

1818 1417 2132 1473 interimunt
2160 1432 2375 1472 omnem
2411 1418 2569 1483 iram,
2600 1426 2653 1473 et
2684 1415 2944 1485 furorem,
2973 1429 3027 1474 et
3056 1430 3273 1475 manent
3298 1420 3368 1475 ab

1819 1508 2032 1564 insidiis
2067 1510 2134 1564 de
2169 1509 2379 1580 reliquo
2419 1510 2596 1564 liberi.
2655 1508 2864 1564 Sancta
2889 1509 3094 1580 quidem
3125 1512 3368 1577 uirtutes,

1818 1599 1983 1654 Iacob
2031 1601 2192 1657 scalte
2240 1611 2629 1670 comparantur,
2672 1612 2777 1656 etc.
2836 1602 3115 1673 Congrue,
3157 1614 3375 1675 propter

1818 1692 2209 1747 sublevativum
2238 1700 2291 1747 et
2321 1707 2537 1747 sursum
2561 1692 2739 1748 ferens
2766 1694 2831 1747 ad
2861 1695 3098 1749 etelestia
3124 1713 3138 1748 :
3173 1686 3377 1751 malitia

1818 1799 1947 1838 vero
1962 1794 2305 1854 comparatur
2325 1792 2548 1849 catenas,
2569 1796 2786 1854 propter
2808 1799 2969 1853 grave
2993 1796 3045 1840 et
3075 1787 3378 1855 impediens

1820 1890 1981 1931 omne
2011 1876 2235 1938 bonum,
2266 1884 2322 1931 et
2347 1875 2607 1940 vinciens,
2645 1885 2702 1931 et
2742 1875 2995 1931 deorsum
3039 1892 3291 1947 gravans,
3321 1888 3379 1933 et

1822 1966 2045 2022 trahens
2078 1966 2147 2021 ad
2174 1966 2511 2022 confusiores
2537 1981 2714 2021 mores
2745 1976 2801 2021 et
2820 1980 2980 2035 opera
3000 2005 3015 2029 ,
3038 1976 3092 2021 et
3130 1982 3235 2021 una
3270 1964 3367 2022 ubi

1823 2074 1955 2115 ansa
1998 2059 2347 2130 coniungitur
2388 2058 2442 2113 in
2484 2065 2708 2122 catena,
2752 2059 2879 2128 quia
2918 2074 2983 2112 ex
3025 2074 3131 2112 una
3165 2060 3373 2115 malitia

1823 2138 2164 2208 contrahitur
2185 2152 2375 2206 altera.
2404 2149 2631 2207 Pulchre
2650 2161 2828 2206 autem
2856 2159 3062 2206 eatena!
3080 2151 3294 2207 cadenti
3307 2142 3377 2219 ’³,

1825 2260 1858 2300 a
1894 2229 2054 2299 Petro
2102 2242 2466 2314 apostolorum
2494 2242 2729 2307 vertice,
2778 2241 3037 2298 malitiam
3082 2253 3379 2314 comparet,

1825 2335 1952 2406 quia
1996 2334 2088 2388 Dei
2124 2333 2295 2404 gratia
2325 2333 2482 2390 nobis
2522 2332 2781 2403 possibile
2801 2348 2942 2402 esse,
2973 2334 3246 2398 declarat,
3285 2352 3382 2407 per

1826 2428 1984 2483 ﬁdem
2010 2425 2303 2488 ferventem
2318 2424 2383 2479 'et
2400 2438 2582 2479 veram
2607 2424 2979 2495 ptenitentiam
3002 2425 3145 2497 (qua:
3161 2427 3383 2497 signan—

1825 2526 1916 2572 tur
1944 2517 1998 2571 in
2032 2516 2215 2585 Petro)
2261 2530 2379 2570 eam
2413 2530 2445 2569 a
2474 2514 2631 2570 nobis
2656 2514 2910 2585 abjicere,
2937 2526 2991 2569 et
3018 2518 3083 2571 ad
3114 2517 3375 2573 virtutum

1783 2595 1790 2604 ’
1826 2609 2126 2664 libertatem
2164 2608 2360 2662 redire.
2398 2606 2492 2661 Est
2518 2607 2659 2660 istud
2686 2623 2882 2679 quoque
2902 2609 3245 2674 tenebrosum,
3272 2618 3378 2665 etc.

1830 2700 1961 2767 Hoc,
1993 2700 2206 2771 inquit,
2242 2699 2431 2753 vitium
2457 2700 2729 2770 praecipue
2756 2701 2907 2756 triste
2938 2711 2993 2755 et
3022 2704 3193 2772 magis
3232 2714 3383 2759 tene-

1828 2793 2048 2849 brosum
2104 2800 2223 2858 est,
2278 2800 2385 2847 tam
2438 2791 2579 2847 inter
2624 2792 2804 2847 omnia
2853 2792 3122 2863 gignentia
3168 2802 3224 2849 et
3273 2810 3383 2850 non

1828 2886 2103 2957 gignentia
2125 2926 2141 2948 ,
2165 2901 2329 2956 quam
2359 2885 2520 2943 etiam
2564 2887 2743 2958 genita
2768 2886 2918 2942 vitia.
2960 2887 3211 2959 Gignitur
3235 2892 3381 2946 enim

1831 2979 2091 3035 memoria
2120 2979 2341 3033 malitia:
2363 3021 2379 3045 ,
2413 2987 2480 3033 ex
2524 2976 2745 3035 funere:
2780 2995 2903 3035 nam
2936 2989 3112 3036 tumor
3134 2996 3257 3037 cum
3298 2984 3386 3038 fu-

1830 3087 1973 3138 rore,
2006 3072 2177 3141 ipsam
2206 3071 2395 3141 gignit,
2423 3071 2538 3140 ipsa
2562 3085 2691 3126 vero
2710 3073 2853 3141 parit
2876 3072 3105 3128 invidias
3128 3082 3183 3129 et
3209 3078 3385 3143 liomi-
3415 3122 3419 3126 .

1832 3163 2013 3220 cidia:
2060 3176 2229 3230 quare
2276 3160 2406 3215 dicit
2449 3175 2595 3227 eam,
2643 3161 2762 3230 plus
2796 3162 3157 3232 gignentibus,
3183 3174 3239 3220 et
3275 3181 3382 3221 non

1755 3279 1797 3339 ο
1830 3251 2193 3329 gignentibus,
2226 3264 2283 3309 et
2317 3254 2531 3325 genitis,
2574 3254 2772 3309 habere
2804 3254 3055 3312 tristitiae.

2205 3391 2213 3403 ρ
2302 3345 2429 3401 (ΖΜ).
2464 3345 2510 3399 Χ
2541 3346 2663 3417 (col.
2694 3345 2799 3400 846
2826 3344 2911 3417 C).

1904 3440 2166 3507 Quocirca
2188 3480 2203 3505 ,
2249 3448 2299 3494 et
2326 3447 2440 3506 post
2466 3454 2587 3492 suos
2612 3436 2859 3505 majores,
2885 3445 2990 3491 etc.
3030 3438 3385 3498 Detractionis

1833 3533 2202 3604 progenitores
2238 3541 2367 3586 sunt
2430 3532 2531 3585 ista
2578 3546 2592 3583 :
2643 3528 2833 3594 furor,
2877 3544 2942 3584 ex
2991 3529 3110 3597 ira;
3172 3545 3235 3585 ex
3276 3534 3387 3597 'ira,

1836 3628 2069 3693 odium;
2123 3642 2184 3681 ex
2216 3626 2364 3687 odio,
2408 3626 2669 3681 memoria
2714 3625 2969 3691 malitiae;
3017 3641 3084 3682 ex
3132 3630 3391 3683 memoria

1836 3722 2079 3784 malitiae,
2104 3721 2401 3787 detractio;
2431 3736 2496 3775 ex
2524 3720 2665 3783 istis,
2694 3718 2925 3784 invidia,
2952 3727 3007 3773 et
3059 3720 3137 3775 sic
3167 3721 3379 3777 tandem

1838 3813 2208 3869 homicidium.
2254 3813 2446 3869 Tenuis
2471 3812 2712 3881 languor,
2740 3820 2869 3876 etc.,
2903 3813 3061 3879 quia,
3091 3812 3245 3880 quasi
3268 3813 3389 3866 nul-

1839 3906 1948 3961 lum
1972 3905 2225 3961 delictum
2249 3943 2266 3969 ,
2295 3913 2514 3973 apparet
2542 3900 2881 3967 detrahenti,
2903 3901 3184 3963 detractio,
3206 3916 3392 3958 crassa

1837 4012 1966 4052 vero
1992 3996 2217 4095 gemino
2241 4005 2345 4059 est,
2370 4002 2425 4049 et
2451 3992 2606 4062 quasi
2639 3992 2812 4049 latens
2840 4000 2897 4047 et
2926 3991 3238 4048 abscondita
3270 3994 3392 4048 ani.

1837 4104 1940 4144 ma:
1963 4084 2215 4158 pcrditio.
2249 4084 2418 4141 Sicuti
2438 4085 2677 4156 quadarn
2702 4092 2823 4138 sunt
2847 4084 3268 4149 adulescentula,
3284 4098 3389 4142 etc.

1838 4180 1959 4237 Istat
2002 4188 2168 4242 sunt,
2219 4178 2376 4250 gula,
2404 4178 2671 4244 ebrietas,
2720 4176 3027 4244 fornicatio,
3069 4179 3394 4246 scurrilitas,

1838 4288 1975 4329 vana
2012 4272 2205 4345 gloria.

2285 4385 2415 4440 CAP.
2449 4380 2516 4438 XI
2552 4386 2678 4444 (col.
2715 4382 2809 4438 851
2848 4381 2934 4450 Β).

1916 4476 2141 4547 Speculo
2159 4476 2412 4533 hostium.
2456 4476 2595 4541 Quia
2616 4488 2723 4527 non
2752 4474 2927 4528 solum
2957 4475 3025 4529 ab
3050 4475 3391 4549 impugnato-

184 4563 416 4647 sui,“
442 4593 609 4661 εφη..
630 4563 906 4647 "dwm
932 4563 1238 4661 ωξρεηωηι,
1268 4563 1377 4648 'cm.
1410 4563 1741 4664 'Serpemem
1775 4616 1819 4671 Β
1847 4570 2001 4625 ribus
2034 4566 2596 4671 custodit,silenti'rim
2616 4563 2671 4617 in
2702 4564 2950 4628 scientia,
2976 4566 3399 4671 “adaeque-cos

185 4682 459 4753 appellat,
518 4684 655 4737 iram
697 4694 752 4739 et
798 4684 1073 4744 furorem,
1132 4694 1350 4755 propter
1393 4700 1487 4741 eor
1525 4687 1745 4753 durum,

187 4775 358 4831 letale
414 4782 467 4827 et
523 4772 862 4843 malignum:
900 4775 1116 4839 durum,
1147 4766 1274 4844 quia
1300 4773 1552 4835 furiosus.
1606 4793 1750 4833 nunc

188 4870 385 4933 istum,
410 4880 555 4921 nunc
584 4865 735 4920 illum
763 4868 976 4938 plagat,
1005 4869 1152 4937 quia,
1204 4868 1332 4935 dum
1376 4882 1439 4922 se
1484 4868 1614 4922 vitio
1654 4884 1750 4937 per

188 4975 523 5017 consensum
560 4967 616 5013 et
644 4972 781 5027 opus
813 4974 1036 5028 pravum
1068 4976 1284 5015 servum
1320 4960 1555 5024 exhibet,
1591 4976 1749 5015 occa-

189 5056 407 5110 sionem
449 5051 882 5106 conturbationls
925 5062 981 5106 et
1014 5054 1256 5108 scandali
1306 5054 1531 5125 singulis
1558 5055 1748 5111 diebus

191 5145 536 5209 (adversario
560 5142 900 5211 cooperante)
933 5144 1153 5213 reliquis
1194 5146 1412 5213 przebet.
1451 5142 1546 5200 Est
1567 5155 1747 5202 autem

192 5237 275 5290 ira
310 5237 493 5301 passio
529 5246 749 5300 vesana,
776 5234 1054 5289 scientiam
1084 5236 1341 5292 habentes
1372 5236 1642 5291 infatuans
1672 5238 1753 5291 fn-

189 5326 400 5386 eiliter,
432 5325 652 5395 feralem
693 5324 1027 5381 constituens
1050 5327 1310 5392 animam,
1347 5343 1397 5383 et
1430 5343 1644 5381 omnem
1672 5330 1753 5382 at-

190 5414 521 5472 iabiiitatem
550 5418 821 5475 declinare
846 5416 1083 5479 faciens,
1125 5428 1178 5471 et
1202 5435 1265 5473 ex
1301 5421 1401 5473 hoc
1429 5422 1543 5474 dira
1582 5421 1757 5476 letalis

188 5517 247 5563 et
272 5508 547 5577 maligna:
586 5526 616 5565 a
638 5527 748 5582 qua
780 5520 1024 5569 movetur
1047 5522 1202 5565 vento
1227 5514 1560 5576 vehementi,
1585 5522 1637 5566 et
1664 5513 1749 5567 fu-

193 5601 387 5653 riosus
419 5602 772 5659 conturbatur
803 5619 833 5657 a
856 5602 1267 5671 cogitationibus
1286 5643 1299 5665 ,
1332 5621 1450 5671 tunc
1482 5592 1607 5659 sunt
1637 5607 1754 5659 sine

195 5689 509 5755 intellectu.
530 5690 789 5766 Caliginis
806 5693 1211 5763 evaporationes
1234 5692 1525 5750 obscurant
1552 5708 1750 5760 aerem.

194 5786 251 5833 et
281 5775 444 5831 furia:
458 5786 637 5833 motus
657 5791 891 5839 mentem
916 5781 1559 5847 iracundi,obteuebravit
1590 5786 1754 5839 solem

276 5936 327 5980 ὀν
354 5946 487 6025 Act.
519 5962 614 6009 xu,
659 5947 712 6001 7.

1848 4660 2280 4730 appropinquare
2301 4657 2451 4712 sinit.
2486 4654 2787 4708 Paucorum
2816 4672 2994 4712 revera
3017 4669 3115 4724 est,
3144 4670 3247 4714 etc.
3284 4658 3394 4712 ﬂa-

1848 4753 1997 4808 terite
2040 4749 2389 4807 obstrictionc
2432 4761 2464 4801 a
2488 4761 2593 4817 qua
2634 4746 2969 4815 prohibetur,
3009 4759 3063 4804 et
3104 4766 3197 4820 per
3222 4750 3394 4805 absti-

1848 4843 2116 4906 nentiam,
2160 4840 2340 4910 lingua
2372 4836 2604 4907 ligatur:
2630 4838 2775 4906 quod
2815 4839 2958 4893 enim
2990 4849 3072 4895 est
3097 4840 3249 4894 cibus
3270 4853 3395 4893 cor-

1846 4931 1965 5002 pori
2017 4931 2150 4984 bene
2177 4927 2392 4983 habenti
2412 4969 2427 4993 ,
2472 4928 2576 4982 hoc
2595 4936 2678 4982 est
2717 4928 2942 4982 tentatio
2963 4930 3145 4981 animo
3169 4927 3308 4981 virili
3340 4938 3397 4982 et

1850 5022 2014 5077 Deum
2038 5020 2296 5089 diligenti.
2331 5017 2537 5075 Ventus
2559 5020 2763 5091 aquilo,
2789 5028 2996 5090 segetes
3025 5018 3192 5073 nutrit
3219 5029 3274 5074 et
3304 5035 3393 5074 ra-

1845 5115 2027 5169 dicare
2073 5112 2233 5176 facit,
2284 5121 2338 5166 et
2392 5114 2715 5169 tentationes
2768 5114 2997 5183 probant
3036 5120 3090 5165 et
3140 5112 3399 5169 roborant

1848 5204 2008 5261 corda
2041 5202 2617 5273 virorum‘sanctorum
2660 5212 2713 5257 et
2758 5204 2983 5257 animas.
3049 5197 3230 5257 Nubes
3277 5203 3397 5259 sine

1850 5310 1988 5366 aqua
2019 5292 2324 5365 refragantur
2349 5312 2379 5350 a
2402 5304 2582 5361 vento,
2612 5303 2669 5350 et
2687 5296 2767 5351 vir
2786 5294 3085 5364 linguosus,
3114 5293 3205 5350 Dei
3238 5295 3397 5366 justi-

1853 5391 1979 5443 tiam
2012 5402 2042 5440 a
2076 5401 2135 5441 se
2169 5390 2399 5456 rrpcllit.
3020 5372 3021 5375 η

2487 5500 2613 5555 CAP.
2648 5496 2759 5551 Xll.

1926 5592 2059 5657 Qui,
2091 5610 2207 5645 cum
2246 5594 2382 5661 jocis
2410 5593 2675 5658 otiosoqtte
2704 5592 2929 5643 sermoni
2956 5626 2971 5655 ,
3001 5600 3104 5645 etc.
3145 5589 3397 5644 Scurrili-

1859 5694 1942 5742 tas
1990 5697 2070 5740 est
2108 5686 2490 5741 sermocinatio
2514 5684 2837 5752 joculatoria
2859 5728 2873 5749 ,
2895 5695 2948 5739 et
2977 5685 3143 5738 risum
3174 5681 3398 5748 iaciens,

1862 5776 1915 5833 in
1942 5793 2103 5848 quam
2130 5780 2253 5848 quis
2289 5777 2627 5846 multiloquio
2660 5772 2977 5850 frequenter
3014 5773 3394 5846 praecipitatur.
