  <div class='ocr_page' id='page_1' title='image "/cluster/home/n/w/nwhite01/storage/ocr_20150623/88/pst.000005712946/653.png"; bbox 0 0 4032 6340; ppageno 0'>
   <div class='ocr_carea' id='block_1_1' title="bbox 616 420 747 484">
    <p class='ocr_par' dir='ltr' id='par_1_1' title="bbox 616 420 747 484">
     <span class='ocr_line' id='line_1_1' title="bbox 616 420 747 484; baseline -0.008 0"><span class='ocrx_word' id='word_1_1' title='bbox 616 420 747 484; x_wconf 69' lang='lat'><strong>1231</strong></span> 
     </span>
    </p>
   </div>
   <div class='ocr_carea' id='block_1_2' title="bbox 1759 430 2721 502">
    <p class='ocr_par' dir='ltr' id='par_1_2' title="bbox 1759 430 2721 502">
     <span class='ocr_line' id='line_1_2' title="bbox 1759 430 2721 502; baseline 0.014 -13"><span class='ocrx_word' id='word_1_2' title='bbox 1759 432 1818 490; x_wconf 82' lang='lat' dir='ltr'><strong>S.</strong></span> <span class='ocrx_word' id='word_1_3' title='bbox 1860 430 2175 493; x_wconf 81' lang='lat' dir='ltr'><strong>JOANNIS</strong></span> <span class='ocrx_word' id='word_1_4' title='bbox 2206 436 2721 502; x_wconf 76' lang='lat' dir='ltr'><strong>RAITHUENSIS</strong></span> 
     </span>
    </p>
   </div>
   <div class='ocr_carea' id='block_1_3' title="bbox 3721 443 3855 505">
    <p class='ocr_par' dir='ltr' id='par_1_3' title="bbox 3721 443 3855 505">
     <span class='ocr_line' id='line_1_3' title="bbox 3721 443 3855 505; baseline 0 0"><span class='ocrx_word' id='word_1_5' title='bbox 3721 443 3855 505; x_wconf 66' lang='lat'><strong>1932</strong></span> 
     </span>
    </p>
   </div>
   <div class='ocr_carea' id='block_1_4' title="bbox 3749 476 3853 507">
    <p class='ocr_par' dir='ltr' id='par_1_4' title="bbox 3749 476 3853 507">
     <span class='ocr_line' id='line_1_4' title="bbox 3749 476 3853 507; baseline -0.01 -1"><span class='ocrx_word' id='word_1_6' title='bbox 3749 476 3853 507; x_wconf 62' lang='grc' dir='ltr'><strong>ὗσὶζ</strong></span> 
     </span>
    </p>
   </div>
   <div class='ocr_carea' id='block_1_5' title="bbox 614 532 3848 620">
    <p class='ocr_par' dir='ltr' id='par_1_5' title="bbox 614 532 3848 620">
     <span class='ocr_line' id='line_1_5' title="bbox 614 532 3848 620; baseline 0.005 -32"><span class='ocrx_word' id='word_1_7' title='bbox 614 532 967 588; x_wconf 77' lang='lat' dir='ltr'><strong>Audientium</strong></span> <span class='ocrx_word' id='word_1_8' title='bbox 1043 535 1215 589; x_wconf 85' lang='lat' dir='ltr'><strong>luctus</strong></span> <span class='ocrx_word' id='word_1_9' title='bbox 1249 578 1265 602; x_wconf 93' lang='lat'><strong>,</strong></span> <span class='ocrx_word' id='word_1_10' title='bbox 1329 538 1698 594; x_wconf 66' lang='lat' dir='ltr'><strong>miserabiliter</strong></span> <span class='ocrx_word' id='word_1_11' title='bbox 1752 542 1991 596; x_wconf 77' lang='lat' dir='ltr'><strong>demoliti</strong></span> <span class='ocrx_word' id='word_1_12' title='bbox 2049 554 2191 599; x_wconf 85' lang='lat' dir='ltr'><strong>sunt.</strong></span> <span class='ocrx_word' id='word_1_13' title='bbox 2223 558 2266 609; x_wconf 69' lang='grc' dir='ltr'><strong>Α</strong></span> <span class='ocrx_word' id='word_1_14' title='bbox 2301 550 2528 606; x_wconf 91' lang='lat' dir='ltr'><strong>militatc</strong></span> <span class='ocrx_word' id='word_1_15' title='bbox 2584 553 2766 608; x_wconf 82' lang='lat' dir='ltr'><strong>divina</strong></span> <span class='ocrx_word' id='word_1_16' title='bbox 2825 554 3172 617; x_wconf 88' lang='lat' dir='ltr'><strong>illumiualio,</strong></span> <span class='ocrx_word' id='word_1_17' title='bbox 3233 570 3300 609; x_wconf 85' lang='lat' dir='ltr'><strong>ex</strong></span> <span class='ocrx_word' id='word_1_18' title='bbox 3342 555 3563 620; x_wconf 81' lang='lat' dir='ltr'><strong>eadem,</strong></span> <span class='ocrx_word' id='word_1_19' title='bbox 3596 566 3848 614; x_wconf 73' lang='lat' dir='ltr'><strong>castitas.</strong></span> 
     </span>
    </p>
   </div>
   <div class='ocr_carea' id='block_1_6' title="bbox 612 621 2175 701">
    <p class='ocr_par' dir='ltr' id='par_1_6' title="bbox 612 621 2175 701">
     <span class='ocr_line' id='line_1_6' title="bbox 612 621 2175 701; baseline 0.006 -21"><span class='ocrx_word' id='word_1_20' title='bbox 612 621 909 680; x_wconf 75' lang='lat' dir='ltr'><strong>Audientes</strong></span> <span class='ocrx_word' id='word_1_21' title='bbox 937 637 1093 692; x_wconf 92' lang='lat' dir='ltr'><strong>sunt,</strong></span> <span class='ocrx_word' id='word_1_22' title='bbox 1123 630 1213 697; x_wconf 86' lang='lat' dir='ltr'><strong>qui</strong></span> <span class='ocrx_word' id='word_1_23' title='bbox 1257 638 1382 683; x_wconf 89' lang='lat' dir='ltr'><strong>sunt</strong></span> <span class='ocrx_word' id='word_1_24' title='bbox 1427 631 1479 684; x_wconf 93' lang='lat' dir='ltr'><strong>in</strong></span> <span class='ocrx_word' id='word_1_25' title='bbox 1516 634 1831 701; x_wconf 68' lang='lat' dir='ltr'><strong>pmuitcntia</strong></span> <span class='ocrx_word' id='word_1_26' title='bbox 1863 654 1876 687; x_wconf 91' lang='lat'><strong>:</strong></span> <span class='ocrx_word' id='word_1_27' title='bbox 1920 644 2007 689; x_wconf 86' lang='lat' dir='ltr'><strong>est</strong></span> <span class='ocrx_word' id='word_1_28' title='bbox 2032 637 2175 690; x_wconf 90' lang='lat' dir='ltr'><strong>enim</strong></span> 
     </span>
    </p>
   </div>
   <div class='ocr_carea' id='block_1_7' title="bbox 615 708 2175 796">
    <p class='ocr_par' dir='ltr' id='par_1_7' title="bbox 615 708 2175 796">
     <span class='ocr_line' id='line_1_7' title="bbox 615 708 2175 796; baseline 0.006 -25"><span class='ocrx_word' id='word_1_29' title='bbox 615 717 816 787; x_wconf 80' lang='lat' dir='ltr'><strong>gradus</strong></span> <span class='ocrx_word' id='word_1_30' title='bbox 841 718 1219 774; x_wconf 83' lang='lat' dir='ltr'><strong>exsisteutium</strong></span> <span class='ocrx_word' id='word_1_31' title='bbox 1253 722 1304 775; x_wconf 93' lang='lat' dir='ltr'><strong>in</strong></span> <span class='ocrx_word' id='word_1_32' title='bbox 1342 723 1678 791; x_wconf 74' lang='lat' dir='ltr'><strong>pamitrutia,</strong></span> <span class='ocrx_word' id='word_1_33' title='bbox 1711 727 1802 793; x_wconf 95' lang='lat' dir='ltr'><strong>qui</strong></span> <span class='ocrx_word' id='word_1_34' title='bbox 1829 708 2175 796; x_wconf 86' lang='lat' dir='ltr'><strong>diciturplo-</strong></span> 
     </span>
    </p>
   </div>
   <div class='ocr_carea' id='block_1_8' title="bbox 617 814 2178 888">
    <p class='ocr_par' dir='ltr' id='par_1_8' title="bbox 617 814 2178 888">
     <span class='ocr_line' id='line_1_8' title="bbox 617 814 2178 888; baseline 0.006 -22"><span class='ocrx_word' id='word_1_35' title='bbox 617 814 872 877; x_wconf 88' lang='lat' dir='ltr'><strong>rantium,</strong></span> <span class='ocrx_word' id='word_1_36' title='bbox 903 816 992 885; x_wconf 89' lang='lat' dir='ltr'><strong>qui</strong></span> <span class='ocrx_word' id='word_1_37' title='bbox 1023 826 1167 871; x_wconf 89' lang='lat' dir='ltr'><strong>stant</strong></span> <span class='ocrx_word' id='word_1_38' title='bbox 1230 827 1383 873; x_wconf 87' lang='lat' dir='ltr'><strong>extra</strong></span> <span class='ocrx_word' id='word_1_39' title='bbox 1426 830 1607 888; x_wconf 89' lang='lat' dir='ltr'><strong>portas</strong></span> <span class='ocrx_word' id='word_1_40' title='bbox 1629 822 1900 877; x_wconf 69' lang='lat' dir='ltr'><strong>Ecclesiae.</strong></span> <span class='ocrx_word' id='word_1_41' title='bbox 1941 824 2178 877; x_wconf 82' lang='lat' dir='ltr'><strong>Audien-</strong></span> 
     </span>
    </p>
   </div>
   <div class='ocr_carea' id='block_1_9' title="bbox 618 906 2180 985">
    <p class='ocr_par' dir='ltr' id='par_1_9' title="bbox 618 906 2180 985">
     <span class='ocr_line' id='line_1_9' title="bbox 618 906 2180 985; baseline 0.006 -25"><span class='ocrx_word' id='word_1_42' title='bbox 618 914 698 960; x_wconf 89' lang='lat' dir='ltr'><strong>tes</strong></span> <span class='ocrx_word' id='word_1_43' title='bbox 748 906 912 976; x_wconf 81' lang='lat' dir='ltr'><strong>igitur</strong></span> <span class='ocrx_word' id='word_1_44' title='bbox 939 908 1041 963; x_wconf 90' lang='lat' dir='ltr'><strong>hos</strong></span> <span class='ocrx_word' id='word_1_45' title='bbox 1070 911 1201 964; x_wconf 91' lang='lat' dir='ltr'><strong>dicit</strong></span> <span class='ocrx_word' id='word_1_46' title='bbox 1249 908 1427 976; x_wconf 71' lang='lat' dir='ltr'><strong>Pater,</strong></span> <span class='ocrx_word' id='word_1_47' title='bbox 1476 912 1716 983; x_wconf 87' lang='lat' dir='ltr'><strong>lugentes</strong></span> <span class='ocrx_word' id='word_1_48' title='bbox 1763 916 1971 969; x_wconf 88' lang='lat' dir='ltr'><strong>scilicet</strong></span> <span class='ocrx_word' id='word_1_49' title='bbox 2015 932 2180 985; x_wconf 72' lang='lat' dir='ltr'><strong>super</strong></span> 
     </span>
    </p>
   </div>
   <div class='ocr_carea' id='block_1_10' title="bbox 615 1001 2179 1074">
    <p class='ocr_par' dir='ltr' id='par_1_10' title="bbox 615 1001 2179 1074">
     <span class='ocr_line' id='line_1_10' title="bbox 615 1001 2179 1074; baseline 0.005 -21"><span class='ocrx_word' id='word_1_50' title='bbox 615 1001 939 1056; x_wconf 79' lang='lat' dir='ltr'><strong>commissis.</strong></span> <span class='ocrx_word' id='word_1_51' title='bbox 1000 1002 1094 1057; x_wconf 85' lang='lat' dir='ltr'><strong>Est</strong></span> <span class='ocrx_word' id='word_1_52' title='bbox 1151 1004 1313 1073; x_wconf 78' lang='lat' dir='ltr'><strong>igitur</strong></span> <span class='ocrx_word' id='word_1_53' title='bbox 1343 1006 1637 1074; x_wconf 88' lang='lat' dir='ltr'><strong>apostolica</strong></span> <span class='ocrx_word' id='word_1_54' title='bbox 1683 1008 1904 1061; x_wconf 77' lang='lat' dir='ltr'><strong>traditio</strong></span> <span class='ocrx_word' id='word_1_55' title='bbox 1932 1008 1999 1061; x_wconf 93' lang='lat' dir='ltr'><strong>de</strong></span> <span class='ocrx_word' id='word_1_56' title='bbox 2041 1008 2179 1061; x_wconf 82' lang='lat' dir='ltr'><strong>divi-</strong></span> 
     </span>
    </p>
   </div>
   <div class='ocr_carea' id='block_1_11' title="bbox 615 1097 2178 1173">
    <p class='ocr_par' dir='ltr' id='par_1_11' title="bbox 615 1097 2178 1173">
     <span class='ocr_line' id='line_1_11' title="bbox 615 1097 2178 1173; baseline 0.005 -24"><span class='ocrx_word' id='word_1_57' title='bbox 615 1098 767 1150; x_wconf 84' lang='lat' dir='ltr'><strong>sione</strong></span> <span class='ocrx_word' id='word_1_58' title='bbox 793 1105 846 1151; x_wconf 87' lang='lat' dir='ltr'><strong>et</strong></span> <span class='ocrx_word' id='word_1_59' title='bbox 865 1097 1204 1153; x_wconf 87' lang='lat' dir='ltr'><strong>ordinatione</strong></span> <span class='ocrx_word' id='word_1_60' title='bbox 1228 1101 1633 1167; x_wconf 62' lang='lat' dir='ltr'><strong>paenitentium,</strong></span> <span class='ocrx_word' id='word_1_61' title='bbox 1668 1104 2094 1173; x_wconf 85' lang='lat' dir='ltr'><strong>purgandorum,</strong></span> <span class='ocrx_word' id='word_1_62' title='bbox 2121 1112 2178 1157; x_wconf 88' lang='lat' dir='ltr'><strong>et</strong></span> 
     </span>
    </p>
   </div>
   <div class='ocr_carea' id='block_1_12' title="bbox 612 1190 2180 1266">
    <p class='ocr_par' dir='ltr' id='par_1_12' title="bbox 612 1190 2180 1266">
     <span class='ocr_line' id='line_1_12' title="bbox 612 1190 2180 1266; baseline 0.004 -23"><span class='ocrx_word' id='word_1_63' title='bbox 612 1191 1153 1245; x_wconf 88' lang='lat' dir='ltr'><strong>catechumenorum.</strong></span> <span class='ocrx_word' id='word_1_64' title='bbox 1207 1190 1345 1246; x_wconf 89' lang='lat' dir='ltr'><strong>Sunt</strong></span> <span class='ocrx_word' id='word_1_65' title='bbox 1373 1209 1501 1247; x_wconf 85' lang='lat' dir='ltr'><strong>vero</strong></span> <span class='ocrx_word' id='word_1_66' title='bbox 1532 1197 1909 1263; x_wconf 77' lang='lat' dir='ltr'><strong>pmuitentium</strong></span> <span class='ocrx_word' id='word_1_67' title='bbox 1936 1196 2180 1266; x_wconf 87' lang='lat' dir='ltr'><strong>quinque</strong></span> 
     </span>
    </p>
   </div>
   <div class='ocr_carea' id='block_1_13' title="bbox 614 1279 2177 1359">
    <p class='ocr_par' dir='ltr' id='par_1_13' title="bbox 614 1279 2177 1359">
     <span class='ocr_line' id='line_1_13' title="bbox 614 1279 2177 1359; baseline 0.006 -28"><span class='ocrx_word' id='word_1_68' title='bbox 614 1279 716 1333; x_wconf 89' lang='lat' dir='ltr'><strong>loci</strong></span> <span class='ocrx_word' id='word_1_69' title='bbox 748 1298 761 1334; x_wconf 90' lang='lat'><strong>:</strong></span> <span class='ocrx_word' id='word_1_70' title='bbox 809 1281 962 1336; x_wconf 88' lang='lat' dir='ltr'><strong>locus</strong></span> <span class='ocrx_word' id='word_1_71' title='bbox 1002 1282 1362 1351; x_wconf 84' lang='lat' dir='ltr'><strong>plorantium,</strong></span> <span class='ocrx_word' id='word_1_72' title='bbox 1390 1301 1511 1339; x_wconf 90' lang='lat' dir='ltr'><strong>cum</strong></span> <span class='ocrx_word' id='word_1_73' title='bbox 1559 1289 1828 1354; x_wconf 71' lang='lat' dir='ltr'><strong>pmtiitens</strong></span> <span class='ocrx_word' id='word_1_74' title='bbox 1876 1299 1984 1343; x_wconf 82' lang='lat' dir='ltr'><strong>stat</strong></span> <span class='ocrx_word' id='word_1_75' title='bbox 2016 1297 2177 1359; x_wconf 26' lang='lat' dir='ltr'><strong>{extra</strong></span> 
     </span>
    </p>
   </div>
   <div class='ocr_carea' id='block_1_14' title="bbox 615 1376 2178 1449">
    <p class='ocr_par' dir='ltr' id='par_1_14' title="bbox 615 1376 2178 1449">
     <span class='ocr_line' id='line_1_14' title="bbox 615 1376 2178 1449; baseline 0.005 -22"><span class='ocrx_word' id='word_1_76' title='bbox 615 1376 875 1430; x_wconf 78' lang='lat' dir='ltr'><strong>ambitum</strong></span> <span class='ocrx_word' id='word_1_77' title='bbox 921 1378 1183 1440; x_wconf 63' lang='lat' dir='ltr'><strong>ecclesia},</strong></span> <span class='ocrx_word' id='word_1_78' title='bbox 1217 1392 1270 1433; x_wconf 90' lang='lat' dir='ltr'><strong>et</strong></span> <span class='ocrx_word' id='word_1_79' title='bbox 1314 1380 1621 1449; x_wconf 89' lang='lat' dir='ltr'><strong>procidens,</strong></span> <span class='ocrx_word' id='word_1_80' title='bbox 1648 1398 1770 1435; x_wconf 78' lang='lat' dir='ltr'><strong>curn</strong></span> <span class='ocrx_word' id='word_1_81' title='bbox 1804 1381 1929 1437; x_wconf 84' lang='lat' dir='ltr'><strong>ﬂetu</strong></span> <span class='ocrx_word' id='word_1_82' title='bbox 1951 1424 1965 1447; x_wconf 95' lang='lat'><strong>,</strong></span> <span class='ocrx_word' id='word_1_83' title='bbox 1999 1383 2067 1436; x_wconf 90' lang='lat' dir='ltr'><strong>ab</strong></span> <span class='ocrx_word' id='word_1_84' title='bbox 2096 1384 2178 1436; x_wconf 85' lang='lat' dir='ltr'><strong>in-</strong></span> 
     </span>
    </p>
   </div>
   <div class='ocr_carea' id='block_1_15' title="bbox 614 1454 2177 1544">
    <p class='ocr_par' dir='ltr' id='par_1_15' title="bbox 614 1454 2177 1544">
     <span class='ocr_line' id='line_1_15' title="bbox 614 1454 2177 1544; baseline 0.006 -25"><span class='ocrx_word' id='word_1_85' title='bbox 614 1454 977 1533; x_wconf 79' lang='lat' dir='ltr'><strong>gredientibus</strong></span> <span class='ocrx_word' id='word_1_86' title='bbox 1016 1470 1253 1537; x_wconf 75' lang='lat' dir='ltr'><strong>postulat</strong></span> <span class='ocrx_word' id='word_1_87' title='bbox 1286 1472 1611 1535; x_wconf 89' lang='lat' dir='ltr'><strong>orationem,</strong></span> <span class='ocrx_word' id='word_1_88' title='bbox 1666 1482 1791 1527; x_wconf 84' lang='lat' dir='ltr'><strong>ante</strong></span> <span class='ocrx_word' id='word_1_89' title='bbox 1817 1474 2057 1543; x_wconf 91' lang='lat' dir='ltr'><strong>ipsorum</strong></span> <span class='ocrx_word' id='word_1_90' title='bbox 2087 1489 2177 1544; x_wconf 91' lang='lat' dir='ltr'><strong>pc-</strong></span> 
     </span>
    </p>
   </div>
   <div class='ocr_carea' id='block_1_16' title="bbox 612 1560 2179 1630">
    <p class='ocr_par' dir='ltr' id='par_1_16' title="bbox 612 1560 2179 1630">
     <span class='ocr_line' id='line_1_16' title="bbox 612 1560 2179 1630; baseline 0.008 -22"><span class='ocrx_word' id='word_1_91' title='bbox 612 1560 708 1612; x_wconf 84' lang='lat' dir='ltr'><strong>des</strong></span> <span class='ocrx_word' id='word_1_92' title='bbox 734 1569 1065 1627; x_wconf 76' lang='lat' dir='ltr'><strong>prostratus;</strong></span> <span class='ocrx_word' id='word_1_93' title='bbox 1107 1561 1256 1615; x_wconf 91' lang='lat' dir='ltr'><strong>locus</strong></span> <span class='ocrx_word' id='word_1_94' title='bbox 1302 1562 1391 1630; x_wconf 91' lang='lat' dir='ltr'><strong>qui</strong></span> <span class='ocrx_word' id='word_1_95' title='bbox 1446 1562 1644 1617; x_wconf 89' lang='lat' dir='ltr'><strong>dicitur</strong></span> <span class='ocrx_word' id='word_1_96' title='bbox 1676 1564 2022 1628; x_wconf 83' lang='lat' dir='ltr'><strong>audientium,</strong></span> <span class='ocrx_word' id='word_1_97' title='bbox 2055 1575 2179 1620; x_wconf 90' lang='lat' dir='ltr'><strong>ante</strong></span> 
     </span>
    </p>
   </div>
   <div class='ocr_carea' id='block_1_17' title="bbox 613 1654 2176 1721">
    <p class='ocr_par' dir='ltr' id='par_1_17' title="bbox 613 1654 2176 1721">
     <span class='ocr_line' id='line_1_17' title="bbox 613 1654 2176 1721; baseline 0.006 -19"><span class='ocrx_word' id='word_1_98' title='bbox 613 1660 817 1717; x_wconf 87' lang='lat' dir='ltr'><strong>portas,</strong></span> <span class='ocrx_word' id='word_1_99' title='bbox 863 1667 982 1720; x_wconf 66' lang='lat' dir='ltr'><strong>quae</strong></span> <span class='ocrx_word' id='word_1_100' title='bbox 1026 1654 1258 1707; x_wconf 58' lang='lat' dir='ltr'><strong>basilicae</strong></span> <span class='ocrx_word' id='word_1_101' title='bbox 1282 1654 1555 1721; x_wconf 88' lang='lat' dir='ltr'><strong>dicuntur,</strong></span> <span class='ocrx_word' id='word_1_102' title='bbox 1603 1655 1668 1708; x_wconf 87' lang='lat' dir='ltr'><strong>ad</strong></span> <span class='ocrx_word' id='word_1_103' title='bbox 1710 1656 2039 1711; x_wconf 88' lang='lat' dir='ltr'><strong>audiendum</strong></span> <span class='ocrx_word' id='word_1_104' title='bbox 2061 1656 2176 1711; x_wconf 76' lang='lat' dir='ltr'><strong>olii-</strong></span> 
     </span>
    </p>
   </div>
   <div class='ocr_carea' id='block_1_18' title="bbox 611 1741 2173 1816">
    <p class='ocr_par' dir='ltr' id='par_1_18' title="bbox 611 1741 2173 1816">
     <span class='ocr_line' id='line_1_18' title="bbox 611 1741 2173 1816; baseline 0.006 -23"><span class='ocrx_word' id='word_1_105' title='bbox 611 1741 794 1809; x_wconf 90' lang='lat' dir='ltr'><strong>cium,</strong></span> <span class='ocrx_word' id='word_1_106' title='bbox 845 1745 936 1798; x_wconf 81' lang='lat' dir='ltr'><strong>ubi</strong></span> <span class='ocrx_word' id='word_1_107' title='bbox 986 1745 1307 1812; x_wconf 73' lang='lat' dir='ltr'><strong>pmnitentes</strong></span> <span class='ocrx_word' id='word_1_108' title='bbox 1347 1747 1587 1801; x_wconf 81' lang='lat' dir='ltr'><strong>divinum</strong></span> <span class='ocrx_word' id='word_1_109' title='bbox 1623 1747 1857 1802; x_wconf 83' lang='lat' dir='ltr'><strong>cilicium</strong></span> <span class='ocrx_word' id='word_1_110' title='bbox 1898 1749 2173 1816; x_wconf 90' lang='lat' dir='ltr'><strong>audiunt;</strong></span> 
     </span>
    </p>
   </div>
   <div class='ocr_carea' id='block_1_19' title="bbox 612 1837 2178 1920">
    <p class='ocr_par' dir='ltr' id='par_1_19' title="bbox 612 1837 2178 1920">
     <span class='ocr_line' id='line_1_19' title="bbox 612 1837 2178 1920; baseline 0 -27"><span class='ocrx_word' id='word_1_111' title='bbox 612 1837 1096 1906; x_wconf 81' lang='lat' dir='ltr'><strong>subsequestratio,</strong></span> <span class='ocrx_word' id='word_1_112' title='bbox 1129 1852 1248 1906; x_wconf 72' lang='lat' dir='ltr'><strong>qua:</strong></span> <span class='ocrx_word' id='word_1_113' title='bbox 1271 1847 1354 1892; x_wconf 89' lang='lat' dir='ltr'><strong>est</strong></span> <span class='ocrx_word' id='word_1_114' title='bbox 1393 1838 1555 1892; x_wconf 81' lang='lat' dir='ltr'><strong>statio</strong></span> <span class='ocrx_word' id='word_1_115' title='bbox 1602 1840 1860 1904; x_wconf 72' lang='lat' dir='ltr'><strong>ecclesim,</strong></span> <span class='ocrx_word' id='word_1_116' title='bbox 1894 1839 2034 1920; x_wconf 83' lang='lat' dir='ltr'><strong>intra</strong></span> <span class='ocrx_word' id='word_1_117' title='bbox 2062 1856 2178 1894; x_wconf 88' lang='lat' dir='ltr'><strong>am-</strong></span> 
     </span>
    </p>
   </div>
   <div class='ocr_carea' id='block_1_20' title="bbox 614 1907 2248 1998">
    <p class='ocr_par' dir='ltr' id='par_1_20' title="bbox 614 1907 2248 1998">
     <span class='ocr_line' id='line_1_20' title="bbox 614 1907 2248 1998; baseline 0.001 -15"><span class='ocrx_word' id='word_1_118' title='bbox 614 1930 782 1985; x_wconf 86' lang='lat' dir='ltr'><strong>bitum</strong></span> <span class='ocrx_word' id='word_1_119' title='bbox 812 1930 1073 1994; x_wconf 72' lang='lat' dir='ltr'><strong>ecclesiae,</strong></span> <span class='ocrx_word' id='word_1_120' title='bbox 1110 1927 1161 1981; x_wconf 93' lang='lat' dir='ltr'><strong>in</strong></span> <span class='ocrx_word' id='word_1_121' title='bbox 1192 1928 1476 1997; x_wconf 85' lang='lat' dir='ltr'><strong>posteriori</strong></span> <span class='ocrx_word' id='word_1_122' title='bbox 1519 1938 1670 1998; x_wconf 90' lang='lat' dir='ltr'><strong>parte</strong></span> <span class='ocrx_word' id='word_1_123' title='bbox 1699 1910 1969 1985; x_wconf 66' lang='lat' dir='ltr'><strong>ambonis.</strong></span> <span class='ocrx_word' id='word_1_124' title='bbox 2019 1928 2175 1985; x_wconf 88' lang='lat' dir='ltr'><strong>Unde</strong></span> <span class='ocrx_word' id='word_1_125' title='bbox 2208 1907 2248 1961; x_wconf 72' lang='grc' dir='ltr'><strong>Β</strong></span> 
     </span>
    </p>
   </div>
   <div class='ocr_carea' id='block_1_21' title="bbox 610 2020 2175 2093">
    <p class='ocr_par' dir='ltr' id='par_1_21' title="bbox 610 2020 2175 2093">
     <span class='ocr_line' id='line_1_21' title="bbox 610 2020 2175 2093; baseline 0.001 -18"><span class='ocrx_word' id='word_1_126' title='bbox 610 2032 685 2088; x_wconf 91' lang='lat' dir='ltr'><strong>et,</strong></span> <span class='ocrx_word' id='word_1_127' title='bbox 714 2021 806 2090; x_wconf 86' lang='lat' dir='ltr'><strong>qui</strong></span> <span class='ocrx_word' id='word_1_128' title='bbox 853 2021 923 2073; x_wconf 90' lang='lat' dir='ltr'><strong>ihi</strong></span> <span class='ocrx_word' id='word_1_129' title='bbox 946 2030 1045 2085; x_wconf 90' lang='lat' dir='ltr'><strong>est,</strong></span> <span class='ocrx_word' id='word_1_130' title='bbox 1079 2020 1134 2073; x_wconf 91' lang='lat' dir='ltr'><strong>in</strong></span> <span class='ocrx_word' id='word_1_131' title='bbox 1160 2020 1551 2075; x_wconf 87' lang='lat' dir='ltr'><strong>exclamatione</strong></span> <span class='ocrx_word' id='word_1_132' title='bbox 1582 2037 1703 2090; x_wconf 66' lang='lat' dir='ltr'><strong>qum</strong></span> <span class='ocrx_word' id='word_1_133' title='bbox 1740 2021 1798 2076; x_wconf 79' lang='lat' dir='ltr'><strong>ﬁt</strong></span> <span class='ocrx_word' id='word_1_134' title='bbox 1832 2022 1899 2077; x_wconf 90' lang='lat' dir='ltr'><strong>ad</strong></span> <span class='ocrx_word' id='word_1_135' title='bbox 1926 2037 2175 2093; x_wconf 89' lang='lat' dir='ltr'><strong>egressu-</strong></span> 
     </span>
    </p>
   </div>
   <div class='ocr_carea' id='block_1_22' title="bbox 612 2111 2175 2189">
    <p class='ocr_par' dir='ltr' id='par_1_22' title="bbox 612 2111 2175 2189">
     <span class='ocr_line' id='line_1_22' title="bbox 612 2111 2175 2189; baseline 0.003 -23"><span class='ocrx_word' id='word_1_136' title='bbox 612 2128 725 2175; x_wconf 89' lang='lat' dir='ltr'><strong>ros,</strong></span> <span class='ocrx_word' id='word_1_137' title='bbox 760 2119 814 2166; x_wconf 90' lang='lat' dir='ltr'><strong>et</strong></span> <span class='ocrx_word' id='word_1_138' title='bbox 846 2111 961 2180; x_wconf 89' lang='lat' dir='ltr'><strong>ipse</strong></span> <span class='ocrx_word' id='word_1_139' title='bbox 987 2126 1107 2165; x_wconf 92' lang='lat' dir='ltr'><strong>cum</strong></span> <span class='ocrx_word' id='word_1_140' title='bbox 1137 2112 1217 2165; x_wconf 90' lang='lat' dir='ltr'><strong>cis</strong></span> <span class='ocrx_word' id='word_1_141' title='bbox 1245 2113 1519 2181; x_wconf 83' lang='lat' dir='ltr'><strong>egreditur</strong></span> <span class='ocrx_word' id='word_1_142' title='bbox 1548 2116 1957 2181; x_wconf 84' lang='lat' dir='ltr'><strong>consistorium,</strong></span> <span class='ocrx_word' id='word_1_143' title='bbox 1992 2116 2175 2189; x_wconf 76' lang='lat' dir='ltr'><strong>illique</strong></span> 
     </span>
    </p>
   </div>
   <div class='ocr_carea' id='block_1_23' title="bbox 612 2204 2173 2279">
    <p class='ocr_par' dir='ltr' id='par_1_23' title="bbox 612 2204 2173 2279">
     <span class='ocr_line' id='line_1_23' title="bbox 612 2204 2173 2279; baseline 0.003 -21"><span class='ocrx_word' id='word_1_144' title='bbox 612 2204 884 2269; x_wconf 81' lang='lat' dir='ltr'><strong>statuitur,</strong></span> <span class='ocrx_word' id='word_1_145' title='bbox 913 2204 1005 2273; x_wconf 89' lang='lat' dir='ltr'><strong>qui</strong></span> <span class='ocrx_word' id='word_1_146' title='bbox 1036 2220 1206 2273; x_wconf 90' lang='lat' dir='ltr'><strong>usque</strong></span> <span class='ocrx_word' id='word_1_147' title='bbox 1234 2204 1300 2257; x_wconf 88' lang='lat' dir='ltr'><strong>ad</strong></span> <span class='ocrx_word' id='word_1_148' title='bbox 1329 2205 1779 2275; x_wconf 87' lang='lat' dir='ltr'><strong>complementum</strong></span> <span class='ocrx_word' id='word_1_149' title='bbox 1808 2209 1945 2263; x_wconf 87' lang='lat' dir='ltr'><strong>sacri</strong></span> <span class='ocrx_word' id='word_1_150' title='bbox 1972 2219 2173 2279; x_wconf 84' lang='lat' dir='ltr'><strong>myste-</strong></span> 
     </span>
    </p>
   </div>
   <div class='ocr_carea' id='block_1_24' title="bbox 613 2295 2173 2368">
    <p class='ocr_par' dir='ltr' id='par_1_24' title="bbox 613 2295 2173 2368">
     <span class='ocr_line' id='line_1_24' title="bbox 613 2295 2173 2368; baseline 0.003 -18"><span class='ocrx_word' id='word_1_151' title='bbox 613 2297 676 2350; x_wconf 92' lang='lat' dir='ltr'><strong>rii</strong></span> <span class='ocrx_word' id='word_1_152' title='bbox 706 2306 1068 2366; x_wconf 82' lang='lat' dir='ltr'><strong>perseverant.</strong></span> <span class='ocrx_word' id='word_1_153' title='bbox 1116 2295 1289 2350; x_wconf 87' lang='lat' dir='ltr'><strong>Statio</strong></span> <span class='ocrx_word' id='word_1_154' title='bbox 1308 2312 1435 2349; x_wconf 84' lang='lat' dir='ltr'><strong>vero</strong></span> <span class='ocrx_word' id='word_1_155' title='bbox 1463 2314 1586 2351; x_wconf 92' lang='lat' dir='ltr'><strong>cum</strong></span> <span class='ocrx_word' id='word_1_156' title='bbox 1620 2299 1889 2364; x_wconf 85' lang='lat' dir='ltr'><strong>fidelibus,</strong></span> <span class='ocrx_word' id='word_1_157' title='bbox 1924 2300 1983 2354; x_wconf 82' lang='lat' dir='ltr'><strong>ﬁt</strong></span> <span class='ocrx_word' id='word_1_158' title='bbox 2008 2300 2173 2368; x_wconf 85' lang='lat' dir='ltr'><strong>parti—</strong></span> 
     </span>
    </p>
   </div>
   <div class='ocr_carea' id='block_1_25' title="bbox 611 2387 2174 2457">
    <p class='ocr_par' dir='ltr' id='par_1_25' title="bbox 611 2387 2174 2457">
     <span class='ocr_line' id='line_1_25' title="bbox 611 2387 2174 2457; baseline 0.003 -16"><span class='ocrx_word' id='word_1_159' title='bbox 611 2389 812 2457; x_wconf 89' lang='lat' dir='ltr'><strong>cipatio</strong></span> <span class='ocrx_word' id='word_1_160' title='bbox 848 2387 1044 2442; x_wconf 86' lang='lat' dir='ltr'><strong>vivifici</strong></span> <span class='ocrx_word' id='word_1_161' title='bbox 1091 2388 1278 2456; x_wconf 86' lang='lat' dir='ltr'><strong>panis,</strong></span> <span class='ocrx_word' id='word_1_162' title='bbox 1323 2396 1378 2441; x_wconf 91' lang='lat' dir='ltr'><strong>et</strong></span> <span class='ocrx_word' id='word_1_163' title='bbox 1420 2390 1847 2442; x_wconf 90' lang='lat' dir='ltr'><strong>communicatio</strong></span> <span class='ocrx_word' id='word_1_164' title='bbox 1880 2398 1934 2443; x_wconf 91' lang='lat' dir='ltr'><strong>et</strong></span> <span class='ocrx_word' id='word_1_165' title='bbox 1989 2390 2174 2445; x_wconf 88' lang='lat' dir='ltr'><strong>libatio</strong></span> 
     </span>
    </p>
   </div>
   <div class='ocr_carea' id='block_1_26' title="bbox 610 2476 2168 2549">
    <p class='ocr_par' dir='ltr' id='par_1_26' title="bbox 610 2476 2168 2549">
     <span class='ocr_line' id='line_1_26' title="bbox 610 2476 2168 2549; baseline 0.001 -17"><span class='ocrx_word' id='word_1_166' title='bbox 610 2477 795 2533; x_wconf 88' lang='lat' dir='ltr'><strong>calicis</strong></span> <span class='ocrx_word' id='word_1_167' title='bbox 814 2477 1043 2531; x_wconf 87' lang='lat' dir='ltr'><strong>Domini.</strong></span> <span class='ocrx_word' id='word_1_168' title='bbox 1067 2476 1198 2531; x_wconf 80' lang='lat' dir='ltr'><strong>Cum</strong></span> <span class='ocrx_word' id='word_1_169' title='bbox 1222 2494 1252 2529; x_wconf 88' lang='lat' dir='ltr'><strong>a</strong></span> <span class='ocrx_word' id='word_1_170' title='bbox 1271 2477 1538 2531; x_wconf 89' lang='lat' dir='ltr'><strong>mendacio</strong></span> <span class='ocrx_word' id='word_1_171' title='bbox 1562 2478 1743 2532; x_wconf 82' lang='lat' dir='ltr'><strong>mundi</strong></span> <span class='ocrx_word' id='word_1_172' title='bbox 1769 2478 2044 2549; x_wconf 73' lang='lat' dir='ltr'><strong>fuerimus,</strong></span> <span class='ocrx_word' id='word_1_173' title='bbox 2063 2490 2168 2536; x_wconf 89' lang='lat' dir='ltr'><strong>etc.</strong></span> 
     </span>
    </p>
   </div>
   <div class='ocr_carea' id='block_1_27' title="bbox 610 2570 2169 2641">
    <p class='ocr_par' dir='ltr' id='par_1_27' title="bbox 610 2570 2169 2641">
     <span class='ocr_line' id='line_1_27' title="bbox 610 2570 2169 2641; baseline 0.001 -17"><span class='ocrx_word' id='word_1_174' title='bbox 610 2572 708 2625; x_wconf 76' lang='lat' dir='ltr'><strong>Est</strong></span> <span class='ocrx_word' id='word_1_175' title='bbox 760 2580 977 2633; x_wconf 89' lang='lat' dir='ltr'><strong>autem,</strong></span> <span class='ocrx_word' id='word_1_176' title='bbox 1038 2570 1246 2638; x_wconf 89' lang='lat' dir='ltr'><strong>inquit,</strong></span> <span class='ocrx_word' id='word_1_177' title='bbox 1307 2570 1524 2639; x_wconf 82' lang='lat' dir='ltr'><strong>quando</strong></span> <span class='ocrx_word' id='word_1_178' title='bbox 1580 2583 1791 2641; x_wconf 85' lang='lat' dir='ltr'><strong>tempus</strong></span> <span class='ocrx_word' id='word_1_179' title='bbox 1843 2580 1995 2626; x_wconf 75' lang='lat' dir='ltr'><strong>vocat</strong></span> <span class='ocrx_word' id='word_1_180' title='bbox 2047 2587 2169 2626; x_wconf 90' lang='lat' dir='ltr'><strong>eum</strong></span> 
     </span>
    </p>
   </div>
   <div class='ocr_carea' id='block_1_28' title="bbox 609 2661 2169 2734">
    <p class='ocr_par' dir='ltr' id='par_1_28' title="bbox 609 2661 2169 2734">
     <span class='ocr_line' id='line_1_28' title="bbox 609 2661 2169 2734; baseline 0.003 -21"><span class='ocrx_word' id='word_1_181' title='bbox 609 2662 702 2731; x_wconf 87' lang='lat' dir='ltr'><strong>qui</strong></span> <span class='ocrx_word' id='word_1_182' title='bbox 761 2663 815 2716; x_wconf 92' lang='lat' dir='ltr'><strong>in</strong></span> <span class='ocrx_word' id='word_1_183' title='bbox 859 2662 1111 2717; x_wconf 90' lang='lat' dir='ltr'><strong>omnibus</strong></span> <span class='ocrx_word' id='word_1_184' title='bbox 1140 2672 1193 2716; x_wconf 91' lang='lat' dir='ltr'><strong>et</strong></span> <span class='ocrx_word' id='word_1_185' title='bbox 1223 2661 1425 2732; x_wconf 90' lang='lat' dir='ltr'><strong>ubique</strong></span> <span class='ocrx_word' id='word_1_186' title='bbox 1471 2678 1628 2717; x_wconf 85' lang='lat' dir='ltr'><strong>verax</strong></span> <span class='ocrx_word' id='word_1_187' title='bbox 1678 2673 1761 2718; x_wconf 92' lang='lat' dir='ltr'><strong>est</strong></span> <span class='ocrx_word' id='word_1_188' title='bbox 1818 2674 1870 2718; x_wconf 86' lang='lat' dir='ltr'><strong>et</strong></span> <span class='ocrx_word' id='word_1_189' title='bbox 1918 2663 2169 2734; x_wconf 80' lang='lat' dir='ltr'><strong>simplex,</strong></span> 
     </span>
    </p>
   </div>
   <div class='ocr_carea' id='block_1_29' title="bbox 607 2754 2167 2824">
    <p class='ocr_par' dir='ltr' id='par_1_29' title="bbox 607 2754 2167 2824">
     <span class='ocr_line' id='line_1_29' title="bbox 607 2754 2167 2824; baseline 0.001 -16"><span class='ocrx_word' id='word_1_190' title='bbox 607 2764 938 2808; x_wconf 87' lang='lat' dir='ltr'><strong>commutare</strong></span> <span class='ocrx_word' id='word_1_191' title='bbox 958 2764 1051 2809; x_wconf 90' lang='lat' dir='ltr'><strong>aut</strong></span> <span class='ocrx_word' id='word_1_192' title='bbox 1068 2754 1311 2819; x_wconf 83' lang='lat' dir='ltr'><strong>verbum,</strong></span> <span class='ocrx_word' id='word_1_193' title='bbox 1330 2764 1585 2817; x_wconf 87' lang='lat' dir='ltr'><strong>mortem,</strong></span> <span class='ocrx_word' id='word_1_194' title='bbox 1604 2765 1698 2808; x_wconf 89' lang='lat' dir='ltr'><strong>aut</strong></span> <span class='ocrx_word' id='word_1_195' title='bbox 1720 2756 2167 2824; x_wconf 89' lang='lat' dir='ltr'><strong>suppositionem,</strong></span> 
     </span>
    </p>
   </div>
   <div class='ocr_carea' id='block_1_30' title="bbox 610 2844 2167 2910">
    <p class='ocr_par' dir='ltr' id='par_1_30' title="bbox 610 2844 2167 2910">
     <span class='ocr_line' id='line_1_30' title="bbox 610 2844 2167 2910; baseline 0.002 -12"><span class='ocrx_word' id='word_1_196' title='bbox 610 2845 775 2901; x_wconf 82' lang='lat' dir='ltr'><strong>habes</strong></span> <span class='ocrx_word' id='word_1_197' title='bbox 834 2846 1038 2909; x_wconf 80' lang='lat' dir='ltr'><strong>David,</strong></span> <span class='ocrx_word' id='word_1_198' title='bbox 1078 2846 1391 2910; x_wconf 83' lang='lat' dir='ltr'><strong>Abraham,</strong></span> <span class='ocrx_word' id='word_1_199' title='bbox 1447 2844 1598 2900; x_wconf 82' lang='lat' dir='ltr'><strong>Raab</strong></span> <span class='ocrx_word' id='word_1_200' title='bbox 1642 2856 1696 2901; x_wconf 91' lang='lat' dir='ltr'><strong>et</strong></span> <span class='ocrx_word' id='word_1_201' title='bbox 1750 2845 2052 2901; x_wconf 89' lang='lat' dir='ltr'><strong>Samuelem</strong></span> <span class='ocrx_word' id='word_1_202' title='bbox 2117 2849 2167 2901; x_wconf 92' lang='lat' dir='ltr'><strong>in</strong></span> 
     </span>
    </p>
   </div>
   <div class='ocr_carea' id='block_1_31' title="bbox 601 2934 1258 2994">
    <p class='ocr_par' dir='ltr' id='par_1_31' title="bbox 601 2934 1258 2994">
     <span class='ocr_line' id='line_1_31' title="bbox 601 2934 1258 2994; baseline -0.003 -3"><span class='ocrx_word' id='word_1_203' title='bbox 601 2938 863 2994; x_wconf 85' lang='lat' dir='ltr'><strong>unetione</strong></span> <span class='ocrx_word' id='word_1_204' title='bbox 906 2938 1094 2992; x_wconf 85' lang='lat' dir='ltr'><strong>David.</strong></span> <span class='ocrx_word' id='word_1_205' title='bbox 1250 2934 1258 2941; x_wconf 87' lang='grc'><em>’</em></span> 
     </span>
    </p>
   </div>
   <div class='ocr_carea' id='block_1_32' title="bbox 1234 3028 1535 3084">
    <p class='ocr_par' dir='ltr' id='par_1_32' title="bbox 1234 3028 1535 3084">
     <span class='ocr_line' id='line_1_32' title="bbox 1234 3028 1535 3084; baseline -0.003 0"><span class='ocrx_word' id='word_1_206' title='bbox 1234 3030 1363 3084; x_wconf 67' lang='lat' dir='ltr'><strong>Car.</strong></span> <span class='ocrx_word' id='word_1_207' title='bbox 1402 3028 1535 3084; x_wconf 78' lang='lat' dir='ltr'>XIII.</span> 
     </span>
    </p>
   </div>
   <div class='ocr_carea' id='block_1_33' title="bbox 672 3121 2164 3192">
    <p class='ocr_par' dir='ltr' id='par_1_33' title="bbox 672 3121 2164 3192">
     <span class='ocr_line' id='line_1_33' title="bbox 672 3121 2164 3192; baseline 0.002 -17"><span class='ocrx_word' id='word_1_208' title='bbox 672 3121 780 3189; x_wconf 80' lang='lat' dir='ltr'><strong>Qui</strong></span> <span class='ocrx_word' id='word_1_209' title='bbox 834 3122 995 3192; x_wconf 82' lang='lat' dir='ltr'><strong>igitur</strong></span> <span class='ocrx_word' id='word_1_210' title='bbox 1033 3122 1261 3189; x_wconf 85' lang='lat' dir='ltr'><strong>primum</strong></span> <span class='ocrx_word' id='word_1_211' title='bbox 1306 3124 1618 3176; x_wconf 83' lang='lat' dir='ltr'><strong>mandatum</strong></span> <span class='ocrx_word' id='word_1_212' title='bbox 1657 3133 1889 3178; x_wconf 80' lang='lat' dir='ltr'><strong>servant.</strong></span> <span class='ocrx_word' id='word_1_213' title='bbox 1959 3122 2061 3191; x_wconf 85' lang='lat' dir='ltr'><strong>Qui</strong></span> <span class='ocrx_word' id='word_1_214' title='bbox 2099 3139 2164 3179; x_wconf 82' lang='lat' dir='ltr'><strong>ex</strong></span> 
     </span>
    </p>
   </div>
   <div class='ocr_carea' id='block_1_34' title="bbox 2282 640 3849 719">
    <p class='ocr_par' dir='ltr' id='par_1_34' title="bbox 2282 640 3849 719">
     <span class='ocr_line' id='line_1_34' title="bbox 2282 640 3849 719; baseline 0.006 -25"><span class='ocrx_word' id='word_1_215' title='bbox 2282 640 2829 715; x_wconf 57' lang='lat' dir='ltr'><strong>Primammomparat</strong></span> <span class='ocrx_word' id='word_1_216' title='bbox 2865 645 3113 712; x_wconf 86' lang='lat' dir='ltr'><strong>lucifero,</strong></span> <span class='ocrx_word' id='word_1_217' title='bbox 3146 648 3439 702; x_wconf 86' lang='lat' dir='ltr'><strong>secundam</strong></span> <span class='ocrx_word' id='word_1_218' title='bbox 3480 648 3627 703; x_wconf 78' lang='lat' dir='ltr'><strong>luna:</strong></span> <span class='ocrx_word' id='word_1_219' title='bbox 3648 650 3849 719; x_wconf 63' lang='lat' dir='ltr'><strong>plenae,</strong></span> 
     </span>
    </p>
   </div>
   <div class='ocr_carea' id='block_1_35' title="bbox 2283 733 3849 809">
    <p class='ocr_par' dir='ltr' id='par_1_35' title="bbox 2283 733 3849 809">
     <span class='ocr_line' id='line_1_35' title="bbox 2283 733 3849 809; baseline 0.004 -25"><span class='ocrx_word' id='word_1_220' title='bbox 2283 734 2493 786; x_wconf 88' lang='lat' dir='ltr'><strong>tertiam</strong></span> <span class='ocrx_word' id='word_1_221' title='bbox 2518 734 2640 788; x_wconf 89' lang='lat' dir='ltr'><strong>soli.</strong></span> <span class='ocrx_word' id='word_1_222' title='bbox 2687 733 2761 789; x_wconf 84' lang='lat' dir='ltr'><strong>Hi</strong></span> <span class='ocrx_word' id='word_1_223' title='bbox 2786 738 2944 802; x_wconf 86' lang='lat' dir='ltr'><strong>enim,</strong></span> <span class='ocrx_word' id='word_1_224' title='bbox 2978 737 3202 803; x_wconf 84' lang='lat' dir='ltr'><strong>ratione,</strong></span> <span class='ocrx_word' id='word_1_225' title='bbox 3229 737 3388 791; x_wconf 73' lang='lat' dir='ltr'><strong>ueluti</strong></span> <span class='ocrx_word' id='word_1_226' title='bbox 3415 737 3593 807; x_wconf 79' lang='lat' dir='ltr'><strong>gladio</strong></span> <span class='ocrx_word' id='word_1_227' title='bbox 3615 738 3849 809; x_wconf 83' lang='lat' dir='ltr'><strong>quodam</strong></span> 
     </span>
    </p>
   </div>
   <div class='ocr_carea' id='block_1_36' title="bbox 2282 823 3851 899">
    <p class='ocr_par' dir='ltr' id='par_1_36' title="bbox 2282 823 3851 899">
     <span class='ocr_line' id='line_1_36' title="bbox 2282 823 3851 899; baseline 0.004 -25"><span class='ocrx_word' id='word_1_228' title='bbox 2282 823 2586 877; x_wconf 77' lang='lat' dir='ltr'><strong>abscindere</strong></span> <span class='ocrx_word' id='word_1_229' title='bbox 2624 840 2699 887; x_wconf 86' lang='lat' dir='ltr'><strong>se,</strong></span> <span class='ocrx_word' id='word_1_230' title='bbox 2728 834 2833 880; x_wconf 89' lang='lat' dir='ltr'><strong>etc.</strong></span> <span class='ocrx_word' id='word_1_231' title='bbox 2886 825 3022 892; x_wconf 86' lang='lat' dir='ltr'><strong>Quia</strong></span> <span class='ocrx_word' id='word_1_232' title='bbox 3057 828 3322 897; x_wconf 73' lang='lat' dir='ltr'><strong>printipia</strong></span> <span class='ocrx_word' id='word_1_233' title='bbox 3348 829 3669 883; x_wconf 83' lang='lat' dir='ltr'><strong>vitiosarum</strong></span> <span class='ocrx_word' id='word_1_234' title='bbox 3683 829 3851 899; x_wconf 78' lang='lat' dir='ltr'><strong>.cogi—</strong></span> 
     </span>
    </p>
   </div>
   <div class='ocr_carea' id='block_1_37' title="bbox 2282 914 3851 985">
    <p class='ocr_par' dir='ltr' id='par_1_37' title="bbox 2282 914 3851 985">
     <span class='ocr_line' id='line_1_37' title="bbox 2282 914 3851 985; baseline 0.006 -19"><span class='ocrx_word' id='word_1_235' title='bbox 2282 914 2547 969; x_wconf 88' lang='lat' dir='ltr'><strong>tationum</strong></span> <span class='ocrx_word' id='word_1_236' title='bbox 2582 914 2808 969; x_wconf 89' lang='lat' dir='ltr'><strong>viriliter</strong></span> <span class='ocrx_word' id='word_1_237' title='bbox 2840 926 3185 985; x_wconf 73' lang='lat' dir='ltr'><strong>expugnant,</strong></span> <span class='ocrx_word' id='word_1_238' title='bbox 3220 930 3276 972; x_wconf 92' lang='lat' dir='ltr'><strong>et</strong></span> <span class='ocrx_word' id='word_1_239' title='bbox 3320 917 3399 973; x_wconf 78' lang='lat' dir='ltr'><strong>alt</strong></span> <span class='ocrx_word' id='word_1_240' title='bbox 3418 920 3565 973; x_wconf 92' lang='lat' dir='ltr'><strong>omni</strong></span> <span class='ocrx_word' id='word_1_241' title='bbox 3607 918 3851 974; x_wconf 83' lang='lat' dir='ltr'><strong>delecta-</strong></span> 
     </span>
    </p>
   </div>
   <div class='ocr_carea' id='block_1_38' title="bbox 2283 1006 3849 1075">
    <p class='ocr_par' dir='ltr' id='par_1_38' title="bbox 2283 1006 3849 1075">
     <span class='ocr_line' id='line_1_38' title="bbox 2283 1006 3849 1075; baseline 0.003 -17"><span class='ocrx_word' id='word_1_242' title='bbox 2283 1006 2450 1069; x_wconf 89' lang='lat' dir='ltr'><strong>tione,</strong></span> <span class='ocrx_word' id='word_1_243' title='bbox 2476 1015 2532 1059; x_wconf 90' lang='lat' dir='ltr'><strong>et</strong></span> <span class='ocrx_word' id='word_1_244' title='bbox 2552 1015 2912 1070; x_wconf 89' lang='lat' dir='ltr'><strong>consensu,et</strong></span> <span class='ocrx_word' id='word_1_245' title='bbox 2935 1020 3097 1075; x_wconf 88' lang='lat' dir='ltr'><strong>opere</strong></span> <span class='ocrx_word' id='word_1_246' title='bbox 3120 1008 3264 1063; x_wconf 90' lang='lat' dir='ltr'><strong>malo</strong></span> <span class='ocrx_word' id='word_1_247' title='bbox 3291 1009 3569 1065; x_wconf 87' lang='lat' dir='ltr'><strong>recedunt.</strong></span> <span class='ocrx_word' id='word_1_248' title='bbox 3610 1009 3849 1064; x_wconf 70' lang='lat' dir='ltr'><strong>Miseru-</strong></span> 
     </span>
    </p>
   </div>
   <div class='ocr_carea' id='block_1_39' title="bbox 2280 1096 3851 1172">
    <p class='ocr_par' dir='ltr' id='par_1_39' title="bbox 2280 1096 3851 1172">
     <span class='ocr_line' id='line_1_39' title="bbox 2280 1096 3851 1172; baseline 0.005 -23"><span class='ocrx_word' id='word_1_249' title='bbox 2280 1097 2396 1149; x_wconf 83' lang='lat' dir='ltr'><strong>bilis</strong></span> <span class='ocrx_word' id='word_1_250' title='bbox 2416 1097 2626 1166; x_wconf 85' lang='lat' dir='ltr'><strong>quidem</strong></span> <span class='ocrx_word' id='word_1_251' title='bbox 2647 1106 2697 1151; x_wconf 86' lang='lat' dir='ltr'><strong>et</strong></span> <span class='ocrx_word' id='word_1_252' title='bbox 2717 1096 2809 1151; x_wconf 77' lang='lat' dir='ltr'><strong>ius</strong></span> <span class='ocrx_word' id='word_1_253' title='bbox 2831 1098 2917 1167; x_wconf 71' lang='lat' dir='ltr'><strong>qui</strong></span> <span class='ocrx_word' id='word_1_254' title='bbox 2946 1097 3168 1159; x_wconf 81' lang='lat' dir='ltr'><strong>corruit.</strong></span> <span class='ocrx_word' id='word_1_255' title='bbox 3190 1107 3292 1153; x_wconf 86' lang='lat' dir='ltr'><strong>etc.</strong></span> <span class='ocrx_word' id='word_1_256' title='bbox 3336 1100 3527 1157; x_wconf 87' lang='lat' dir='ltr'><strong>Omnis</strong></span> <span class='ocrx_word' id='word_1_257' title='bbox 3554 1103 3647 1172; x_wconf 89' lang='lat' dir='ltr'><strong>qui</strong></span> <span class='ocrx_word' id='word_1_258' title='bbox 3674 1101 3851 1157; x_wconf 83' lang='lat' dir='ltr'><strong>verbo</strong></span> 
     </span>
    </p>
   </div>
   <div class='ocr_carea' id='block_1_40' title="bbox 2279 1186 3847 1271">
    <p class='ocr_par' dir='ltr' id='par_1_40' title="bbox 2279 1186 3847 1271">
     <span class='ocr_line' id='line_1_40' title="bbox 2279 1186 3847 1271; baseline 0.004 -32"><span class='ocrx_word' id='word_1_259' title='bbox 2279 1186 2567 1255; x_wconf 65' lang='lat' dir='ltr'><strong>doctrinae,</strong></span> <span class='ocrx_word' id='word_1_260' title='bbox 2603 1195 2699 1241; x_wconf 85' lang='lat' dir='ltr'><strong>aut</strong></span> <span class='ocrx_word' id='word_1_261' title='bbox 2737 1186 2985 1271; x_wconf 61' lang='lat' dir='ltr'><strong>exemplo</strong></span> <span class='ocrx_word' id='word_1_262' title='bbox 3034 1186 3245 1255; x_wconf 80' lang='lat' dir='ltr'><strong>operis,</strong></span> <span class='ocrx_word' id='word_1_263' title='bbox 3294 1203 3390 1242; x_wconf 90' lang='lat' dir='ltr'><strong>seu</strong></span> <span class='ocrx_word' id='word_1_264' title='bbox 3437 1202 3710 1260; x_wconf 65' lang='lat' dir='ltr'><strong>praecepto</strong></span> <span class='ocrx_word' id='word_1_265' title='bbox 3755 1193 3847 1245; x_wconf 90' lang='lat' dir='ltr'><strong>in-</strong></span> 
     </span>
    </p>
   </div>
   <div class='ocr_carea' id='block_1_41' title="bbox 2280 1274 3846 1345">
    <p class='ocr_par' dir='ltr' id='par_1_41' title="bbox 2280 1274 3846 1345">
     <span class='ocr_line' id='line_1_41' title="bbox 2280 1274 3846 1345; baseline 0.003 -13"><span class='ocrx_word' id='word_1_266' title='bbox 2280 1278 2515 1332; x_wconf 88' lang='lat' dir='ltr'><strong>discreto</strong></span> <span class='ocrx_word' id='word_1_267' title='bbox 2535 1279 2621 1333; x_wconf 86' lang='lat' dir='ltr'><strong>vel</strong></span> <span class='ocrx_word' id='word_1_268' title='bbox 2653 1277 2877 1345; x_wconf 73' lang='lat' dir='ltr'><strong>iniusto,</strong></span> <span class='ocrx_word' id='word_1_269' title='bbox 2905 1276 3126 1333; x_wconf 87' lang='lat' dir='ltr'><strong>fratrem</strong></span> <span class='ocrx_word' id='word_1_270' title='bbox 3165 1287 3262 1332; x_wconf 86' lang='lat' dir='ltr'><strong>aut</strong></span> <span class='ocrx_word' id='word_1_271' title='bbox 3294 1274 3571 1335; x_wconf 79' lang='lat' dir='ltr'><strong>subditum</strong></span> <span class='ocrx_word' id='word_1_272' title='bbox 3600 1283 3654 1337; x_wconf 91' lang='lat' dir='ltr'><strong>in</strong></span> <span class='ocrx_word' id='word_1_273' title='bbox 3682 1283 3846 1339; x_wconf 87' lang='lat' dir='ltr'><strong>hara-</strong></span> 
     </span>
    </p>
   </div>
   <div class='ocr_carea' id='block_1_42' title="bbox 2282 1369 3844 1469">
    <p class='ocr_par' dir='ltr' id='par_1_42' title="bbox 2282 1369 3844 1469">
     <span class='ocr_line' id='line_1_42' title="bbox 2282 1369 3844 1469; baseline 0.005 -48"><span class='ocrx_word' id='word_1_274' title='bbox 2282 1369 2462 1422; x_wconf 91' lang='lat' dir='ltr'><strong>thrum</strong></span> <span class='ocrx_word' id='word_1_275' title='bbox 2501 1370 2731 1439; x_wconf 87' lang='lat' dir='ltr'><strong>impellit</strong></span> <span class='ocrx_word' id='word_1_276' title='bbox 2760 1380 2813 1469; x_wconf 57' lang='lat' dir='ltr'><strong>et</strong></span> <span class='ocrx_word' id='word_1_277' title='bbox 2840 1369 3141 1439; x_wconf 79' lang='lat' dir='ltr'><strong>immergit,</strong></span> <span class='ocrx_word' id='word_1_278' title='bbox 3179 1370 3263 1425; x_wconf 88' lang='lat' dir='ltr'><strong>sui</strong></span> <span class='ocrx_word' id='word_1_279' title='bbox 3292 1369 3463 1439; x_wconf 89' lang='lat' dir='ltr'><strong>ipsius</strong></span> <span class='ocrx_word' id='word_1_280' title='bbox 3490 1381 3545 1425; x_wconf 88' lang='lat' dir='ltr'><strong>et</strong></span> <span class='ocrx_word' id='word_1_281' title='bbox 3583 1375 3844 1441; x_wconf 78' lang='lat' dir='ltr'><strong>proximi,</strong></span> 
     </span>
    </p>
   </div>
   <div class='ocr_carea' id='block_1_43' title="bbox 2278 1460 3845 1535">
    <p class='ocr_par' dir='ltr' id='par_1_43' title="bbox 2278 1460 3845 1535">
     <span class='ocr_line' id='line_1_43' title="bbox 2278 1460 3845 1535; baseline 0.004 -21"><span class='ocrx_word' id='word_1_282' title='bbox 2278 1474 2463 1514; x_wconf 87' lang='lat' dir='ltr'><strong>coram</strong></span> <span class='ocrx_word' id='word_1_283' title='bbox 2500 1460 2911 1525; x_wconf 87' lang='lat' dir='ltr'><strong>Domino,&#39;reus</strong></span> <span class='ocrx_word' id='word_1_284' title='bbox 2940 1473 3064 1517; x_wconf 91' lang='lat' dir='ltr'><strong>est:</strong></span> <span class='ocrx_word' id='word_1_285' title='bbox 3114 1463 3257 1517; x_wconf 88' lang='lat' dir='ltr'><strong>unde</strong></span> <span class='ocrx_word' id='word_1_286' title='bbox 3290 1461 3628 1532; x_wconf 75' lang='lat' dir='ltr'><strong>iudicabitur</strong></span> <span class='ocrx_word' id='word_1_287' title='bbox 3653 1465 3845 1535; x_wconf 83' lang='lat' dir='ltr'><strong>utique</strong></span> 
     </span>
    </p>
   </div>
   <div class='ocr_carea' id='block_1_44' title="bbox 2279 1553 3846 1628">
    <p class='ocr_par' dir='ltr' id='par_1_44' title="bbox 2279 1553 3846 1628">
     <span class='ocr_line' id='line_1_44' title="bbox 2279 1553 3846 1628; baseline 0.003 -20"><span class='ocrx_word' id='word_1_288' title='bbox 2279 1554 2421 1608; x_wconf 89' lang='lat' dir='ltr'><strong>sicut</strong></span> <span class='ocrx_word' id='word_1_289' title='bbox 2446 1553 2635 1623; x_wconf 89' lang='lat' dir='ltr'><strong>mortis</strong></span> <span class='ocrx_word' id='word_1_290' title='bbox 2666 1565 2856 1609; x_wconf 88' lang='lat' dir='ltr'><strong>auctor</strong></span> <span class='ocrx_word' id='word_1_291' title='bbox 2880 1565 2936 1610; x_wconf 92' lang='lat' dir='ltr'><strong>et</strong></span> <span class='ocrx_word' id='word_1_292' title='bbox 2974 1565 3145 1611; x_wconf 88' lang='lat' dir='ltr'><strong>actor.</strong></span> <span class='ocrx_word' id='word_1_293' title='bbox 3176 1558 3519 1611; x_wconf 77' lang='lat' dir='ltr'><strong>Advertamus</strong></span> <span class='ocrx_word' id='word_1_294' title='bbox 3538 1556 3846 1628; x_wconf 83' lang='lat' dir='ltr'><strong>diligenter,</strong></span> 
     </span>
    </p>
   </div>
   <div class='ocr_carea' id='block_1_45' title="bbox 2277 1645 3839 1717">
    <p class='ocr_par' dir='ltr' id='par_1_45' title="bbox 2277 1645 3839 1717">
     <span class='ocr_line' id='line_1_45' title="bbox 2277 1645 3839 1717; baseline 0.006 -19"><span class='ocrx_word' id='word_1_295' title='bbox 2277 1654 2327 1698; x_wconf 89' lang='lat' dir='ltr'><strong>et</strong></span> <span class='ocrx_word' id='word_1_296' title='bbox 2378 1645 2666 1700; x_wconf 81' lang='lat' dir='ltr'><strong>videbimus</strong></span> <span class='ocrx_word' id='word_1_297' title='bbox 2709 1646 2851 1711; x_wconf 84' lang='lat' dir='ltr'><strong>ipsos</strong></span> <span class='ocrx_word' id='word_1_298' title='bbox 2882 1648 3151 1717; x_wconf 80' lang='lat' dir='ltr'><strong>spiritales</strong></span> <span class='ocrx_word' id='word_1_299' title='bbox 3188 1649 3427 1703; x_wconf 83' lang='lat' dir='ltr'><strong>inimicos</strong></span> <span class='ocrx_word' id='word_1_300' title='bbox 3460 1659 3692 1714; x_wconf 77' lang='lat' dir='ltr'><strong>nostros,</strong></span> <span class='ocrx_word' id='word_1_301' title='bbox 3733 1660 3839 1707; x_wconf 86' lang='lat' dir='ltr'><strong>etc.</strong></span> 
     </span>
    </p>
   </div>
   <div class='ocr_carea' id='block_1_46' title="bbox 2279 1734 3841 1809">
    <p class='ocr_par' dir='ltr' id='par_1_46' title="bbox 2279 1734 3841 1809">
     <span class='ocr_line' id='line_1_46' title="bbox 2279 1734 3841 1809; baseline 0.004 -19"><span class='ocrx_word' id='word_1_302' title='bbox 2279 1734 2423 1790; x_wconf 86' lang='lat' dir='ltr'><strong>Sane</strong></span> <span class='ocrx_word' id='word_1_303' title='bbox 2446 1735 2812 1801; x_wconf 82' lang='lat' dir='ltr'><strong>intendamus,</strong></span> <span class='ocrx_word' id='word_1_304' title='bbox 2837 1737 3033 1806; x_wconf 86' lang='lat' dir='ltr'><strong>inquit,</strong></span> <span class='ocrx_word' id='word_1_305' title='bbox 3053 1739 3328 1809; x_wconf 86' lang='lat' dir='ltr'><strong>quomodo</strong></span> <span class='ocrx_word' id='word_1_306' title='bbox 3350 1739 3625 1804; x_wconf 85' lang='lat' dir='ltr'><strong>inimicus,</strong></span> <span class='ocrx_word' id='word_1_307' title='bbox 3646 1751 3841 1796; x_wconf 85' lang='lat' dir='ltr'><strong>contra</strong></span> 
     </span>
    </p>
   </div>
   <div class='ocr_carea' id='block_1_47' title="bbox 2279 1829 3841 1901">
    <p class='ocr_par' dir='ltr' id='par_1_47' title="bbox 2279 1829 3841 1901">
     <span class='ocr_line' id='line_1_47' title="bbox 2279 1829 3841 1901; baseline 0.004 -20"><span class='ocrx_word' id='word_1_308' title='bbox 2279 1842 2720 1898; x_wconf 86' lang='lat' dir='ltr'><strong>unumquemque</strong></span> <span class='ocrx_word' id='word_1_309' title='bbox 2758 1829 2910 1899; x_wconf 80' lang='lat' dir='ltr'><strong>juxta</strong></span> <span class='ocrx_word' id='word_1_310' title='bbox 2942 1830 3090 1900; x_wconf 87' lang='lat' dir='ltr'><strong>quod</strong></span> <span class='ocrx_word' id='word_1_311' title='bbox 3127 1847 3252 1887; x_wconf 91' lang='lat' dir='ltr'><strong>eum</strong></span> <span class='ocrx_word' id='word_1_312' title='bbox 3284 1831 3609 1901; x_wconf 86' lang='lat' dir='ltr'><strong>dispositum</strong></span> <span class='ocrx_word' id='word_1_313' title='bbox 3640 1832 3841 1887; x_wconf 88' lang='lat' dir='ltr'><strong>viderit</strong></span> 
     </span>
    </p>
   </div>
   <div class='ocr_carea' id='block_1_48' title="bbox 2276 1920 3838 1997">
    <p class='ocr_par' dir='ltr' id='par_1_48' title="bbox 2276 1920 3838 1997">
     <span class='ocr_line' id='line_1_48' title="bbox 2276 1920 3838 1997; baseline 0.006 -25"><span class='ocrx_word' id='word_1_314' title='bbox 2276 1920 2519 1989; x_wconf 69' lang='lat' dir='ltr'><strong>praelium</strong></span> <span class='ocrx_word' id='word_1_315' title='bbox 2560 1920 2785 1977; x_wconf 89' lang='lat' dir='ltr'><strong>statuit:</strong></span> <span class='ocrx_word' id='word_1_316' title='bbox 2826 1930 2879 1975; x_wconf 90' lang='lat' dir='ltr'><strong>et</strong></span> <span class='ocrx_word' id='word_1_317' title='bbox 2914 1923 2968 1977; x_wconf 88' lang='lat' dir='ltr'><strong>itt</strong></span> <span class='ocrx_word' id='word_1_318' title='bbox 2998 1939 3106 1993; x_wconf 89' lang='lat' dir='ltr'><strong>quo</strong></span> <span class='ocrx_word' id='word_1_319' title='bbox 3136 1940 3235 1980; x_wconf 86' lang='lat' dir='ltr'><strong>nos</strong></span> <span class='ocrx_word' id='word_1_320' title='bbox 3268 1926 3438 1997; x_wconf 86' lang='lat' dir='ltr'><strong>magis</strong></span> <span class='ocrx_word' id='word_1_321' title='bbox 3468 1925 3838 1990; x_wconf 69' lang='lat' dir='ltr'><strong>inclinabiles.</strong></span> 
     </span>
    </p>
   </div>
   <div class='ocr_carea' id='block_1_49' title="bbox 2275 2010 3839 2087">
    <p class='ocr_par' dir='ltr' id='par_1_49' title="bbox 2275 2010 3839 2087">
     <span class='ocr_line' id='line_1_49' title="bbox 2275 2010 3839 2087; baseline 0.004 -22"><span class='ocrx_word' id='word_1_322' title='bbox 2275 2021 2330 2066; x_wconf 91' lang='lat' dir='ltr'><strong>et</strong></span> <span class='ocrx_word' id='word_1_323' title='bbox 2373 2010 2584 2067; x_wconf 82' lang='lat' dir='ltr'><strong>facilius</strong></span> <span class='ocrx_word' id='word_1_324' title='bbox 2611 2027 2772 2083; x_wconf 86' lang='lat' dir='ltr'><strong>posse</strong></span> <span class='ocrx_word' id='word_1_325' title='bbox 2800 2015 2919 2085; x_wconf 91' lang='lat' dir='ltr'><strong>capi</strong></span> <span class='ocrx_word' id='word_1_326' title='bbox 2948 2020 3304 2087; x_wconf 75' lang='lat' dir='ltr'><strong>cognoverit;</strong></span> <span class='ocrx_word' id='word_1_327' title='bbox 3340 2018 3393 2072; x_wconf 92' lang='lat' dir='ltr'><strong>in</strong></span> <span class='ocrx_word' id='word_1_328' title='bbox 3439 2018 3532 2073; x_wconf 91' lang='lat' dir='ltr'><strong>illo</strong></span> <span class='ocrx_word' id='word_1_329' title='bbox 3560 2032 3675 2072; x_wconf 67' lang='lat' dir='ltr'><strong>suae</strong></span> <span class='ocrx_word' id='word_1_330' title='bbox 3716 2033 3839 2072; x_wconf 84' lang='lat' dir='ltr'><strong>ma-</strong></span> 
     </span>
    </p>
   </div>
   <div class='ocr_carea' id='block_1_50' title="bbox 2276 2103 3839 2178">
    <p class='ocr_par' dir='ltr' id='par_1_50' title="bbox 2276 2103 3839 2178">
     <span class='ocr_line' id='line_1_50' title="bbox 2276 2103 3839 2178; baseline 0.006 -22"><span class='ocrx_word' id='word_1_331' title='bbox 2276 2103 2537 2173; x_wconf 89' lang='lat' dir='ltr'><strong>lignitatis</strong></span> <span class='ocrx_word' id='word_1_332' title='bbox 2557 2105 2780 2174; x_wconf 83' lang='lat' dir='ltr'><strong>laqueos</strong></span> <span class='ocrx_word' id='word_1_333' title='bbox 2802 2107 3000 2162; x_wconf 89' lang='lat' dir='ltr'><strong>tendit:</strong></span> <span class='ocrx_word' id='word_1_334' title='bbox 3033 2116 3091 2163; x_wconf 93' lang='lat' dir='ltr'><strong>ut</strong></span> <span class='ocrx_word' id='word_1_335' title='bbox 3118 2116 3268 2178; x_wconf 84' lang='lat' dir='ltr'><strong>puta,</strong></span> <span class='ocrx_word' id='word_1_336' title='bbox 3288 2112 3582 2165; x_wconf 88' lang='lat' dir='ltr'><strong>secundum</strong></span> <span class='ocrx_word' id='word_1_337' title='bbox 3602 2126 3839 2167; x_wconf 87' lang='lat' dir='ltr'><strong>consue-</strong></span> 
     </span>
    </p>
   </div>
   <div class='ocr_carea' id='block_1_51' title="bbox 2276 2195 3840 2268">
    <p class='ocr_par' dir='ltr' id='par_1_51' title="bbox 2276 2195 3840 2268">
     <span class='ocr_line' id='line_1_51' title="bbox 2276 2195 3840 2268; baseline 0.007 -19"><span class='ocrx_word' id='word_1_338' title='bbox 2276 2195 2538 2259; x_wconf 87' lang='lat' dir='ltr'><strong>tudinem,</strong></span> <span class='ocrx_word' id='word_1_339' title='bbox 2569 2204 2665 2251; x_wconf 90' lang='lat' dir='ltr'><strong>aut</strong></span> <span class='ocrx_word' id='word_1_340' title='bbox 2691 2205 2923 2261; x_wconf 74' lang='lat' dir='ltr'><strong>aetatem,</strong></span> <span class='ocrx_word' id='word_1_341' title='bbox 2958 2209 3053 2253; x_wconf 84' lang='lat' dir='ltr'><strong>aut</strong></span> <span class='ocrx_word' id='word_1_342' title='bbox 3083 2200 3324 2265; x_wconf 84' lang='lat' dir='ltr'><strong>modum,</strong></span> <span class='ocrx_word' id='word_1_343' title='bbox 3356 2212 3453 2257; x_wconf 84' lang='lat' dir='ltr'><strong>aut</strong></span> <span class='ocrx_word' id='word_1_344' title='bbox 3497 2203 3699 2268; x_wconf 89' lang='lat' dir='ltr'><strong>locum,</strong></span> <span class='ocrx_word' id='word_1_345' title='bbox 3740 2212 3840 2260; x_wconf 73' lang='lat' dir='ltr'><strong>aut</strong></span> 
     </span>
    </p>
   </div>
   <div class='ocr_carea' id='block_1_52' title="bbox 2276 2284 3840 2353">
    <p class='ocr_par' dir='ltr' id='par_1_52' title="bbox 2276 2284 3840 2353">
     <span class='ocr_line' id='line_1_52' title="bbox 2276 2284 3840 2353; baseline 0.004 -14"><span class='ocrx_word' id='word_1_346' title='bbox 2276 2284 2660 2341; x_wconf 81' lang='lat' dir='ltr'><strong>familiaritatis</strong></span> <span class='ocrx_word' id='word_1_347' title='bbox 2689 2300 2848 2340; x_wconf 89' lang='lat' dir='ltr'><strong>usum</strong></span> <span class='ocrx_word' id='word_1_348' title='bbox 2869 2326 2885 2351; x_wconf 87' lang='lat'><strong>,</strong></span> <span class='ocrx_word' id='word_1_349' title='bbox 2926 2302 3025 2342; x_wconf 91' lang='lat' dir='ltr'><strong>nec</strong></span> <span class='ocrx_word' id='word_1_350' title='bbox 3059 2287 3387 2353; x_wconf 88' lang='lat' dir='ltr'><strong>indecentes,</strong></span> <span class='ocrx_word' id='word_1_351' title='bbox 3431 2288 3527 2343; x_wconf 88' lang='lat' dir='ltr'><strong>sed</strong></span> <span class='ocrx_word' id='word_1_352' title='bbox 3562 2305 3840 2346; x_wconf 83' lang='lat' dir='ltr'><strong>eonsouas</strong></span> 
     </span>
    </p>
   </div>
   <div class='ocr_carea' id='block_1_53' title="bbox 2271 2375 3835 2451">
    <p class='ocr_par' dir='ltr' id='par_1_53' title="bbox 2271 2375 3835 2451">
     <span class='ocr_line' id='line_1_53' title="bbox 2271 2375 3835 2451; baseline 0.003 -18"><span class='ocrx_word' id='word_1_353' title='bbox 2271 2386 2324 2433; x_wconf 86' lang='lat' dir='ltr'><strong>et</strong></span> <span class='ocrx_word' id='word_1_354' title='bbox 2365 2377 2650 2447; x_wconf 80' lang='lat' dir='ltr'><strong>possibin</strong></span> <span class='ocrx_word' id='word_1_355' title='bbox 2682 2375 2911 2433; x_wconf 88' lang='lat' dir='ltr'><strong>faciliter</strong></span> <span class='ocrx_word' id='word_1_356' title='bbox 2942 2378 3352 2434; x_wconf 83' lang='lat' dir='ltr'><strong>adinventiones</strong></span> <span class='ocrx_word' id='word_1_357' title='bbox 3382 2389 3437 2434; x_wconf 90' lang='lat' dir='ltr'><strong>et</strong></span> <span class='ocrx_word' id='word_1_358' title='bbox 3469 2380 3835 2451; x_wconf 74' lang='lat' dir='ltr'><strong>cogitationes</strong></span> 
     </span>
    </p>
   </div>
   <div class='ocr_carea' id='block_1_54' title="bbox 2274 2470 3837 2543">
    <p class='ocr_par' dir='ltr' id='par_1_54' title="bbox 2274 2470 3837 2543">
     <span class='ocr_line' id='line_1_54' title="bbox 2274 2470 3837 2543; baseline 0.004 -19"><span class='ocrx_word' id='word_1_359' title='bbox 2274 2471 2515 2525; x_wconf 85' lang='lat' dir='ltr'><strong>immittit</strong></span> <span class='ocrx_word' id='word_1_360' title='bbox 2544 2480 2601 2525; x_wconf 89' lang='lat' dir='ltr'><strong>et</strong></span> <span class='ocrx_word' id='word_1_361' title='bbox 2636 2485 2797 2526; x_wconf 88' lang='lat' dir='ltr'><strong>casus</strong></span> <span class='ocrx_word' id='word_1_362' title='bbox 2830 2480 3003 2540; x_wconf 88' lang='lat' dir='ltr'><strong>parat,</strong></span> <span class='ocrx_word' id='word_1_363' title='bbox 3029 2470 3229 2541; x_wconf 88' lang='lat' dir='ltr'><strong>quibus</strong></span> <span class='ocrx_word' id='word_1_364' title='bbox 3258 2487 3701 2543; x_wconf 85' lang='lat' dir='ltr'><strong>unumquemque</strong></span> <span class='ocrx_word' id='word_1_365' title='bbox 3728 2475 3837 2529; x_wconf 85' lang='lat' dir='ltr'><strong>im-</strong></span> 
     </span>
    </p>
   </div>
   <div class='ocr_carea' id='block_1_55' title="bbox 2274 2554 3835 2635">
    <p class='ocr_par' dir='ltr' id='par_1_55' title="bbox 2274 2554 3835 2635">
     <span class='ocr_line' id='line_1_55' title="bbox 2274 2554 3835 2635; baseline 0.002 -17"><span class='ocrx_word' id='word_1_366' title='bbox 2274 2572 2493 2635; x_wconf 87' lang='lat' dir='ltr'><strong>pugnet,</strong></span> <span class='ocrx_word' id='word_1_367' title='bbox 2520 2572 2575 2618; x_wconf 89' lang='lat' dir='ltr'><strong>et</strong></span> <span class='ocrx_word' id='word_1_368' title='bbox 2599 2563 2785 2619; x_wconf 83' lang='lat' dir='ltr'><strong>leviter</strong></span> <span class='ocrx_word' id='word_1_369' title='bbox 2805 2554 3115 2634; x_wconf 85' lang='lat' dir='ltr'><strong>supplantet</strong></span> <span class='ocrx_word' id='word_1_370' title='bbox 3142 2573 3199 2620; x_wconf 91' lang='lat' dir='ltr'><strong>et</strong></span> <span class='ocrx_word' id='word_1_371' title='bbox 3222 2564 3426 2635; x_wconf 88' lang='lat' dir='ltr'><strong>perdat.</strong></span> <span class='ocrx_word' id='word_1_372' title='bbox 3457 2568 3631 2629; x_wconf 80' lang='lat' dir='ltr'><strong>Hane,</strong></span> <span class='ocrx_word' id='word_1_373' title='bbox 3660 2583 3835 2622; x_wconf 65' lang='lat' dir='ltr'><strong>meam</strong></span> 
     </span>
    </p>
   </div>
   <div class='ocr_carea' id='block_1_56' title="bbox 2272 2657 3837 2731">
    <p class='ocr_par' dir='ltr' id='par_1_56' title="bbox 2272 2657 3837 2731">
     <span class='ocr_line' id='line_1_56' title="bbox 2272 2657 3837 2731; baseline 0.001 -18"><span class='ocrx_word' id='word_1_374' title='bbox 2272 2675 2361 2713; x_wconf 85' lang='lat' dir='ltr'><strong>nec</strong></span> <span class='ocrx_word' id='word_1_375' title='bbox 2396 2675 2594 2724; x_wconf 83' lang='lat' dir='ltr'><strong>meum,</strong></span> <span class='ocrx_word' id='word_1_376' title='bbox 2627 2669 2731 2717; x_wconf 90' lang='lat' dir='ltr'><strong>etc.</strong></span> <span class='ocrx_word' id='word_1_377' title='bbox 2769 2657 2975 2726; x_wconf 70' lang='lat' dir='ltr'><strong>Neam,</strong></span> <span class='ocrx_word' id='word_1_378' title='bbox 3008 2661 3224 2731; x_wconf 86' lang='lat' dir='ltr'><strong>quidem</strong></span> <span class='ocrx_word' id='word_1_379' title='bbox 3255 2674 3474 2716; x_wconf 87' lang='lat' dir='ltr'><strong>carnem</strong></span> <span class='ocrx_word' id='word_1_380' title='bbox 3502 2660 3669 2726; x_wconf 89' lang='lat' dir='ltr'><strong>dixit,</strong></span> <span class='ocrx_word' id='word_1_381' title='bbox 3710 2670 3837 2715; x_wconf 84' lang='lat' dir='ltr'><strong>tau-</strong></span> 
     </span>
    </p>
   </div>
   <div class='ocr_carea' id='block_1_57' title="bbox 2270 2752 3835 2823">
    <p class='ocr_par' dir='ltr' id='par_1_57' title="bbox 2270 2752 3835 2823">
     <span class='ocr_line' id='line_1_57' title="bbox 2270 2752 3835 2823; baseline 0.001 -18"><span class='ocrx_word' id='word_1_382' title='bbox 2270 2767 2430 2821; x_wconf 85' lang='lat' dir='ltr'><strong>quam</strong></span> <span class='ocrx_word' id='word_1_383' title='bbox 2463 2752 2657 2807; x_wconf 78' lang='lat' dir='ltr'><strong>aninne</strong></span> <span class='ocrx_word' id='word_1_384' title='bbox 2697 2753 3075 2823; x_wconf 87' lang='lat' dir='ltr'><strong>conjunctam,</strong></span> <span class='ocrx_word' id='word_1_385' title='bbox 3113 2762 3168 2808; x_wconf 89' lang='lat' dir='ltr'><strong>et</strong></span> <span class='ocrx_word' id='word_1_386' title='bbox 3198 2753 3268 2809; x_wconf 88' lang='lat' dir='ltr'><strong>ab</strong></span> <span class='ocrx_word' id='word_1_387' title='bbox 3292 2767 3357 2807; x_wconf 81' lang='lat' dir='ltr'><strong>ea</strong></span> <span class='ocrx_word' id='word_1_388' title='bbox 3381 2753 3635 2809; x_wconf 83' lang='lat' dir='ltr'><strong>dilectam</strong></span> <span class='ocrx_word' id='word_1_389' title='bbox 3665 2774 3679 2809; x_wconf 91' lang='lat'><strong>:</strong></span> <span class='ocrx_word' id='word_1_390' title='bbox 3724 2769 3835 2807; x_wconf 73' lang='lat' dir='ltr'><strong>non</strong></span> 
     </span>
    </p>
   </div>
   <div class='ocr_carea' id='block_1_58' title="bbox 2270 2845 3836 2914">
    <p class='ocr_par' dir='ltr' id='par_1_58' title="bbox 2270 2845 3836 2914">
     <span class='ocr_line' id='line_1_58' title="bbox 2270 2845 3836 2914; baseline 0.004 -19"><span class='ocrx_word' id='word_1_391' title='bbox 2270 2860 2439 2897; x_wconf 81' lang='lat' dir='ltr'><strong>meum</strong></span> <span class='ocrx_word' id='word_1_392' title='bbox 2484 2859 2611 2899; x_wconf 90' lang='lat' dir='ltr'><strong>vero</strong></span> <span class='ocrx_word' id='word_1_393' title='bbox 2664 2845 2808 2900; x_wconf 89' lang='lat' dir='ltr'><strong>sicut</strong></span> <span class='ocrx_word' id='word_1_394' title='bbox 2858 2845 3178 2914; x_wconf 82' lang='lat' dir='ltr'><strong>militantem</strong></span> <span class='ocrx_word' id='word_1_395' title='bbox 3221 2854 3413 2900; x_wconf 87' lang='lat' dir='ltr'><strong>contra</strong></span> <span class='ocrx_word' id='word_1_396' title='bbox 3456 2846 3730 2911; x_wconf 86' lang='lat' dir='ltr'><strong>animam,</strong></span> <span class='ocrx_word' id='word_1_397' title='bbox 3773 2855 3836 2901; x_wconf 82' lang='lat' dir='ltr'><strong>et</strong></span> 
     </span>
    </p>
   </div>
   <div class='ocr_carea' id='block_1_59' title="bbox 2268 2936 3835 3009">
    <p class='ocr_par' dir='ltr' id='par_1_59' title="bbox 2268 2936 3835 3009">
     <span class='ocr_line' id='line_1_59' title="bbox 2268 2936 3835 3009; baseline 0.005 -22"><span class='ocrx_word' id='word_1_398' title='bbox 2268 2936 2508 3003; x_wconf 81' lang='lat' dir='ltr'><strong>ejusdem</strong></span> <span class='ocrx_word' id='word_1_399' title='bbox 2532 2947 2877 3007; x_wconf 89' lang='lat' dir='ltr'><strong>apparentem</strong></span> <span class='ocrx_word' id='word_1_400' title='bbox 2908 2936 3378 3009; x_wconf 84' lang='lat' dir='ltr'><strong>impugnatrieem.</strong></span> <span class='ocrx_word' id='word_1_401' title='bbox 3422 2936 3575 2994; x_wconf 87' lang='lat' dir='ltr'><strong>Unde</strong></span> <span class='ocrx_word' id='word_1_402' title='bbox 3597 2938 3835 3005; x_wconf 80' lang='lat' dir='ltr'><strong>Aposto-</strong></span> 
     </span>
    </p>
   </div>
   <div class='ocr_carea' id='block_1_60' title="bbox 2269 3027 3833 3100">
    <p class='ocr_par' dir='ltr' id='par_1_60' title="bbox 2269 3027 3833 3100">
     <span class='ocr_line' id='line_1_60' title="bbox 2269 3027 3833 3100; baseline 0.003 -19"><span class='ocrx_word' id='word_1_403' title='bbox 2269 3028 2353 3083; x_wconf 92' lang='lat' dir='ltr'><strong>lus</strong></span> <span class='ocrx_word' id='word_1_404' title='bbox 2373 3027 2439 3093; x_wconf 85' lang='lat'><strong>“,</strong></span> <span class='ocrx_word' id='word_1_405' title='bbox 2481 3036 2701 3099; x_wconf 88' lang='lat' dir='ltr'><strong>propter</strong></span> <span class='ocrx_word' id='word_1_406' title='bbox 2729 3028 2982 3083; x_wconf 88' lang='lat' dir='ltr'><strong>scandala</strong></span> <span class='ocrx_word' id='word_1_407' title='bbox 3016 3030 3214 3085; x_wconf 73' lang='lat' dir='ltr'><strong>animae</strong></span> <span class='ocrx_word' id='word_1_408' title='bbox 3242 3030 3545 3085; x_wconf 89' lang='lat' dir='ltr'><strong>evenientia</strong></span> <span class='ocrx_word' id='word_1_409' title='bbox 3585 3045 3682 3100; x_wconf 90' lang='lat' dir='ltr'><strong>per</strong></span> <span class='ocrx_word' id='word_1_410' title='bbox 3706 3045 3833 3086; x_wconf 85' lang='lat' dir='ltr'><strong>car-</strong></span> 
     </span>
    </p>
   </div>
   <div class='ocr_carea' id='block_1_61' title="bbox 2266 3106 3834 3196">
    <p class='ocr_par' dir='ltr' id='par_1_61' title="bbox 2266 3106 3834 3196">
     <span class='ocr_line' id='line_1_61' title="bbox 2266 3106 3834 3196; baseline 0.003 -19"><span class='ocrx_word' id='word_1_411' title='bbox 2266 3137 2388 3178; x_wconf 91' lang='lat' dir='ltr'><strong>nem</strong></span> <span class='ocrx_word' id='word_1_412' title='bbox 2418 3133 2472 3179; x_wconf 92' lang='lat' dir='ltr'><strong>et</strong></span> <span class='ocrx_word' id='word_1_413' title='bbox 2494 3137 2560 3178; x_wconf 83' lang='lat' dir='ltr'><strong>ex</strong></span> <span class='ocrx_word' id='word_1_414' title='bbox 2581 3106 2766 3189; x_wconf 82' lang='lat' dir='ltr'><strong>carne,</strong></span> <span class='ocrx_word' id='word_1_415' title='bbox 2788 3138 2907 3178; x_wconf 86' lang='lat' dir='ltr'><strong>eam</strong></span> <span class='ocrx_word' id='word_1_416' title='bbox 2934 3133 3163 3178; x_wconf 86' lang='lat' dir='ltr'><strong>mortem</strong></span> <span class='ocrx_word' id='word_1_417' title='bbox 3192 3123 3499 3195; x_wconf 81' lang='lat' dir='ltr'><strong>appellavit.</strong></span> <span class='ocrx_word' id='word_1_418' title='bbox 3532 3124 3834 3196; x_wconf 74' lang='lat' dir='ltr'><strong>Gregorius</strong></span> 
     </span>
    </p>
   </div>
   <div class='ocr_carea' id='block_1_62' title="bbox 602 3213 3831 3301">
    <p class='ocr_par' dir='ltr' id='par_1_62' title="bbox 602 3213 3831 3301">
     <span class='ocr_line' id='line_1_62' title="bbox 602 3213 3831 3301; baseline 0.002 -32"><span class='ocrx_word' id='word_1_419' title='bbox 602 3215 800 3269; x_wconf 84' lang='lat' dir='ltr'><strong>timore</strong></span> <span class='ocrx_word' id='word_1_420' title='bbox 825 3213 1039 3268; x_wconf 87' lang='lat' dir='ltr'><strong>Domini</strong></span> <span class='ocrx_word' id='word_1_421' title='bbox 1069 3214 1319 3284; x_wconf 86' lang='lat' dir='ltr'><strong>agonizat</strong></span> <span class='ocrx_word' id='word_1_422' title='bbox 1344 3223 1398 3268; x_wconf 91' lang='lat' dir='ltr'><strong>et</strong></span> <span class='ocrx_word' id='word_1_423' title='bbox 1429 3215 1684 3275; x_wconf 88' lang='lat' dir='ltr'><strong>luctatur,</strong></span> <span class='ocrx_word' id='word_1_424' title='bbox 1717 3223 1777 3267; x_wconf 92' lang='lat' dir='ltr'><strong>ut</strong></span> <span class='ocrx_word' id='word_1_425' title='bbox 1802 3214 1908 3267; x_wconf 87' lang='lat' dir='ltr'><strong>Deo</strong></span> <span class='ocrx_word' id='word_1_426' title='bbox 1936 3216 2159 3283; x_wconf 88' lang='lat' dir='ltr'><strong>placeat,</strong></span> <span class='ocrx_word' id='word_1_427' title='bbox 2191 3246 2232 3301; x_wconf 66' lang='grc' dir='ltr'>ε</span> <span class='ocrx_word' id='word_1_428' title='bbox 2266 3233 2393 3273; x_wconf 90' lang='lat' dir='ltr'><strong>vero</strong></span> <span class='ocrx_word' id='word_1_429' title='bbox 2406 3217 2732 3290; x_wconf 85' lang='lat' dir='ltr'><strong>Theologus,</strong></span> <span class='ocrx_word' id='word_1_430' title='bbox 2755 3217 3115 3286; x_wconf 90' lang='lat' dir='ltr'><strong>libidinosam,</strong></span> <span class='ocrx_word' id='word_1_431' title='bbox 3138 3219 3483 3280; x_wconf 84' lang='lat' dir='ltr'><strong>servilem.et</strong></span> <span class='ocrx_word' id='word_1_432' title='bbox 3500 3227 3831 3275; x_wconf 85' lang='lat' dir='ltr'><strong>nocturnam</strong></span> 
     </span>
    </p>
   </div>
   <div class='ocr_carea' id='block_1_63' title="bbox 606 3300 2158 3372">
    <p class='ocr_par' dir='ltr' id='par_1_63' title="bbox 606 3300 2158 3372">
     <span class='ocr_line' id='line_1_63' title="bbox 606 3300 2158 3372; baseline 0.003 -17"><span class='ocrx_word' id='word_1_433' title='bbox 606 3305 705 3358; x_wconf 89' lang='lat' dir='ltr'><strong>iste</strong></span> <span class='ocrx_word' id='word_1_434' title='bbox 736 3318 767 3356; x_wconf 88' lang='lat' dir='ltr'><strong>a</strong></span> <span class='ocrx_word' id='word_1_435' title='bbox 796 3303 988 3356; x_wconf 88' lang='lat' dir='ltr'><strong>timore</strong></span> <span class='ocrx_word' id='word_1_436' title='bbox 1007 3303 1231 3365; x_wconf 85' lang='lat' dir='ltr'><strong>carnali,</strong></span> <span class='ocrx_word' id='word_1_437' title='bbox 1259 3310 1313 3355; x_wconf 87' lang='lat' dir='ltr'><strong>et</strong></span> <span class='ocrx_word' id='word_1_438' title='bbox 1351 3300 1493 3372; x_wconf 85' lang='lat' dir='ltr'><strong>gula,</strong></span> <span class='ocrx_word' id='word_1_439' title='bbox 1526 3313 1581 3356; x_wconf 91' lang='lat' dir='ltr'><strong>et</strong></span> <span class='ocrx_word' id='word_1_440' title='bbox 1608 3302 1842 3357; x_wconf 85' lang='lat' dir='ltr'><strong>vanitate</strong></span> <span class='ocrx_word' id='word_1_441' title='bbox 1866 3302 1989 3358; x_wconf 55' lang='lat' dir='ltr'><strong>vita!</strong></span> <span class='ocrx_word' id='word_1_442' title='bbox 2025 3304 2158 3359; x_wconf 83' lang='lat' dir='ltr'><strong>libe-</strong></span> 
     </span>
    </p>
   </div>
   <div class='ocr_carea' id='block_1_64' title="bbox 604 3390 2163 3462">
    <p class='ocr_par' dir='ltr' id='par_1_64' title="bbox 604 3390 2163 3462">
     <span class='ocr_line' id='line_1_64' title="bbox 604 3390 2163 3462; baseline 0.003 -17"><span class='ocrx_word' id='word_1_443' title='bbox 604 3401 776 3457; x_wconf 89' lang='lat' dir='ltr'><strong>ratus,</strong></span> <span class='ocrx_word' id='word_1_444' title='bbox 804 3390 1267 3445; x_wconf 79' lang='lat' dir='ltr'><strong>conversationem</strong></span> <span class='ocrx_word' id='word_1_445' title='bbox 1300 3390 1461 3445; x_wconf 88' lang='lat' dir='ltr'><strong>habet</strong></span> <span class='ocrx_word' id='word_1_446' title='bbox 1497 3391 1551 3445; x_wconf 90' lang='lat' dir='ltr'><strong>in</strong></span> <span class='ocrx_word' id='word_1_447' title='bbox 1584 3392 1754 3446; x_wconf 69' lang='lat' dir='ltr'><strong>caelo:</strong></span> <span class='ocrx_word' id='word_1_448' title='bbox 1792 3394 1919 3462; x_wconf 89' lang='lat' dir='ltr'><strong>quia</strong></span> <span class='ocrx_word' id='word_1_449' title='bbox 1949 3408 2014 3448; x_wconf 83' lang='lat' dir='ltr'><strong>ex</strong></span> <span class='ocrx_word' id='word_1_450' title='bbox 2045 3409 2163 3449; x_wconf 32' lang='lat' dir='ltr'><strong>cors</strong></span> 
     </span>
    </p>
   </div>
   <div class='ocr_carea' id='block_1_65' title="bbox 605 3480 2162 3549">
    <p class='ocr_par' dir='ltr' id='par_1_65' title="bbox 605 3480 2162 3549">
     <span class='ocr_line' id='line_1_65' title="bbox 605 3480 2162 3549; baseline 0.003 -14"><span class='ocrx_word' id='word_1_451' title='bbox 605 3481 921 3547; x_wconf 87' lang='lat' dir='ltr'><strong>taminibus,</strong></span> <span class='ocrx_word' id='word_1_452' title='bbox 945 3480 1262 3544; x_wconf 88' lang='lat' dir='ltr'><strong>humilitas;</strong></span> <span class='ocrx_word' id='word_1_453' title='bbox 1292 3497 1358 3536; x_wconf 90' lang='lat' dir='ltr'><strong>ex</strong></span> <span class='ocrx_word' id='word_1_454' title='bbox 1391 3482 1713 3549; x_wconf 84' lang='lat' dir='ltr'><strong>humilitate,</strong></span> <span class='ocrx_word' id='word_1_455' title='bbox 1746 3483 1926 3538; x_wconf 90' lang='lat' dir='ltr'><strong>divina</strong></span> <span class='ocrx_word' id='word_1_456' title='bbox 1958 3485 2162 3539; x_wconf 86' lang='lat' dir='ltr'><strong>illumi-</strong></span> 
     </span>
    </p>
   </div>
   <div class='ocr_carea' id='block_1_66' title="bbox 604 3568 2162 3635">
    <p class='ocr_par' dir='ltr' id='par_1_66' title="bbox 604 3568 2162 3635">
     <span class='ocr_line' id='line_1_66' title="bbox 604 3568 2162 3635; baseline 0.003 -14"><span class='ocrx_word' id='word_1_457' title='bbox 604 3569 788 3635; x_wconf 85' lang='lat' dir='ltr'><strong>natio;</strong></span> <span class='ocrx_word' id='word_1_458' title='bbox 824 3584 893 3621; x_wconf 88' lang='lat' dir='ltr'><strong>ex</strong></span> <span class='ocrx_word' id='word_1_459' title='bbox 926 3568 1110 3620; x_wconf 88' lang='lat' dir='ltr'><strong>divina</strong></span> <span class='ocrx_word' id='word_1_460' title='bbox 1142 3577 1322 3621; x_wconf 88' lang='lat' dir='ltr'><strong>autem</strong></span> <span class='ocrx_word' id='word_1_461' title='bbox 1347 3568 1762 3631; x_wconf 85' lang='lat' dir='ltr'><strong>illuminatione,</strong></span> <span class='ocrx_word' id='word_1_462' title='bbox 1804 3571 2029 3625; x_wconf 89' lang='lat' dir='ltr'><strong>castitas</strong></span> <span class='ocrx_word' id='word_1_463' title='bbox 2066 3573 2162 3626; x_wconf 85' lang='lat' dir='ltr'><strong>ad-</strong></span> 
     </span>
    </p>
   </div>
   <div class='ocr_carea' id='block_1_67' title="bbox 601 3661 2161 3731">
    <p class='ocr_par' dir='ltr' id='par_1_67' title="bbox 601 3661 2161 3731">
     <span class='ocr_line' id='line_1_67' title="bbox 601 3661 2161 3731; baseline 0.002 -16"><span class='ocrx_word' id='word_1_464' title='bbox 601 3665 749 3717; x_wconf 89' lang='lat' dir='ltr'><strong>venit</strong></span> <span class='ocrx_word' id='word_1_465' title='bbox 790 3661 1031 3727; x_wconf 88' lang='lat' dir='ltr'><strong>bomini,</strong></span> <span class='ocrx_word' id='word_1_466' title='bbox 1062 3670 1115 3714; x_wconf 87' lang='lat' dir='ltr'><strong>et</strong></span> <span class='ocrx_word' id='word_1_467' title='bbox 1156 3661 1228 3714; x_wconf 90' lang='lat' dir='ltr'><strong>ita</strong></span> <span class='ocrx_word' id='word_1_468' title='bbox 1270 3671 1450 3715; x_wconf 88' lang='lat' dir='ltr'><strong>manet</strong></span> <span class='ocrx_word' id='word_1_469' title='bbox 1505 3662 1927 3731; x_wconf 78' lang='lat' dir='ltr'><strong>regenerationis</strong></span> <span class='ocrx_word' id='word_1_470' title='bbox 1958 3662 2161 3718; x_wconf 86' lang='lat' dir='ltr'><strong>Christi</strong></span> 
     </span>
    </p>
   </div>
   <div class='ocr_carea' id='block_1_68' title="bbox 605 3756 2163 3828">
    <p class='ocr_par' dir='ltr' id='par_1_68' title="bbox 605 3756 2163 3828">
     <span class='ocr_line' id='line_1_68' title="bbox 605 3756 2163 3828; baseline 0.001 -16"><span class='ocrx_word' id='word_1_471' title='bbox 605 3758 765 3821; x_wconf 85' lang='lat' dir='ltr'><strong>filius,</strong></span> <span class='ocrx_word' id='word_1_472' title='bbox 799 3758 1059 3812; x_wconf 89' lang='lat' dir='ltr'><strong>liberatus</strong></span> <span class='ocrx_word' id='word_1_473' title='bbox 1105 3773 1134 3810; x_wconf 90' lang='lat' dir='ltr'><strong>a</strong></span> <span class='ocrx_word' id='word_1_474' title='bbox 1170 3756 1421 3827; x_wconf 89' lang='lat' dir='ltr'><strong>contagio</strong></span> <span class='ocrx_word' id='word_1_475' title='bbox 1457 3758 1919 3828; x_wconf 61' lang='lat' dir='ltr'><strong>praevaricationis</strong></span> <span class='ocrx_word' id='word_1_476' title='bbox 1950 3757 2078 3814; x_wconf 71' lang='lat' dir='ltr'><strong>Atla:</strong></span> <span class='ocrx_word' id='word_1_477' title='bbox 2108 3768 2163 3813; x_wconf 90' lang='lat' dir='ltr'><strong>et</strong></span> 
     </span>
    </p>
   </div>
   <div class='ocr_carea' id='block_1_69' title="bbox 603 3850 2163 3921">
    <p class='ocr_par' dir='ltr' id='par_1_69' title="bbox 603 3850 2163 3921">
     <span class='ocr_line' id='line_1_69' title="bbox 603 3850 2163 3921; baseline 0 -15"><span class='ocrx_word' id='word_1_478' title='bbox 603 3868 634 3906; x_wconf 89' lang='lat' dir='ltr'><strong>a</strong></span> <span class='ocrx_word' id='word_1_479' title='bbox 676 3852 1051 3907; x_wconf 86' lang='lat' dir='ltr'><strong>maledictione</strong></span> <span class='ocrx_word' id='word_1_480' title='bbox 1099 3850 1266 3921; x_wconf 82' lang='lat' dir='ltr'><strong>legis,</strong></span> <span class='ocrx_word' id='word_1_481' title='bbox 1320 3851 1658 3921; x_wconf 80' lang='lat' dir='ltr'><strong>paulominus</strong></span> <span class='ocrx_word' id='word_1_482' title='bbox 1704 3851 1769 3904; x_wconf 88' lang='lat' dir='ltr'><strong>ab</strong></span> <span class='ocrx_word' id='word_1_483' title='bbox 1812 3851 2013 3921; x_wconf 82' lang='lat' dir='ltr'><strong>angelis</strong></span> <span class='ocrx_word' id='word_1_484' title='bbox 2067 3866 2163 3921; x_wconf 90' lang='lat' dir='ltr'><strong>per</strong></span> 
     </span>
    </p>
   </div>
   <div class='ocr_carea' id='block_1_70' title="bbox 604 3944 2161 4008">
    <p class='ocr_par' dir='ltr' id='par_1_70' title="bbox 604 3944 2161 4008">
     <span class='ocr_line' id='line_1_70' title="bbox 604 3944 2161 4008; baseline 0 -9"><span class='ocrx_word' id='word_1_485' title='bbox 604 3956 829 4000; x_wconf 88' lang='lat' dir='ltr'><strong>mortem</strong></span> <span class='ocrx_word' id='word_1_486' title='bbox 868 3945 1193 4008; x_wconf 89' lang='lat' dir='ltr'><strong>minoratus,</strong></span> <span class='ocrx_word' id='word_1_487' title='bbox 1229 3955 1284 3998; x_wconf 92' lang='lat' dir='ltr'><strong>ut</strong></span> <span class='ocrx_word' id='word_1_488' title='bbox 1323 3944 1499 3998; x_wconf 89' lang='lat' dir='ltr'><strong>taliter</strong></span> <span class='ocrx_word' id='word_1_489' title='bbox 1532 3944 1850 4001; x_wconf 88' lang='lat' dir='ltr'><strong>humiliatus</strong></span> <span class='ocrx_word' id='word_1_490' title='bbox 1884 3944 2062 3999; x_wconf 89' lang='lat' dir='ltr'><strong>odiret</strong></span> <span class='ocrx_word' id='word_1_491' title='bbox 2103 3951 2161 3999; x_wconf 87' lang='lat' dir='ltr'><strong>et</strong></span> 
     </span>
    </p>
   </div>
   <div class='ocr_carea' id='block_1_71' title="bbox 604 4036 2155 4107">
    <p class='ocr_par' dir='ltr' id='par_1_71' title="bbox 604 4036 2155 4107">
     <span class='ocr_line' id='line_1_71' title="bbox 604 4036 2155 4107; baseline 0.001 -18"><span class='ocrx_word' id='word_1_492' title='bbox 604 4036 929 4092; x_wconf 85' lang='lat' dir='ltr'><strong>rescinderet</strong></span> <span class='ocrx_word' id='word_1_493' title='bbox 971 4046 1248 4106; x_wconf 74' lang='lat' dir='ltr'><strong>peccatum</strong></span> <span class='ocrx_word' id='word_1_494' title='bbox 1270 4076 1285 4097; x_wconf 94' lang='lat'><strong>,</strong></span> <span class='ocrx_word' id='word_1_495' title='bbox 1316 4045 1369 4090; x_wconf 90' lang='lat' dir='ltr'><strong>ct</strong></span> <span class='ocrx_word' id='word_1_496' title='bbox 1397 4047 1542 4090; x_wconf 86' lang='lat' dir='ltr'><strong>esset</strong></span> <span class='ocrx_word' id='word_1_497' title='bbox 1577 4052 1644 4090; x_wconf 90' lang='lat' dir='ltr'><strong>ex</strong></span> <span class='ocrx_word' id='word_1_498' title='bbox 1667 4037 1863 4091; x_wconf 89' lang='lat' dir='ltr'><strong>virtute</strong></span> <span class='ocrx_word' id='word_1_499' title='bbox 1890 4046 1943 4091; x_wconf 91' lang='lat' dir='ltr'><strong>et</strong></span> <span class='ocrx_word' id='word_1_500' title='bbox 1982 4037 2155 4107; x_wconf 84' lang='lat' dir='ltr'><strong>gratia</strong></span> 
     </span>
    </p>
   </div>
   <div class='ocr_carea' id='block_1_72' title="bbox 602 4126 2158 4198">
    <p class='ocr_par' dir='ltr' id='par_1_72' title="bbox 602 4126 2158 4198">
     <span class='ocr_line' id='line_1_72' title="bbox 602 4126 2158 4198; baseline 0.001 -16"><span class='ocrx_word' id='word_1_501' title='bbox 602 4126 768 4184; x_wconf 82' lang='lat' dir='ltr'><strong>Filius</strong></span> <span class='ocrx_word' id='word_1_502' title='bbox 809 4128 923 4184; x_wconf 90' lang='lat' dir='ltr'><strong>Dei.</strong></span> <span class='ocrx_word' id='word_1_503' title='bbox 970 4130 1345 4197; x_wconf 82' lang='lat' dir='ltr'><strong>Terrestrisque</strong></span> <span class='ocrx_word' id='word_1_504' title='bbox 1372 4128 1580 4198; x_wconf 82' lang='lat' dir='ltr'><strong>clypeus</strong></span> <span class='ocrx_word' id='word_1_505' title='bbox 1626 4129 1806 4189; x_wconf 88' lang='lat' dir='ltr'><strong>cordi,</strong></span> <span class='ocrx_word' id='word_1_506' title='bbox 1843 4130 1893 4182; x_wconf 89' lang='lat' dir='ltr'><strong>id</strong></span> <span class='ocrx_word' id='word_1_507' title='bbox 1923 4137 2031 4194; x_wconf 88' lang='lat' dir='ltr'><strong>est,</strong></span> <span class='ocrx_word' id='word_1_508' title='bbox 2070 4144 2158 4184; x_wconf 91' lang='lat' dir='ltr'><strong>re—</strong></span> 
     </span>
    </p>
   </div>
   <div class='ocr_carea' id='block_1_73' title="bbox 600 4221 2159 4292">
    <p class='ocr_par' dir='ltr' id='par_1_73' title="bbox 600 4221 2159 4292">
     <span class='ocr_line' id='line_1_73' title="bbox 600 4221 2159 4292; baseline -0.001 -15"><span class='ocrx_word' id='word_1_509' title='bbox 600 4226 977 4277; x_wconf 86' lang='lat' dir='ltr'><strong>conversivum</strong></span> <span class='ocrx_word' id='word_1_510' title='bbox 1001 4232 1055 4277; x_wconf 92' lang='lat' dir='ltr'><strong>et</strong></span> <span class='ocrx_word' id='word_1_511' title='bbox 1082 4222 1411 4292; x_wconf 72' lang='lat' dir='ltr'><strong>repulsivunt</strong></span> <span class='ocrx_word' id='word_1_512' title='bbox 1442 4222 1779 4275; x_wconf 64' lang='lat' dir='ltr'><strong>daemonum:</strong></span> <span class='ocrx_word' id='word_1_513' title='bbox 1812 4221 1878 4275; x_wconf 83' lang='lat' dir='ltr'><strong>ad</strong></span> <span class='ocrx_word' id='word_1_514' title='bbox 1911 4222 2159 4277; x_wconf 78' lang='lat' dir='ltr'><strong>differen-</strong></span> 
     </span>
    </p>
   </div>
   <div class='ocr_carea' id='block_1_74' title="bbox 599 4304 2156 4385">
    <p class='ocr_par' dir='ltr' id='par_1_74' title="bbox 599 4304 2156 4385">
     <span class='ocr_line' id='line_1_74' title="bbox 599 4304 2156 4385; baseline 0 -17"><span class='ocrx_word' id='word_1_515' title='bbox 599 4316 727 4369; x_wconf 88' lang='lat' dir='ltr'><strong>tiam</strong></span> <span class='ocrx_word' id='word_1_516' title='bbox 763 4316 901 4368; x_wconf 87' lang='lat' dir='ltr'><strong>scuti</strong></span> <span class='ocrx_word' id='word_1_517' title='bbox 951 4314 1228 4385; x_wconf 80' lang='lat' dir='ltr'><strong>paraclytii</strong></span> <span class='ocrx_word' id='word_1_518' title='bbox 1276 4323 1329 4367; x_wconf 89' lang='lat' dir='ltr'><strong>et</strong></span> <span class='ocrx_word' id='word_1_519' title='bbox 1362 4304 1628 4383; x_wconf 71' lang='lat' dir='ltr'><strong>angeliCi,</strong></span> <span class='ocrx_word' id='word_1_520' title='bbox 1677 4314 2053 4378; x_wconf 76' lang='lat' dir='ltr'><strong>manifestans,</strong></span> <span class='ocrx_word' id='word_1_521' title='bbox 2090 4330 2156 4368; x_wconf 82' lang='lat' dir='ltr'><strong>ex</strong></span> 
     </span>
    </p>
   </div>
   <div class='ocr_carea' id='block_1_75' title="bbox 602 4404 2157 4475">
    <p class='ocr_par' dir='ltr' id='par_1_75' title="bbox 602 4404 2157 4475">
     <span class='ocr_line' id='line_1_75' title="bbox 602 4404 2157 4475; baseline 0.001 -17"><span class='ocrx_word' id='word_1_522' title='bbox 602 4409 721 4472; x_wconf 91' lang='lat' dir='ltr'><strong>hoc,</strong></span> <span class='ocrx_word' id='word_1_523' title='bbox 739 4407 1108 4461; x_wconf 88' lang='lat' dir='ltr'><strong>excellentiam</strong></span> <span class='ocrx_word' id='word_1_524' title='bbox 1138 4405 1331 4461; x_wconf 70' lang='lat' dir='ltr'><strong>futurae</strong></span> <span class='ocrx_word' id='word_1_525' title='bbox 1357 4406 1542 4475; x_wconf 72' lang='lat' dir='ltr'><strong>gloria:</strong></span> <span class='ocrx_word' id='word_1_526' title='bbox 1563 4404 1894 4459; x_wconf 87' lang='lat' dir='ltr'><strong>defensionis</strong></span> <span class='ocrx_word' id='word_1_527' title='bbox 1920 4406 2157 4474; x_wconf 86' lang='lat' dir='ltr'><strong>Spiritus</strong></span> 
     </span>
    </p>
   </div>
   <div class='ocr_carea' id='block_1_76' title="bbox 599 4499 2156 4570">
    <p class='ocr_par' dir='ltr' id='par_1_76' title="bbox 599 4499 2156 4570">
     <span class='ocr_line' id='line_1_76' title="bbox 599 4499 2156 4570; baseline 0.001 -18"><span class='ocrx_word' id='word_1_528' title='bbox 599 4501 800 4565; x_wconf 84' lang='lat' dir='ltr'><strong>sancti,</strong></span> <span class='ocrx_word' id='word_1_529' title='bbox 849 4509 903 4554; x_wconf 88' lang='lat' dir='ltr'><strong>et</strong></span> <span class='ocrx_word' id='word_1_530' title='bbox 950 4499 1206 4570; x_wconf 70' lang='lat' dir='ltr'><strong>angelica:</strong></span> <span class='ocrx_word' id='word_1_531' title='bbox 1244 4500 1544 4567; x_wconf 77' lang='lat' dir='ltr'><strong>dignitatis,</strong></span> <span class='ocrx_word' id='word_1_532' title='bbox 1594 4515 1825 4569; x_wconf 87' lang='lat' dir='ltr'><strong>quorum</strong></span> <span class='ocrx_word' id='word_1_533' title='bbox 1880 4499 2156 4554; x_wconf 89' lang='lat' dir='ltr'><strong>ministra-</strong></span> 
     </span>
    </p>
   </div>
   <div class='ocr_carea' id='block_1_77' title="bbox 2266 3310 3836 3384">
    <p class='ocr_par' dir='ltr' id='par_1_77' title="bbox 2266 3310 3836 3384">
     <span class='ocr_line' id='line_1_77' title="bbox 2266 3310 3836 3384; baseline 0.006 -25"><span class='ocrx_word' id='word_1_534' title='bbox 2266 3311 2474 3366; x_wconf 79' lang='lat' dir='ltr'><strong>vocavit</strong></span> <span class='ocrx_word' id='word_1_535' title='bbox 2492 3310 2829 3381; x_wconf 77' lang='lat' dir='ltr'><strong>corporalem</strong></span> <span class='ocrx_word' id='word_1_536' title='bbox 2858 3311 3255 3381; x_wconf 73' lang='lat' dir='ltr'><strong>generationem</strong></span> <span class='ocrx_word' id='word_1_537' title='bbox 3287 3320 3347 3367; x_wconf 91' lang='lat' dir='ltr'><strong>ut</strong></span> <span class='ocrx_word' id='word_1_538' title='bbox 3370 3313 3836 3384; x_wconf 66' lang='lat' dir='ltr'><strong>concupiscentiae</strong></span> 
     </span>
    </p>
   </div>
   <div class='ocr_carea' id='block_1_78' title="bbox 2264 3400 3832 3473">
    <p class='ocr_par' dir='ltr' id='par_1_78' title="bbox 2264 3400 3832 3473">
     <span class='ocr_line' id='line_1_78' title="bbox 2264 3400 3832 3473; baseline 0.003 -17"><span class='ocrx_word' id='word_1_539' title='bbox 2264 3410 2321 3456; x_wconf 87' lang='lat' dir='ltr'><strong>et</strong></span> <span class='ocrx_word' id='word_1_540' title='bbox 2356 3400 2598 3457; x_wconf 84' lang='lat' dir='ltr'><strong>libidinis</strong></span> <span class='ocrx_word' id='word_1_541' title='bbox 2633 3411 2688 3456; x_wconf 89' lang='lat' dir='ltr'><strong>et</strong></span> <span class='ocrx_word' id='word_1_542' title='bbox 2713 3402 2891 3457; x_wconf 89' lang='lat' dir='ltr'><strong>noctis</strong></span> <span class='ocrx_word' id='word_1_543' title='bbox 2916 3416 3072 3472; x_wconf 91' lang='lat' dir='ltr'><strong>opus,</strong></span> <span class='ocrx_word' id='word_1_544' title='bbox 3099 3410 3156 3458; x_wconf 88' lang='lat' dir='ltr'><strong>et</strong></span> <span class='ocrx_word' id='word_1_545' title='bbox 3196 3402 3512 3473; x_wconf 87' lang='lat' dir='ltr'><strong>spiritualis,</strong></span> <span class='ocrx_word' id='word_1_546' title='bbox 3544 3413 3601 3459; x_wconf 81' lang='lat' dir='ltr'><strong>et</strong></span> <span class='ocrx_word' id='word_1_547' title='bbox 3644 3404 3832 3461; x_wconf 78' lang='lat' dir='ltr'><strong>libera:</strong></span> 
     </span>
    </p>
   </div>
   <div class='ocr_carea' id='block_1_79' title="bbox 2264 3490 3830 3561">
    <p class='ocr_par' dir='ltr' id='par_1_79' title="bbox 2264 3490 3830 3561">
     <span class='ocr_line' id='line_1_79' title="bbox 2264 3490 3830 3561; baseline 0.001 -17"><span class='ocrx_word' id='word_1_548' title='bbox 2264 3490 2628 3559; x_wconf 84' lang='lat' dir='ltr'><strong>generationis</strong></span> <span class='ocrx_word' id='word_1_549' title='bbox 2652 3490 3003 3552; x_wconf 88' lang='lat' dir='ltr'><strong>contrariam,</strong></span> <span class='ocrx_word' id='word_1_550' title='bbox 3036 3504 3103 3544; x_wconf 83' lang='lat' dir='ltr'><strong>ex</strong></span> <span class='ocrx_word' id='word_1_551' title='bbox 3138 3491 3450 3546; x_wconf 82' lang='lat' dir='ltr'><strong>infirmitate</strong></span> <span class='ocrx_word' id='word_1_552' title='bbox 3478 3499 3536 3546; x_wconf 90' lang='lat' dir='ltr'><strong>et</strong></span> <span class='ocrx_word' id='word_1_553' title='bbox 3574 3491 3830 3561; x_wconf 78' lang='lat' dir='ltr'><strong>originali</strong></span> 
     </span>
    </p>
   </div>
   <div class='ocr_carea' id='block_1_80' title="bbox 2264 3575 3829 3647">
    <p class='ocr_par' dir='ltr' id='par_1_80' title="bbox 2264 3575 3829 3647">
     <span class='ocr_line' id='line_1_80' title="bbox 2264 3575 3829 3647; baseline 0.003 -16"><span class='ocrx_word' id='word_1_554' title='bbox 2264 3577 2602 3647; x_wconf 86' lang='lat' dir='ltr'><strong>contagione.</strong></span> <span class='ocrx_word' id='word_1_555' title='bbox 2618 3575 2802 3646; x_wconf 80' lang='lat' dir='ltr'><strong>Neque</strong></span> <span class='ocrx_word' id='word_1_556' title='bbox 2830 3592 2896 3631; x_wconf 85' lang='lat' dir='ltr'><strong>ex</strong></span> <span class='ocrx_word' id='word_1_557' title='bbox 2929 3577 3053 3644; x_wconf 92' lang='lat' dir='ltr'><strong>hoc,</strong></span> <span class='ocrx_word' id='word_1_558' title='bbox 3073 3582 3206 3633; x_wconf 88' lang='lat' dir='ltr'><strong>caro’</strong></span> <span class='ocrx_word' id='word_1_559' title='bbox 3222 3585 3513 3633; x_wconf 84' lang='lat' dir='ltr'><strong>accusatur</strong></span> <span class='ocrx_word' id='word_1_560' title='bbox 3537 3586 3635 3633; x_wconf 86' lang='lat' dir='ltr'><strong>aut</strong></span> <span class='ocrx_word' id='word_1_561' title='bbox 3655 3579 3829 3635; x_wconf 82' lang='lat' dir='ltr'><strong>male-</strong></span> 
     </span>
    </p>
   </div>
   <div class='ocr_carea' id='block_1_81' title="bbox 2262 3668 3826 3741">
    <p class='ocr_par' dir='ltr' id='par_1_81' title="bbox 2262 3668 3826 3741">
     <span class='ocr_line' id='line_1_81' title="bbox 2262 3668 3826 3741; baseline 0.003 -19"><span class='ocrx_word' id='word_1_562' title='bbox 2262 3668 2481 3736; x_wconf 88' lang='lat' dir='ltr'><strong>dicitur,</strong></span> <span class='ocrx_word' id='word_1_563' title='bbox 2536 3684 2641 3724; x_wconf 88' lang='lat' dir='ltr'><strong>non</strong></span> <span class='ocrx_word' id='word_1_564' title='bbox 2677 3669 2820 3725; x_wconf 90' lang='lat' dir='ltr'><strong>enim</strong></span> <span class='ocrx_word' id='word_1_565' title='bbox 2868 3669 2964 3734; x_wconf 85' lang='lat' dir='ltr'><strong>ait,</strong></span> <span class='ocrx_word' id='word_1_566' title='bbox 3005 3685 3193 3740; x_wconf 78' lang='lat' dir='ltr'><strong>corpus</strong></span> <span class='ocrx_word' id='word_1_567' title='bbox 3223 3669 3443 3738; x_wconf 82' lang='lat' dir='ltr'><strong>peccati,</strong></span> <span class='ocrx_word' id='word_1_568' title='bbox 3487 3671 3585 3726; x_wconf 86' lang='lat' dir='ltr'><strong>sed</strong></span> <span class='ocrx_word' id='word_1_569' title='bbox 3630 3687 3826 3741; x_wconf 74' lang='lat' dir='ltr'><strong>corpus</strong></span> 
     </span>
    </p>
   </div>
   <div class='ocr_carea' id='block_1_82' title="bbox 2262 3761 3824 3830">
    <p class='ocr_par' dir='ltr' id='par_1_82' title="bbox 2262 3761 3824 3830">
     <span class='ocr_line' id='line_1_82' title="bbox 2262 3761 3824 3830; baseline 0.003 -16"><span class='ocrx_word' id='word_1_570' title='bbox 2262 3764 2447 3815; x_wconf 82' lang='lat' dir='ltr'><strong>mortis</strong></span> <span class='ocrx_word' id='word_1_571' title='bbox 2469 3777 2488 3825; x_wconf 85' lang='lat'><strong>;</strong></span> <span class='ocrx_word' id='word_1_572' title='bbox 2512 3761 2786 3827; x_wconf 84' lang='lat' dir='ltr'><strong>videlicet,</strong></span> <span class='ocrx_word' id='word_1_573' title='bbox 2813 3762 2869 3817; x_wconf 94' lang='lat' dir='ltr'><strong>in</strong></span> <span class='ocrx_word' id='word_1_574' title='bbox 2897 3762 3229 3824; x_wconf 85' lang='lat' dir='ltr'><strong>servitutem,</strong></span> <span class='ocrx_word' id='word_1_575' title='bbox 3257 3777 3289 3817; x_wconf 93' lang='lat' dir='ltr'><strong>a</strong></span> <span class='ocrx_word' id='word_1_576' title='bbox 3318 3772 3491 3819; x_wconf 89' lang='lat' dir='ltr'><strong>morte</strong></span> <span class='ocrx_word' id='word_1_577' title='bbox 3510 3764 3824 3830; x_wconf 79' lang='lat' dir='ltr'><strong>subactum,</strong></span> 
     </span>
    </p>
   </div>
   <div class='ocr_carea' id='block_1_83' title="bbox 2263 3855 3824 3927">
    <p class='ocr_par' dir='ltr' id='par_1_83' title="bbox 2263 3855 3824 3927">
     <span class='ocr_line' id='line_1_83' title="bbox 2263 3855 3824 3927; baseline 0.003 -20"><span class='ocrx_word' id='word_1_578' title='bbox 2263 3868 2371 3907; x_wconf 93' lang='lat' dir='ltr'><strong>non</strong></span> <span class='ocrx_word' id='word_1_579' title='bbox 2394 3863 2575 3908; x_wconf 83' lang='lat' dir='ltr'><strong>autem</strong></span> <span class='ocrx_word' id='word_1_580' title='bbox 2606 3862 2833 3909; x_wconf 89' lang='lat' dir='ltr'><strong>mortem</strong></span> <span class='ocrx_word' id='word_1_581' title='bbox 2860 3870 3159 3924; x_wconf 86' lang='lat' dir='ltr'><strong>generans:</strong></span> <span class='ocrx_word' id='word_1_582' title='bbox 3187 3856 3330 3926; x_wconf 90' lang='lat' dir='ltr'><strong>quod</strong></span> <span class='ocrx_word' id='word_1_583' title='bbox 3353 3855 3572 3927; x_wconf 87' lang='lat' dir='ltr'><strong>quidem</strong></span> <span class='ocrx_word' id='word_1_584' title='bbox 3600 3873 3707 3913; x_wconf 89' lang='lat' dir='ltr'><strong>non</strong></span> <span class='ocrx_word' id='word_1_585' title='bbox 3733 3866 3824 3913; x_wconf 83' lang='lat' dir='ltr'><strong>est</strong></span> 
     </span>
    </p>
   </div>
   <div class='ocr_carea' id='block_1_84' title="bbox 2262 3946 3821 4020">
    <p class='ocr_par' dir='ltr' id='par_1_84' title="bbox 2262 3946 3821 4020">
     <span class='ocr_line' id='line_1_84' title="bbox 2262 3946 3821 4020; baseline 0.002 -19"><span class='ocrx_word' id='word_1_586' title='bbox 2262 3946 2613 4019; x_wconf 83' lang='lat' dir='ltr'><strong>malignitatis</strong></span> <span class='ocrx_word' id='word_1_587' title='bbox 2664 3948 2877 4010; x_wconf 89' lang='lat' dir='ltr'><strong>carnis.</strong></span> <span class='ocrx_word' id='word_1_588' title='bbox 2940 3947 3033 4004; x_wconf 87' lang='lat' dir='ltr'><strong>sed</strong></span> <span class='ocrx_word' id='word_1_589' title='bbox 3098 3951 3282 4019; x_wconf 88' lang='lat' dir='ltr'><strong>lapsus</strong></span> <span class='ocrx_word' id='word_1_590' title='bbox 3333 3964 3495 4020; x_wconf 87' lang='lat' dir='ltr'><strong>quem</strong></span> <span class='ocrx_word' id='word_1_591' title='bbox 3554 3950 3821 4006; x_wconf 81' lang='lat' dir='ltr'><strong>sustinuit</strong></span> 
     </span>
    </p>
   </div>
   <div class='ocr_carea' id='block_1_85' title="bbox 2261 4039 3825 4118">
    <p class='ocr_par' dir='ltr' id='par_1_85' title="bbox 2261 4039 3825 4118">
     <span class='ocr_line' id='line_1_85' title="bbox 2261 4039 3825 4118; baseline 0.002 -23"><span class='ocrx_word' id='word_1_592' title='bbox 2261 4041 2507 4111; x_wconf 80' lang='lat' dir='ltr'><strong>amigma.</strong></span> <span class='ocrx_word' id='word_1_593' title='bbox 2568 4039 2636 4095; x_wconf 85' lang='lat' dir='ltr'><strong>Et</strong></span> <span class='ocrx_word' id='word_1_594' title='bbox 2677 4040 2840 4105; x_wconf 90' lang='lat' dir='ltr'><strong>sicut,</strong></span> <span class='ocrx_word' id='word_1_595' title='bbox 2874 4055 2902 4093; x_wconf 86' lang='lat' dir='ltr'><strong>a</strong></span> <span class='ocrx_word' id='word_1_596' title='bbox 2936 4039 3188 4118; x_wconf 79' lang='lat' dir='ltr'><strong>Barbaris</strong></span> <span class='ocrx_word' id='word_1_597' title='bbox 3214 4042 3537 4112; x_wconf 84' lang='lat' dir='ltr'><strong>captivatus,</strong></span> <span class='ocrx_word' id='word_1_598' title='bbox 3587 4057 3698 4097; x_wconf 84' lang='lat' dir='ltr'><strong>non</strong></span> <span class='ocrx_word' id='word_1_599' title='bbox 3735 4054 3825 4098; x_wconf 81' lang='lat' dir='ltr'><strong>est</strong></span> 
     </span>
    </p>
   </div>
   <div class='ocr_carea' id='block_1_86' title="bbox 2259 4132 3822 4203">
    <p class='ocr_par' dir='ltr' id='par_1_86' title="bbox 2259 4132 3822 4203">
     <span class='ocr_line' id='line_1_86' title="bbox 2259 4132 3822 4203; baseline -0.001 -14"><span class='ocrx_word' id='word_1_600' title='bbox 2259 4134 2530 4189; x_wconf 87' lang='lat' dir='ltr'><strong>Barbarus</strong></span> <span class='ocrx_word' id='word_1_601' title='bbox 2554 4153 2571 4188; x_wconf 84' lang='lat'><strong>:</strong></span> <span class='ocrx_word' id='word_1_602' title='bbox 2618 4132 2693 4188; x_wconf 90' lang='lat' dir='ltr'><strong>ita</strong></span> <span class='ocrx_word' id='word_1_603' title='bbox 2723 4147 2944 4201; x_wconf 82' lang='lat' dir='ltr'><strong>corpus,</strong></span> <span class='ocrx_word' id='word_1_604' title='bbox 2980 4132 3174 4188; x_wconf 91' lang='lat' dir='ltr'><strong>mortis</strong></span> <span class='ocrx_word' id='word_1_605' title='bbox 3201 4147 3401 4203; x_wconf 86' lang='lat' dir='ltr'><strong>corpus</strong></span> <span class='ocrx_word' id='word_1_606' title='bbox 3427 4133 3647 4197; x_wconf 88' lang='lat' dir='ltr'><strong>dicitur,</strong></span> <span class='ocrx_word' id='word_1_607' title='bbox 3675 4148 3822 4203; x_wconf 90' lang='lat' dir='ltr'><strong>quo-</strong></span> 
     </span>
    </p>
   </div>
   <div class='ocr_carea' id='block_1_87' title="bbox 2260 4225 3823 4293">
    <p class='ocr_par' dir='ltr' id='par_1_87' title="bbox 2260 4225 3823 4293">
     <span class='ocr_line' id='line_1_87' title="bbox 2260 4225 3823 4293; baseline 0 -12"><span class='ocrx_word' id='word_1_608' title='bbox 2260 4228 2405 4281; x_wconf 88' lang='lat' dir='ltr'><strong>niam</strong></span> <span class='ocrx_word' id='word_1_609' title='bbox 2435 4242 2467 4281; x_wconf 91' lang='lat' dir='ltr'><strong>a</strong></span> <span class='ocrx_word' id='word_1_610' title='bbox 2496 4236 2669 4280; x_wconf 90' lang='lat' dir='ltr'><strong>morte</strong></span> <span class='ocrx_word' id='word_1_611' title='bbox 2700 4226 2899 4279; x_wconf 91' lang='lat' dir='ltr'><strong>victum</strong></span> <span class='ocrx_word' id='word_1_612' title='bbox 2929 4238 2982 4281; x_wconf 89' lang='lat' dir='ltr'><strong>et</strong></span> <span class='ocrx_word' id='word_1_613' title='bbox 3010 4225 3288 4281; x_wconf 87' lang='lat' dir='ltr'><strong>detentum</strong></span> <span class='ocrx_word' id='word_1_614' title='bbox 3313 4225 3567 4293; x_wconf 90' lang='lat' dir='ltr'><strong>exsistit;</strong></span> <span class='ocrx_word' id='word_1_615' title='bbox 3601 4234 3659 4281; x_wconf 89' lang='lat' dir='ltr'><strong>et</strong></span> <span class='ocrx_word' id='word_1_616' title='bbox 3689 4226 3823 4281; x_wconf 84' lang='lat' dir='ltr'><strong>ideo</strong></span> 
     </span>
    </p>
   </div>
   <div class='ocr_carea' id='block_1_88' title="bbox 2260 4316 3823 4388">
    <p class='ocr_par' dir='ltr' id='par_1_88' title="bbox 2260 4316 3823 4388">
     <span class='ocr_line' id='line_1_88' title="bbox 2260 4316 3823 4388; baseline -0.001 -16"><span class='ocrx_word' id='word_1_617' title='bbox 2260 4333 2367 4372; x_wconf 90' lang='lat' dir='ltr'><strong>non</strong></span> <span class='ocrx_word' id='word_1_618' title='bbox 2390 4332 2560 4382; x_wconf 89' lang='lat' dir='ltr'><strong>mors,</strong></span> <span class='ocrx_word' id='word_1_619' title='bbox 2582 4331 2756 4386; x_wconf 88' lang='lat' dir='ltr'><strong>neque</strong></span> <span class='ocrx_word' id='word_1_620' title='bbox 2787 4316 2976 4374; x_wconf 89' lang='lat' dir='ltr'><strong>mortis</strong></span> <span class='ocrx_word' id='word_1_621' title='bbox 2998 4317 3209 4387; x_wconf 85' lang='lat' dir='ltr'><strong>genitor</strong></span> <span class='ocrx_word' id='word_1_622' title='bbox 3232 4331 3465 4386; x_wconf 81' lang='lat' dir='ltr'><strong>corpus:</strong></span> <span class='ocrx_word' id='word_1_623' title='bbox 3491 4328 3823 4388; x_wconf 86' lang='lat' dir='ltr'><strong>quapropter</strong></span> 
     </span>
    </p>
   </div>
   <div class='ocr_carea' id='block_1_89' title="bbox 2260 4409 3821 4480">
    <p class='ocr_par' dir='ltr' id='par_1_89' title="bbox 2260 4409 3821 4480">
     <span class='ocr_line' id='line_1_89' title="bbox 2260 4409 3821 4480; baseline 0.001 -15"><span class='ocrx_word' id='word_1_624' title='bbox 2260 4425 2360 4465; x_wconf 90' lang='lat' dir='ltr'><strong>nec</strong></span> <span class='ocrx_word' id='word_1_625' title='bbox 2391 4411 2506 4480; x_wconf 85' lang='lat' dir='ltr'><strong>ipse</strong></span> <span class='ocrx_word' id='word_1_626' title='bbox 2534 4409 2772 4480; x_wconf 87' lang='lat' dir='ltr'><strong>postulat</strong></span> <span class='ocrx_word' id='word_1_627' title='bbox 2801 4424 2831 4463; x_wconf 90' lang='lat' dir='ltr'><strong>a</strong></span> <span class='ocrx_word' id='word_1_628' title='bbox 2862 4424 3090 4480; x_wconf 89' lang='lat' dir='ltr'><strong>corpore</strong></span> <span class='ocrx_word' id='word_1_629' title='bbox 3118 4409 3335 4466; x_wconf 85' lang='lat' dir='ltr'><strong>liberari</strong></span> <span class='ocrx_word' id='word_1_630' title='bbox 3355 4448 3372 4473; x_wconf 87' lang='lat'><strong>,</strong></span> <span class='ocrx_word' id='word_1_631' title='bbox 3405 4410 3498 4466; x_wconf 89' lang='lat' dir='ltr'><strong>sed</strong></span> <span class='ocrx_word' id='word_1_632' title='bbox 3526 4425 3574 4467; x_wconf 32' lang='lat' dir='ltr'><strong>a.</strong></span> <span class='ocrx_word' id='word_1_633' title='bbox 3598 4413 3821 4468; x_wconf 80' lang='lat' dir='ltr'><strong>mortali</strong></span> 
     </span>
    </p>
   </div>
   <div class='ocr_carea' id='block_1_90' title="bbox 2258 4502 3818 4576">
    <p class='ocr_par' dir='ltr' id='par_1_90' title="bbox 2258 4502 3818 4576">
     <span class='ocr_line' id='line_1_90' title="bbox 2258 4502 3818 4576; baseline 0.003 -18"><span class='ocrx_word' id='word_1_634' title='bbox 2258 4518 2506 4573; x_wconf 71' lang='lat' dir='ltr'><strong>corpore.</strong></span> <span class='ocrx_word' id='word_1_635' title='bbox 2561 4503 2910 4569; x_wconf 80' lang='lat' dir='ltr'><strong>Quterendttm</strong></span> <span class='ocrx_word' id='word_1_636' title='bbox 2954 4518 3154 4567; x_wconf 79' lang='lat' dir='ltr'><strong>censeo,</strong></span> <span class='ocrx_word' id='word_1_637' title='bbox 3198 4502 3317 4572; x_wconf 83' lang='lat' dir='ltr'><strong>quis</strong></span> <span class='ocrx_word' id='word_1_638' title='bbox 3347 4503 3522 4576; x_wconf 71' lang='lat' dir='ltr'><strong>major</strong></span> <span class='ocrx_word' id='word_1_639' title='bbox 3551 4506 3656 4571; x_wconf 83' lang='lat' dir='ltr'><strong>sit,</strong></span> <span class='ocrx_word' id='word_1_640' title='bbox 3706 4514 3818 4562; x_wconf 84' lang='lat' dir='ltr'><strong>etc.</strong></span> 
     </span>
    </p>
   </div>
   <div class='ocr_carea' id='block_1_91' title="bbox 599 4583 3817 4666">
    <p class='ocr_par' dir='ltr' id='par_1_91' title="bbox 599 4583 3817 4666">
     <span class='ocr_line' id='line_1_91' title="bbox 599 4583 3817 4666; baseline 0.004 -25"><span class='ocrx_word' id='word_1_641' title='bbox 599 4590 765 4657; x_wconf 75' lang='lat' dir='ltr'><strong>tione,</strong></span> <span class='ocrx_word' id='word_1_642' title='bbox 785 4592 939 4660; x_wconf 91' lang='lat' dir='ltr'><strong>quasi</strong></span> <span class='ocrx_word' id='word_1_643' title='bbox 972 4590 1367 4661; x_wconf 84' lang='lat' dir='ltr'><strong>inexpugnabili</strong></span> <span class='ocrx_word' id='word_1_644' title='bbox 1396 4602 1551 4645; x_wconf 90' lang='lat' dir='ltr'><strong>scuto</strong></span> <span class='ocrx_word' id='word_1_645' title='bbox 1575 4594 1927 4661; x_wconf 83' lang='lat' dir='ltr'><strong>protegimur,</strong></span> <span class='ocrx_word' id='word_1_646' title='bbox 1954 4601 2009 4645; x_wconf 92' lang='lat' dir='ltr'><strong>et</strong></span> <span class='ocrx_word' id='word_1_647' title='bbox 2032 4608 2152 4647; x_wconf 90' lang='lat' dir='ltr'><strong>mu-</strong></span> <span class='ocrx_word' id='word_1_648' title='bbox 2186 4583 2231 4638; x_wconf 74' lang='grc' dir='ltr'>Β</span> <span class='ocrx_word' id='word_1_649' title='bbox 2256 4596 2375 4651; x_wconf 81' lang='lat' dir='ltr'><strong>Non</strong></span> <span class='ocrx_word' id='word_1_650' title='bbox 2407 4596 2721 4663; x_wconf 87' lang='lat' dir='ltr'><strong>morientes,</strong></span> <span class='ocrx_word' id='word_1_651' title='bbox 2752 4605 2881 4651; x_wconf 89' lang='lat' dir='ltr'><strong>sunt</strong></span> <span class='ocrx_word' id='word_1_652' title='bbox 2912 4603 3105 4651; x_wconf 85' lang='lat' dir='ltr'><strong>natura</strong></span> <span class='ocrx_word' id='word_1_653' title='bbox 3138 4595 3315 4666; x_wconf 72' lang='lat' dir='ltr'><strong>angeli</strong></span> <span class='ocrx_word' id='word_1_654' title='bbox 3342 4613 3359 4652; x_wconf 88' lang='lat'>:</span> <span class='ocrx_word' id='word_1_655' title='bbox 3395 4596 3481 4655; x_wconf 86' lang='lat' dir='ltr'><strong>bis</strong></span> <span class='ocrx_word' id='word_1_656' title='bbox 3504 4598 3817 4653; x_wconf 74' lang='lat' dir='ltr'><strong>assimilata-</strong></span> 
     </span>
    </p>
   </div>
   <div class='ocr_carea' id='block_1_92' title="bbox 599 4680 2149 4750">
    <p class='ocr_par' dir='ltr' id='par_1_92' title="bbox 599 4680 2149 4750">
     <span class='ocr_line' id='line_1_92' title="bbox 599 4680 2149 4750; baseline 0.004 -18"><span class='ocrx_word' id='word_1_657' title='bbox 599 4681 800 4734; x_wconf 53' lang='lat' dir='ltr'><strong>nimur‘.</strong></span> <span class='ocrx_word' id='word_1_658' title='bbox 824 4680 942 4734; x_wconf 86' lang='lat' dir='ltr'><strong>Non</strong></span> <span class='ocrx_word' id='word_1_659' title='bbox 960 4683 1047 4750; x_wconf 86' lang='lat' dir='ltr'><strong>qui</strong></span> <span class='ocrx_word' id='word_1_660' title='bbox 1075 4680 1251 4733; x_wconf 83' lang='lat' dir='ltr'><strong>carnis</strong></span> <span class='ocrx_word' id='word_1_661' title='bbox 1272 4683 1440 4732; x_wconf 82' lang='lat' dir='ltr'><strong>lutum</strong></span> <span class='ocrx_word' id='word_1_662' title='bbox 1465 4681 1573 4733; x_wconf 80' lang='lat' dir='ltr'><strong>sine</strong></span> <span class='ocrx_word' id='word_1_663' title='bbox 1596 4681 1749 4734; x_wconf 82' lang='lat' dir='ltr'><strong>sorde</strong></span> <span class='ocrx_word' id='word_1_664' title='bbox 1766 4683 2009 4746; x_wconf 81' lang='lat' dir='ltr'><strong>servavit,</strong></span> <span class='ocrx_word' id='word_1_665' title='bbox 2046 4691 2149 4737; x_wconf 91' lang='lat' dir='ltr'><strong>etc.</strong></span> 
     </span>
    </p>
   </div>
   <div class='ocr_carea' id='block_1_93' title="bbox 599 4771 2154 4843">
    <p class='ocr_par' dir='ltr' id='par_1_93' title="bbox 599 4771 2154 4843">
     <span class='ocr_line' id='line_1_93' title="bbox 599 4771 2154 4843; baseline 0.003 -17"><span class='ocrx_word' id='word_1_666' title='bbox 599 4773 726 4829; x_wconf 88' lang='lat' dir='ltr'><strong>Post</strong></span> <span class='ocrx_word' id='word_1_667' title='bbox 788 4773 999 4842; x_wconf 90' lang='lat' dir='ltr'><strong>lapsum</strong></span> <span class='ocrx_word' id='word_1_668' title='bbox 1056 4773 1213 4842; x_wconf 88' lang='lat' dir='ltr'><strong>primi</strong></span> <span class='ocrx_word' id='word_1_669' title='bbox 1271 4771 1507 4841; x_wconf 89' lang='lat' dir='ltr'><strong>parentis</strong></span> <span class='ocrx_word' id='word_1_670' title='bbox 1560 4784 1756 4841; x_wconf 89' lang='lat' dir='ltr'><strong>c0rpus</strong></span> <span class='ocrx_word' id='word_1_671' title='bbox 1802 4773 2154 4843; x_wconf 89' lang='lat' dir='ltr'><strong>corruptibile</strong></span> 
     </span>
    </p>
   </div>
   <div class='ocr_carea' id='block_1_94' title="bbox 595 4863 2151 4936">
    <p class='ocr_par' dir='ltr' id='par_1_94' title="bbox 595 4863 2151 4936">
     <span class='ocr_line' id='line_1_94' title="bbox 595 4863 2151 4936; baseline 0.001 -16"><span class='ocrx_word' id='word_1_672' title='bbox 595 4866 753 4933; x_wconf 87' lang='lat' dir='ltr'><strong>dicit,</strong></span> <span class='ocrx_word' id='word_1_673' title='bbox 786 4865 944 4934; x_wconf 89' lang='lat' dir='ltr'><strong>cujus</strong></span> <span class='ocrx_word' id='word_1_674' title='bbox 978 4866 1219 4918; x_wconf 87' lang='lat' dir='ltr'><strong>membra</strong></span> <span class='ocrx_word' id='word_1_675' title='bbox 1253 4864 1463 4934; x_wconf 90' lang='lat' dir='ltr'><strong>spiritui</strong></span> <span class='ocrx_word' id='word_1_676' title='bbox 1495 4863 1743 4933; x_wconf 85' lang='lat' dir='ltr'><strong>subjicit.</strong></span> <span class='ocrx_word' id='word_1_677' title='bbox 1774 4866 1867 4936; x_wconf 90' lang='lat' dir='ltr'><strong>qui</strong></span> <span class='ocrx_word' id='word_1_678' title='bbox 1901 4864 2151 4922; x_wconf 89' lang='lat' dir='ltr'><strong>sensibus</strong></span> 
     </span>
    </p>
   </div>
   <div class='ocr_carea' id='block_1_95' title="bbox 595 4956 2156 5024">
    <p class='ocr_par' dir='ltr' id='par_1_95' title="bbox 595 4956 2156 5024">
     <span class='ocr_line' id='line_1_95' title="bbox 595 4956 2156 5024; baseline 0 -11"><span class='ocrx_word' id='word_1_679' title='bbox 595 4956 763 5013; x_wconf 84' lang='lat' dir='ltr'><strong>utitur</strong></span> <span class='ocrx_word' id='word_1_680' title='bbox 790 4958 1084 5012; x_wconf 83' lang='lat' dir='ltr'><strong>secundum</strong></span> <span class='ocrx_word' id='word_1_681' title='bbox 1118 4966 1361 5011; x_wconf 88' lang='lat' dir='ltr'><strong>naturam</strong></span> <span class='ocrx_word' id='word_1_682' title='bbox 1389 4967 1443 5013; x_wconf 92' lang='lat' dir='ltr'><strong>et</strong></span> <span class='ocrx_word' id='word_1_683' title='bbox 1470 4956 1703 5010; x_wconf 83' lang='lat' dir='ltr'><strong>divinam</strong></span> <span class='ocrx_word' id='word_1_684' title='bbox 1733 4960 2069 5024; x_wconf 87' lang='lat' dir='ltr'><strong>servitutem,</strong></span> <span class='ocrx_word' id='word_1_685' title='bbox 2101 4969 2156 5013; x_wconf 90' lang='lat' dir='ltr'><strong>et</strong></span> 
     </span>
    </p>
   </div>
   <div class='ocr_carea' id='block_1_96' title="bbox 592 5050 2157 5125">
    <p class='ocr_par' dir='ltr' id='par_1_96' title="bbox 592 5050 2157 5125">
     <span class='ocr_line' id='line_1_96' title="bbox 592 5050 2157 5125; baseline 0 -18"><span class='ocrx_word' id='word_1_686' title='bbox 592 5056 646 5107; x_wconf 89' lang='lat' dir='ltr'><strong>In</strong></span> <span class='ocrx_word' id='word_1_687' title='bbox 699 5055 847 5108; x_wconf 91' lang='lat' dir='ltr'><strong>nullo</strong></span> <span class='ocrx_word' id='word_1_688' title='bbox 882 5053 1050 5108; x_wconf 90' lang='lat' dir='ltr'><strong>Deum</strong></span> <span class='ocrx_word' id='word_1_689' title='bbox 1089 5050 1345 5118; x_wconf 82' lang='lat' dir='ltr'><strong>offendit,</strong></span> <span class='ocrx_word' id='word_1_690' title='bbox 1391 5053 1486 5109; x_wconf 90' lang='lat' dir='ltr'><strong>sed</strong></span> <span class='ocrx_word' id='word_1_691' title='bbox 1520 5054 1587 5108; x_wconf 89' lang='lat' dir='ltr'><strong>ad</strong></span> <span class='ocrx_word' id='word_1_692' title='bbox 1641 5053 1811 5121; x_wconf 89' lang='lat' dir='ltr'><strong>ipsum</strong></span> <span class='ocrx_word' id='word_1_693' title='bbox 1863 5055 2057 5125; x_wconf 89' lang='lat' dir='ltr'><strong>aspicit</strong></span> <span class='ocrx_word' id='word_1_694' title='bbox 2102 5064 2157 5109; x_wconf 93' lang='lat' dir='ltr'><strong>et</strong></span> 
     </span>
    </p>
   </div>
   <div class='ocr_carea' id='block_1_97' title="bbox 595 5149 2155 5219">
    <p class='ocr_par' dir='ltr' id='par_1_97' title="bbox 595 5149 2155 5219">
     <span class='ocr_line' id='line_1_97' title="bbox 595 5149 2155 5219; baseline 0 -18"><span class='ocrx_word' id='word_1_695' title='bbox 595 5151 949 5219; x_wconf 85' lang='lat' dir='ltr'><strong>imaginatur,</strong></span> <span class='ocrx_word' id='word_1_696' title='bbox 1000 5158 1055 5203; x_wconf 87' lang='lat' dir='ltr'><strong>et</strong></span> <span class='ocrx_word' id='word_1_697' title='bbox 1112 5149 1419 5217; x_wconf 87' lang='lat' dir='ltr'><strong>speculatur</strong></span> <span class='ocrx_word' id='word_1_698' title='bbox 1472 5160 1703 5204; x_wconf 63' lang='lat' dir='ltr'><strong>aeternas</strong></span> <span class='ocrx_word' id='word_1_699' title='bbox 1763 5159 1818 5203; x_wconf 89' lang='lat' dir='ltr'><strong>et</strong></span> <span class='ocrx_word' id='word_1_700' title='bbox 1878 5157 2155 5202; x_wconf 89' lang='lat' dir='ltr'><strong>manentes</strong></span> 
     </span>
    </p>
   </div>
   <div class='ocr_carea' id='block_1_98' title="bbox 594 5244 2154 5316">
    <p class='ocr_par' dir='ltr' id='par_1_98' title="bbox 594 5244 2154 5316">
     <span class='ocr_line' id='line_1_98' title="bbox 594 5244 2154 5316; baseline 0 -19"><span class='ocrx_word' id='word_1_701' title='bbox 594 5245 1042 5314; x_wconf 86' lang='lat' dir='ltr'><strong>pulchritudines,</strong></span> <span class='ocrx_word' id='word_1_702' title='bbox 1077 5262 1197 5316; x_wconf 70' lang='lat' dir='ltr'><strong>quae</strong></span> <span class='ocrx_word' id='word_1_703' title='bbox 1227 5245 1280 5298; x_wconf 91' lang='lat' dir='ltr'><strong>in</strong></span> <span class='ocrx_word' id='word_1_704' title='bbox 1315 5261 1479 5315; x_wconf 80' lang='lat' dir='ltr'><strong>regno</strong></span> <span class='ocrx_word' id='word_1_705' title='bbox 1505 5247 1648 5299; x_wconf 89' lang='lat' dir='ltr'><strong>illius</strong></span> <span class='ocrx_word' id='word_1_706' title='bbox 1680 5255 1825 5298; x_wconf 85' lang='lat' dir='ltr'><strong>sunt.</strong></span> <span class='ocrx_word' id='word_1_707' title='bbox 1881 5244 1966 5298; x_wconf 76' lang='lat' dir='ltr'><strong>Ea:</strong></span> <span class='ocrx_word' id='word_1_708' title='bbox 1991 5260 2154 5297; x_wconf 86' lang='lat' dir='ltr'><strong>auro-</strong></span> 
     </span>
    </p>
   </div>
   <div class='ocr_carea' id='block_1_99' title="bbox 589 5338 2151 5410">
    <p class='ocr_par' dir='ltr' id='par_1_99' title="bbox 589 5338 2151 5410">
     <span class='ocr_line' id='line_1_99' title="bbox 589 5338 2151 5410; baseline 0.001 -19"><span class='ocrx_word' id='word_1_709' title='bbox 589 5358 662 5395; x_wconf 73' lang='lat' dir='ltr'><strong>ra!</strong></span> <span class='ocrx_word' id='word_1_710' title='bbox 695 5340 880 5409; x_wconf 82' lang='lat' dir='ltr'><strong>quippe</strong></span> <span class='ocrx_word' id='word_1_711' title='bbox 908 5343 1151 5407; x_wconf 76' lang='lat' dir='ltr'><strong>candore,</strong></span> <span class='ocrx_word' id='word_1_712' title='bbox 1192 5342 1307 5405; x_wconf 74' lang='lat' dir='ltr'><strong>lux,</strong></span> <span class='ocrx_word' id='word_1_713' title='bbox 1339 5349 1445 5394; x_wconf 88' lang='lat' dir='ltr'><strong>etc.</strong></span> <span class='ocrx_word' id='word_1_714' title='bbox 1498 5340 1554 5394; x_wconf 91' lang='lat' dir='ltr'><strong>lu</strong></span> <span class='ocrx_word' id='word_1_715' title='bbox 1594 5339 1843 5410; x_wconf 67' lang='lat' dir='ltr'><strong>praesenti</strong></span> <span class='ocrx_word' id='word_1_716' title='bbox 1881 5338 2151 5408; x_wconf 87' lang='lat' dir='ltr'><strong>exemplo,</strong></span> 
     </span>
    </p>
   </div>
   <div class='ocr_carea' id='block_1_100' title="bbox 594 5430 2151 5487">
    <p class='ocr_par' dir='ltr' id='par_1_100' title="bbox 594 5430 2151 5487">
     <span class='ocr_line' id='line_1_100' title="bbox 594 5430 2151 5487; baseline 0.001 -4"><span class='ocrx_word' id='word_1_717' title='bbox 594 5445 763 5484; x_wconf 88' lang='lat' dir='ltr'><strong>unum</strong></span> <span class='ocrx_word' id='word_1_718' title='bbox 792 5430 1012 5484; x_wconf 86' lang='lat' dir='ltr'><strong>alterius</strong></span> <span class='ocrx_word' id='word_1_719' title='bbox 1048 5430 1462 5485; x_wconf 83' lang='lat' dir='ltr'><strong>conciliativum</strong></span> <span class='ocrx_word' id='word_1_720' title='bbox 1502 5432 1750 5487; x_wconf 88' lang='lat' dir='ltr'><strong>exsistit:</strong></span> <span class='ocrx_word' id='word_1_721' title='bbox 1801 5444 1926 5482; x_wconf 88' lang='lat' dir='ltr'><strong>nam</strong></span> <span class='ocrx_word' id='word_1_722' title='bbox 1956 5444 2151 5484; x_wconf 89' lang='lat' dir='ltr'><strong>aurora</strong></span> 
     </span>
    </p>
   </div>
   <div class='ocr_carea' id='block_1_101' title="bbox 590 5513 2148 5587">
    <p class='ocr_par' dir='ltr' id='par_1_101' title="bbox 590 5513 2148 5587">
     <span class='ocr_line' id='line_1_101' title="bbox 590 5513 2148 5587; baseline 0.001 -16"><span class='ocrx_word' id='word_1_723' title='bbox 590 5521 745 5585; x_wconf 89' lang='lat' dir='ltr'><strong>lucis,</strong></span> <span class='ocrx_word' id='word_1_724' title='bbox 774 5520 860 5574; x_wconf 91' lang='lat' dir='ltr'><strong>lux</strong></span> <span class='ocrx_word' id='word_1_725' title='bbox 893 5521 1044 5576; x_wconf 81' lang='lat' dir='ltr'><strong>solis.</strong></span> <span class='ocrx_word' id='word_1_726' title='bbox 1081 5522 1345 5577; x_wconf 84' lang='lat' dir='ltr'><strong>Auroram</strong></span> <span class='ocrx_word' id='word_1_727' title='bbox 1407 5513 1537 5575; x_wconf 80' lang='lat' dir='ltr'><strong>vero</strong></span> <span class='ocrx_word' id='word_1_728' title='bbox 1565 5522 1718 5587; x_wconf 89' lang='lat' dir='ltr'><strong>dicit,</strong></span> <span class='ocrx_word' id='word_1_729' title='bbox 1749 5520 2107 5576; x_wconf 85' lang='lat' dir='ltr'><strong>humilitatem</strong></span> <span class='ocrx_word' id='word_1_730' title='bbox 2134 5536 2148 5585; x_wconf 93' lang='lat'><strong>;</strong></span> 
     </span>
    </p>
   </div>
   <div class='ocr_carea' id='block_1_102' title="bbox 588 5611 2152 5677">
    <p class='ocr_par' dir='ltr' id='par_1_102' title="bbox 588 5611 2152 5677">
     <span class='ocr_line' id='line_1_102' title="bbox 588 5611 2152 5677; baseline 0.001 -12"><span class='ocrx_word' id='word_1_731' title='bbox 588 5614 762 5668; x_wconf 89' lang='lat' dir='ltr'><strong>lucem</strong></span> <span class='ocrx_word' id='word_1_732' title='bbox 800 5614 931 5669; x_wconf 90' lang='lat' dir='ltr'><strong>dicit</strong></span> <span class='ocrx_word' id='word_1_733' title='bbox 968 5614 1207 5668; x_wconf 88' lang='lat' dir='ltr'><strong>divinam</strong></span> <span class='ocrx_word' id='word_1_734' title='bbox 1256 5612 1702 5669; x_wconf 89' lang='lat' dir='ltr'><strong>illuminationem</strong></span> <span class='ocrx_word' id='word_1_735' title='bbox 1734 5631 1749 5677; x_wconf 89' lang='lat'><strong>;</strong></span> <span class='ocrx_word' id='word_1_736' title='bbox 1810 5611 1978 5667; x_wconf 89' lang='lat' dir='ltr'><strong>solem</strong></span> <span class='ocrx_word' id='word_1_737' title='bbox 2019 5612 2152 5667; x_wconf 88' lang='lat' dir='ltr'><strong>dicit</strong></span> 
     </span>
    </p>
   </div>
   <div class='ocr_carea' id='block_1_103' title="bbox 584 5703 2145 5779">
    <p class='ocr_par' dir='ltr' id='par_1_103' title="bbox 584 5703 2145 5779">
     <span class='ocr_line' id='line_1_103' title="bbox 584 5703 2145 5779; baseline -0.006 -16"><span class='ocrx_word' id='word_1_738' title='bbox 584 5706 909 5779; x_wconf 81' lang='lat' dir='ltr'><strong>castitatem.</strong></span> <span class='ocrx_word' id='word_1_739' title='bbox 961 5704 1151 5777; x_wconf 87' lang='lat' dir='ltr'><strong>Igitur,</strong></span> <span class='ocrx_word' id='word_1_740' title='bbox 1190 5719 1258 5761; x_wconf 89' lang='lat' dir='ltr'><strong>ex</strong></span> <span class='ocrx_word' id='word_1_741' title='bbox 1318 5704 1483 5778; x_wconf 49' lang='lat' dir='ltr'><strong>ago“</strong></span> <span class='ocrx_word' id='word_1_742' title='bbox 1870 5720 1885 5730; x_wconf 56' lang='grc' dir='ltr'>ε</span> <span class='ocrx_word' id='word_1_743' title='bbox 1937 5705 2145 5760; x_wconf 63' lang='grc' dir='ltr'><strong>εκιω-</strong></span> 
     </span>
    </p>
   </div>
   <div class='ocr_carea' id='block_1_104' title="bbox 650 5882 1098 5952">
    <p class='ocr_par' dir='ltr' id='par_1_104' title="bbox 650 5882 1098 5952">
     <span class='ocr_line' id='line_1_104' title="bbox 650 5882 1098 5952; baseline 0.004 -15"><span class='ocrx_word' id='word_1_744' title='bbox 650 5884 698 5915; x_wconf 73' lang='grc' dir='ltr'>ἰ</span> <span class='ocrx_word' id='word_1_745' title='bbox 724 5882 768 5937; x_wconf 84' lang='grc' dir='ltr'><strong>ιι</strong></span> <span class='ocrx_word' id='word_1_746' title='bbox 797 5883 922 5941; x_wconf 86' lang='lat' dir='ltr'><strong>Cor.</strong></span> <span class='ocrx_word' id='word_1_747' title='bbox 965 5898 1005 5952; x_wconf 81' lang='grc' dir='ltr'><strong>ι,</strong></span> <span class='ocrx_word' id='word_1_748' title='bbox 1038 5882 1098 5939; x_wconf 80' lang='lat'><strong>8.</strong></span> 
     </span>
    </p>
   </div>
   <div class='ocr_carea' id='block_1_105' title="bbox 2259 4692 3820 4763">
    <p class='ocr_par' dir='ltr' id='par_1_105' title="bbox 2259 4692 3820 4763">
     <span class='ocr_line' id='line_1_105' title="bbox 2259 4692 3820 4763; baseline 0.003 -17"><span class='ocrx_word' id='word_1_749' title='bbox 2259 4703 2366 4756; x_wconf 87' lang='lat' dir='ltr'><strong>tur,</strong></span> <span class='ocrx_word' id='word_1_750' title='bbox 2402 4693 2495 4763; x_wconf 89' lang='lat' dir='ltr'><strong>qui</strong></span> <span class='ocrx_word' id='word_1_751' title='bbox 2532 4692 2735 4748; x_wconf 87' lang='lat' dir='ltr'><strong>Christi</strong></span> <span class='ocrx_word' id='word_1_752' title='bbox 2778 4692 2982 4763; x_wconf 82' lang='lat' dir='ltr'><strong>gratia,</strong></span> <span class='ocrx_word' id='word_1_753' title='bbox 3016 4706 3131 4747; x_wconf 71' lang='lat' dir='ltr'><strong>suae</strong></span> <span class='ocrx_word' id='word_1_754' title='bbox 3176 4692 3440 4749; x_wconf 83' lang='lat' dir='ltr'><strong>naturalis</strong></span> <span class='ocrx_word' id='word_1_755' title='bbox 3482 4695 3820 4750; x_wconf 68' lang='lat' dir='ltr'><strong>excellentia</strong></span> 
     </span>
    </p>
   </div>
   <div class='ocr_carea' id='block_1_106' title="bbox 2257 4781 3815 4853">
    <p class='ocr_par' dir='ltr' id='par_1_106' title="bbox 2257 4781 3815 4853">
     <span class='ocr_line' id='line_1_106' title="bbox 2257 4781 3815 4853; baseline 0.001 -15"><span class='ocrx_word' id='word_1_756' title='bbox 2257 4783 2557 4838; x_wconf 77' lang='lat' dir='ltr'><strong>eaStitatem</strong></span> <span class='ocrx_word' id='word_1_757' title='bbox 2588 4782 2963 4849; x_wconf 83' lang='lat' dir='ltr'><strong>servaverint;</strong></span> <span class='ocrx_word' id='word_1_758' title='bbox 2995 4781 3234 4840; x_wconf 90' lang='lat' dir='ltr'><strong>moriens</strong></span> <span class='ocrx_word' id='word_1_759' title='bbox 3260 4798 3387 4838; x_wconf 89' lang='lat' dir='ltr'><strong>vero</strong></span> <span class='ocrx_word' id='word_1_760' title='bbox 3414 4791 3471 4839; x_wconf 91' lang='lat' dir='ltr'><strong>et</strong></span> <span class='ocrx_word' id='word_1_761' title='bbox 3498 4799 3815 4853; x_wconf 82' lang='lat' dir='ltr'><strong>resurgens,</strong></span> 
     </span>
    </p>
   </div>
   <div class='ocr_carea' id='block_1_107' title="bbox 2257 4871 3817 4942">
    <p class='ocr_par' dir='ltr' id='par_1_107' title="bbox 2257 4871 3817 4942">
     <span class='ocr_line' id='line_1_107' title="bbox 2257 4871 3817 4942; baseline 0.002 -16"><span class='ocrx_word' id='word_1_762' title='bbox 2257 4871 2526 4927; x_wconf 86' lang='lat' dir='ltr'><strong>Christus.</strong></span> <span class='ocrx_word' id='word_1_763' title='bbox 2580 4872 2661 4927; x_wconf 85' lang='lat' dir='ltr'><strong>Ex</strong></span> <span class='ocrx_word' id='word_1_764' title='bbox 2688 4887 2821 4942; x_wconf 86' lang='lat' dir='ltr'><strong>quo,</strong></span> <span class='ocrx_word' id='word_1_765' title='bbox 2869 4871 2968 4926; x_wconf 87' lang='lat' dir='ltr'><strong>iste</strong></span> <span class='ocrx_word' id='word_1_766' title='bbox 3008 4881 3229 4930; x_wconf 87' lang='lat' dir='ltr'><strong>sanctus</strong></span> <span class='ocrx_word' id='word_1_767' title='bbox 3270 4874 3586 4930; x_wconf 83' lang='lat' dir='ltr'><strong>consolatur</strong></span> <span class='ocrx_word' id='word_1_768' title='bbox 3630 4888 3817 4929; x_wconf 84' lang='lat' dir='ltr'><strong>resur-</strong></span> 
     </span>
    </p>
   </div>
   <div class='ocr_carea' id='block_1_108' title="bbox 2254 4961 3813 5035">
    <p class='ocr_par' dir='ltr' id='par_1_108' title="bbox 2254 4961 3813 5035">
     <span class='ocr_line' id='line_1_108' title="bbox 2254 4961 3813 5035; baseline 0.003 -16"><span class='ocrx_word' id='word_1_769' title='bbox 2254 4972 2439 5034; x_wconf 85' lang='lat' dir='ltr'><strong>gentes</strong></span> <span class='ocrx_word' id='word_1_770' title='bbox 2482 4973 2606 5035; x_wconf 91' lang='lat' dir='ltr'><strong>post</strong></span> <span class='ocrx_word' id='word_1_771' title='bbox 2648 4961 2828 5017; x_wconf 85' lang='lat' dir='ltr'><strong>carnis</strong></span> <span class='ocrx_word' id='word_1_772' title='bbox 2868 4970 3134 5030; x_wconf 89' lang='lat' dir='ltr'><strong>mortem,</strong></span> <span class='ocrx_word' id='word_1_773' title='bbox 3184 4976 3402 5035; x_wconf 82' lang='lat' dir='ltr'><strong>prapter</strong></span> <span class='ocrx_word' id='word_1_774' title='bbox 3450 4964 3703 5020; x_wconf 88' lang='lat' dir='ltr'><strong>humilem</strong></span> <span class='ocrx_word' id='word_1_775' title='bbox 3750 4979 3813 5023; x_wconf 87' lang='lat' dir='ltr'><strong>et</strong></span> 
     </span>
    </p>
   </div>
   <div class='ocr_carea' id='block_1_109' title="bbox 2253 5054 3815 5125">
    <p class='ocr_par' dir='ltr' id='par_1_109' title="bbox 2253 5054 3815 5125">
     <span class='ocr_line' id='line_1_109' title="bbox 2253 5054 3815 5125; baseline 0.004 -18"><span class='ocrx_word' id='word_1_776' title='bbox 2253 5064 2555 5125; x_wconf 89' lang='lat' dir='ltr'><strong>promptam</strong></span> <span class='ocrx_word' id='word_1_777' title='bbox 2607 5054 2977 5124; x_wconf 73' lang='lat' dir='ltr'><strong>pmuitentiam</strong></span> <span class='ocrx_word' id='word_1_778' title='bbox 3008 5064 3064 5110; x_wconf 90' lang='lat' dir='ltr'><strong>et</strong></span> <span class='ocrx_word' id='word_1_779' title='bbox 3095 5056 3451 5112; x_wconf 86' lang='lat' dir='ltr'><strong>obedientiam</strong></span> <span class='ocrx_word' id='word_1_780' title='bbox 3498 5071 3594 5111; x_wconf 88' lang='lat' dir='ltr'><strong>eos</strong></span> <span class='ocrx_word' id='word_1_781' title='bbox 3637 5056 3815 5114; x_wconf 78' lang='lat' dir='ltr'><strong>beati-</strong></span> 
     </span>
    </p>
   </div>
   <div class='ocr_carea' id='block_1_110' title="bbox 2251 5146 3815 5219">
    <p class='ocr_par' dir='ltr' id='par_1_110' title="bbox 2251 5146 3815 5219">
     <span class='ocr_line' id='line_1_110' title="bbox 2251 5146 3815 5219; baseline 0.003 -20"><span class='ocrx_word' id='word_1_782' title='bbox 2251 5146 2419 5201; x_wconf 88' lang='lat' dir='ltr'><strong>ﬁcans</strong></span> <span class='ocrx_word' id='word_1_783' title='bbox 2444 5166 2456 5201; x_wconf 94' lang='lat'><strong>:</strong></span> <span class='ocrx_word' id='word_1_784' title='bbox 2498 5147 2779 5202; x_wconf 84' lang='lat' dir='ltr'><strong>insinuans</strong></span> <span class='ocrx_word' id='word_1_785' title='bbox 2808 5162 2873 5200; x_wconf 91' lang='lat' dir='ltr'><strong>ex</strong></span> <span class='ocrx_word' id='word_1_786' title='bbox 2898 5146 3019 5214; x_wconf 89' lang='lat' dir='ltr'><strong>hoc,</strong></span> <span class='ocrx_word' id='word_1_787' title='bbox 3047 5148 3179 5219; x_wconf 89' lang='lat' dir='ltr'><strong>quia</strong></span> <span class='ocrx_word' id='word_1_788' title='bbox 3207 5148 3395 5202; x_wconf 89' lang='lat' dir='ltr'><strong>nullus</strong></span> <span class='ocrx_word' id='word_1_789' title='bbox 3433 5162 3669 5217; x_wconf 84' lang='lat' dir='ltr'><strong>unquam</strong></span> <span class='ocrx_word' id='word_1_790' title='bbox 3704 5150 3815 5204; x_wconf 86' lang='lat' dir='ltr'><strong>ho-</strong></span> 
     </span>
    </p>
   </div>
   <div class='ocr_carea' id='block_1_111' title="bbox 2252 5237 3816 5310">
    <p class='ocr_par' dir='ltr' id='par_1_111' title="bbox 2252 5237 3816 5310">
     <span class='ocr_line' id='line_1_111' title="bbox 2252 5237 3816 5310; baseline 0.006 -19"><span class='ocrx_word' id='word_1_791' title='bbox 2252 5239 2459 5293; x_wconf 83' lang='lat' dir='ltr'><strong>minum</strong></span> <span class='ocrx_word' id='word_1_792' title='bbox 2479 5238 2699 5295; x_wconf 89' lang='lat' dir='ltr'><strong>omnino</strong></span> <span class='ocrx_word' id='word_1_793' title='bbox 2721 5237 2839 5293; x_wconf 88' lang='lat' dir='ltr'><strong>sine</strong></span> <span class='ocrx_word' id='word_1_794' title='bbox 2866 5250 3111 5310; x_wconf 81' lang='lat' dir='ltr'><strong>peccato,</strong></span> <span class='ocrx_word' id='word_1_795' title='bbox 3133 5240 3384 5310; x_wconf 89' lang='lat' dir='ltr'><strong>quamvis</strong></span> <span class='ocrx_word' id='word_1_796' title='bbox 3404 5240 3625 5309; x_wconf 87' lang='lat' dir='ltr'><strong>quidam</strong></span> <span class='ocrx_word' id='word_1_797' title='bbox 3654 5243 3816 5301; x_wconf 81' lang='lat' dir='ltr'><strong>nobis</strong></span> 
     </span>
    </p>
   </div>
   <div class='ocr_carea' id='block_1_112' title="bbox 2250 5332 3815 5404">
    <p class='ocr_par' dir='ltr' id='par_1_112' title="bbox 2250 5332 3815 5404">
     <span class='ocr_line' id='line_1_112' title="bbox 2250 5332 3815 5404; baseline 0.006 -18"><span class='ocrx_word' id='word_1_798' title='bbox 2250 5342 2579 5404; x_wconf 85' lang='lat' dir='ltr'><strong>appareant,</strong></span> <span class='ocrx_word' id='word_1_799' title='bbox 2611 5332 2741 5385; x_wconf 86' lang='lat' dir='ltr'><strong>vitia</strong></span> <span class='ocrx_word' id='word_1_800' title='bbox 2775 5343 2830 5387; x_wconf 88' lang='lat' dir='ltr'><strong>et</strong></span> <span class='ocrx_word' id='word_1_801' title='bbox 2874 5343 3093 5404; x_wconf 85' lang='lat' dir='ltr'><strong>peccata</strong></span> <span class='ocrx_word' id='word_1_802' title='bbox 3124 5333 3351 5403; x_wconf 86' lang='lat' dir='ltr'><strong>fugisse.</strong></span> <span class='ocrx_word' id='word_1_803' title='bbox 3404 5334 3523 5392; x_wconf 80' lang='lat' dir='ltr'><strong>Non</strong></span> <span class='ocrx_word' id='word_1_804' title='bbox 3547 5339 3692 5392; x_wconf 82' lang='lat' dir='ltr'><strong>enim</strong></span> <span class='ocrx_word' id='word_1_805' title='bbox 3724 5350 3815 5396; x_wconf 81' lang='lat' dir='ltr'><strong>est</strong></span> 
     </span>
    </p>
   </div>
   <div class='ocr_carea' id='block_1_113' title="bbox 2250 5421 3811 5493">
    <p class='ocr_par' dir='ltr' id='par_1_113' title="bbox 2250 5421 3811 5493">
     <span class='ocr_line' id='line_1_113' title="bbox 2250 5421 3811 5493; baseline 0.004 -15"><span class='ocrx_word' id='word_1_806' title='bbox 2250 5423 2435 5490; x_wconf 89' lang='lat' dir='ltr'><strong>homo,</strong></span> <span class='ocrx_word' id='word_1_807' title='bbox 2461 5422 2555 5492; x_wconf 91' lang='lat' dir='ltr'><strong>qui</strong></span> <span class='ocrx_word' id='word_1_808' title='bbox 2597 5424 2762 5486; x_wconf 86' lang='lat' dir='ltr'><strong>vivat,</strong></span> <span class='ocrx_word' id='word_1_809' title='bbox 2790 5432 2845 5477; x_wconf 89' lang='lat' dir='ltr'><strong>et</strong></span> <span class='ocrx_word' id='word_1_810' title='bbox 2885 5439 2996 5478; x_wconf 88' lang='lat' dir='ltr'><strong>non</strong></span> <span class='ocrx_word' id='word_1_811' title='bbox 3041 5431 3244 5493; x_wconf 86' lang='lat' dir='ltr'><strong>peccet.</strong></span> <span class='ocrx_word' id='word_1_812' title='bbox 3284 5421 3463 5490; x_wconf 79' lang='lat' dir='ltr'><strong>Quare</strong></span> <span class='ocrx_word' id='word_1_813' title='bbox 3487 5428 3811 5484; x_wconf 86' lang='lat' dir='ltr'><strong>concludit:</strong></span> 
     </span>
    </p>
   </div>
   <div class='ocr_carea' id='block_1_114' title="bbox 2246 5513 3814 5589">
    <p class='ocr_par' dir='ltr' id='par_1_114' title="bbox 2246 5513 3814 5589">
     <span class='ocr_line' id='line_1_114' title="bbox 2246 5513 3814 5589; baseline 0.004 -17"><span class='ocrx_word' id='word_1_814' title='bbox 2246 5518 2339 5587; x_wconf 90' lang='lat' dir='ltr'><strong>qui</strong></span> <span class='ocrx_word' id='word_1_815' title='bbox 2387 5514 2657 5570; x_wconf 81' lang='lat' dir='ltr'><strong>beatiﬁcat</strong></span> <span class='ocrx_word' id='word_1_816' title='bbox 2685 5531 2809 5570; x_wconf 89' lang='lat' dir='ltr'><strong>eum</strong></span> <span class='ocrx_word' id='word_1_817' title='bbox 2853 5515 2948 5586; x_wconf 84' lang='lat' dir='ltr'><strong>qui</strong></span> <span class='ocrx_word' id='word_1_818' title='bbox 2981 5513 3279 5570; x_wconf 85' lang='lat' dir='ltr'><strong>secundum</strong></span> <span class='ocrx_word' id='word_1_819' title='bbox 3315 5520 3681 5589; x_wconf 86' lang='lat' dir='ltr'><strong>apparentiam</strong></span> <span class='ocrx_word' id='word_1_820' title='bbox 3723 5532 3814 5578; x_wconf 78' lang='lat' dir='ltr'><strong>est</strong></span> 
     </span>
    </p>
   </div>
   <div class='ocr_carea' id='block_1_115' title="bbox 2245 5607 3815 5689">
    <p class='ocr_par' dir='ltr' id='par_1_115' title="bbox 2245 5607 3815 5689">
     <span class='ocr_line' id='line_1_115' title="bbox 2245 5607 3815 5689; baseline 0.003 -23"><span class='ocrx_word' id='word_1_821' title='bbox 2245 5612 2364 5666; x_wconf 90' lang='lat' dir='ltr'><strong>sine</strong></span> <span class='ocrx_word' id='word_1_822' title='bbox 2402 5618 2647 5689; x_wconf 89' lang='lat' dir='ltr'><strong>peccato,</strong></span> <span class='ocrx_word' id='word_1_823' title='bbox 2691 5608 2917 5673; x_wconf 87' lang='lat' dir='ltr'><strong>fallitur,</strong></span> <span class='ocrx_word' id='word_1_824' title='bbox 2951 5607 3081 5677; x_wconf 85' lang='lat' dir='ltr'><strong>quia</strong></span> <span class='ocrx_word' id='word_1_825' title='bbox 3114 5608 3264 5664; x_wconf 85' lang='lat' dir='ltr'><strong>solus</strong></span> <span class='ocrx_word' id='word_1_826' title='bbox 3293 5609 3547 5669; x_wconf 88' lang='lat' dir='ltr'><strong>Christus</strong></span> <span class='ocrx_word' id='word_1_827' title='bbox 3574 5624 3659 5669; x_wconf 86' lang='lat' dir='ltr'><strong>est</strong></span> <span class='ocrx_word' id='word_1_828' title='bbox 3686 5615 3815 5671; x_wconf 84' lang='lat' dir='ltr'><strong>sine</strong></span> 
     </span>
    </p>
   </div>
   <div class='ocr_carea' id='block_1_116' title="bbox 2245 5700 3815 5776">
    <p class='ocr_par' dir='ltr' id='par_1_116' title="bbox 2245 5700 3815 5776">
     <span class='ocr_line' id='line_1_116' title="bbox 2245 5700 3815 5776; baseline 0.002 -16"><span class='ocrx_word' id='word_1_829' title='bbox 2245 5709 2483 5768; x_wconf 76' lang='lat' dir='ltr'><strong>peccato,</strong></span> <span class='ocrx_word' id='word_1_830' title='bbox 2522 5700 2615 5773; x_wconf 88' lang='lat' dir='ltr'><strong>qui</strong></span> <span class='ocrx_word' id='word_1_831' title='bbox 2653 5710 2707 5758; x_wconf 92' lang='lat' dir='ltr'><strong>et</strong></span> <span class='ocrx_word' id='word_1_832' title='bbox 2746 5708 2997 5757; x_wconf 87' lang='lat' dir='ltr'><strong>mortuus</strong></span> <span class='ocrx_word' id='word_1_833' title='bbox 3035 5707 3162 5767; x_wconf 85' lang='lat' dir='ltr'><strong>est,</strong></span> <span class='ocrx_word' id='word_1_834' title='bbox 3188 5709 3245 5758; x_wconf 87' lang='lat' dir='ltr'><strong>et</strong></span> <span class='ocrx_word' id='word_1_835' title='bbox 3296 5706 3619 5762; x_wconf 88' lang='lat' dir='ltr'><strong>resurrexit.</strong></span> <span class='ocrx_word' id='word_1_836' title='bbox 3670 5704 3815 5776; x_wconf 80' lang='lat' dir='ltr'><strong>Quis</strong></span> 
     </span>
    </p>
   </div>
  </div>
