4032 6340
187 420 327 487 1233

1349 422 1663 481 SCHOLIA
1710 422 1786 479 IN
1833 423 2232 484 CLINIACUM.

3273 424 3405 489 1234

182 550 322 609 ergo
348 546 453 602 est,
486 536 580 607 qui
619 536 825 605 peccati
866 544 1092 590 mortem
1118 534 1344 604 cffugit?
1392 552 1561 605 quare
1594 550 1749 589 nemo
1778 544 1821 595 Δ
1850 540 2066 606 quando
2102 541 2237 593 mala
2288 541 2518 608 palinmr
2572 542 2664 594 sed
2710 541 2928 610 quando
2962 541 3099 594 mala
3155 540 3403 607 facimus,

186 631 383 700 utique
409 640 493 684 est
516 629 609 698 qui
642 643 750 682 non
768 627 1001 682 offendat
1028 636 1083 681 ct
1111 636 1313 696 peccet.
1378 627 1441 681 lli
1470 636 1597 681 sunt
1624 644 1752 697 ergo

184 722 287 791 qui
332 720 672 775 beatificandi
710 729 872 785 sunt,
903 721 996 790 qui
1038 734 1136 789 per
1165 734 1347 773 veram
1380 721 1751 789 penitentiam

185 823 519 868 revocantur
556 822 610 867 et
655 820 1002 866 renovantur.
1054 808 1243 865 Videat
1286 826 1415 881 ergo
1467 812 1558 880 qui
1607 814 1747 865 viam

188 903 532 973 paenitentia:
551 914 603 958 et
626 904 930 974 religiosam
955 901 1136 971 elegit,
1165 902 1439 972 quomodo
1462 904 1755 957 secundum

189 998 370 1052 Deum
395 999 584 1053 vivat:
639 1000 766 1069 quia
805 997 854 1052 si
904 998 1143 1067 seipsum
1201 997 1435 1067 perfecte
1465 1012 1494 1051 a
1524 1000 1668 1051 curis
1706 1008 1760 1051 et

188 1089 645 1143 delectationibus
673 1097 726 1142 et
754 1088 901 1144 vitiis
937 1104 1044 1143 non
1070 1089 1392 1153 mortiﬁcat,
1422 1090 1648 1143 mendax
1683 1089 1761 1141 ef-

191 1179 399 1241 fectus,
428 1180 571 1249 quod
610 1180 858 1249 promisit
888 1188 1084 1250 negat,
1115 1192 1170 1236 et
1209 1196 1240 1235 a
1280 1180 1761 1235 beatificandorum

193 1264 432 1323 numero
479 1268 717 1337 seipsum
773 1268 1044 1337 improbat
1098 1270 1357 1334 omnino,
1419 1270 1493 1324 si.
1526 1268 1763 1337 seipsum

193 1374 369 1429 quam
423 1358 583 1413 citius
628 1374 721 1426 per
749 1374 931 1412 veram
965 1357 1367 1413 confessionem
1400 1369 1453 1412 et
1500 1356 1767 1425 pmnitcn-

196 1450 336 1501 tiam
375 1464 479 1501 non
518 1449 786 1502 emendat.
841 1448 981 1513 Quid
1014 1459 1093 1503 est
1121 1448 1259 1519 quod
1304 1450 1358 1501 in
1382 1448 1505 1501 aliis
1534 1448 1767 1516 peccatis

197 1541 449 1594 seductus
474 1542 648 1604 homo,
672 1550 776 1596 etc.
830 1541 1064 1596 Olfendit
1093 1542 1290 1611 quippe
1322 1541 1540 1608 aliquis,
1574 1548 1628 1593 et
1676 1554 1770 1608 per

200 1631 383 1699 ipsam
426 1633 564 1685 viam
607 1646 713 1699 qua
763 1646 1048 1700 perversus
1092 1642 1214 1694 est,
1267 1631 1463 1684 iterum
1511 1614 1679 1683 rediit
1704 1630 1772 1681 ad

200 1720 520 1776 Dominum.
591 1722 887 1792 Abnegavit
931 1721 1074 1776 enim
1128 1724 1218 1787 (ut
1269 1721 1347 1776 sic
1390 1719 1629 1788 dicatur)
1682 1735 1774 1788 per

202 1814 488 1882 linguam,
525 1823 577 1867 et
633 1828 727 1883 per
769 1814 1004 1880 linguam
1070 1827 1261 1865 rursus
1309 1809 1595 1888 confessus
1648 1792 1769 1863 est:

206 1904 462 1973 rapinam
510 1904 765 1958 manibus
815 1902 1121 1965 commisit,
1170 1909 1225 1956 et
1278 1902 1529 1955 manibus
1580 1902 1787 1969 iterato

206 1992 472 2061 dispersit
507 2001 563 2048 et
588 1992 737 2047 dedit
778 1991 1126 2061 pauperibus,
1150 1998 1204 2044 et
1255 1990 1309 2044 in
1342 1990 1465 2045 aliis
1505 1990 1771 2045 similiter.

207 2082 326 2148 Qui
358 2098 485 2137 vero
516 2083 835 2146 fornicatur,
872 2097 979 2136 non
1010 2097 1103 2152 per
1144 2080 1289 2134 illam
1319 2082 1458 2134 viam
1496 2096 1601 2150 qua
1633 2082 1776 2135 ceci-

209 2175 320 2238 dit,
352 2174 441 2229 sed
483 2189 579 2243 per
607 2174 766 2227 aliam
798 2181 1095 2227 revertetur
1120 2173 1185 2226 ad
1229 2171 1515 2226 Dominum
1544 2189 1558 2225 :
1609 2186 1779 2240 quare

211 2265 439 2334 proprie
485 2264 790 2329 fornicatio,
827 2264 1011 2333 lapsus
1045 2263 1259 2327 dicitur,
1288 2271 1343 2315 et
1389 2276 1497 2315 non
1530 2261 1777 2314 offensio.

215 2356 392 2420 Sane,
438 2356 563 2425 quia
615 2354 927 2410 monastica:
966 2353 1398 2417 conversationi,
1455 2352 1557 2406 hoc
1599 2351 1782 2419 utique

213 2447 496 2516 (videlicet
522 2446 911 2516 virginitatem,
948 2444 1147 2499 habere
1182 2452 1238 2498 et
1258 2430 1577 2510 Observare)
1619 2456 1781 2510 supra

216 2521 424 2593 caetera
475 2541 724 2607 supreme
763 2538 1039 2607 proprium
1078 2545 1187 2600 est,
1227 2534 1377 2605 quod
1418 2543 1470 2589 et
1500 2535 1616 2588 vult
1647 2548 1784 2601 pra:-

213 2631 430 2685 dicatio
456 2630 691 2684 nominis
717 2629 990 2691 monachi,
1011 2637 1064 2683 et
1086 2627 1406 2697 promissio:
1434 2634 1578 2680 recte
1602 2626 1782 2693 igitur,

214 2721 328 2789 qui
351 2719 712 2787 virginitatem
735 2719 995 2789 corrupit,
1026 2733 1151 2774 vere
1169 2718 1367 2774 cecidit
1396 2715 1617 2771 irritans
1642 2715 1785 2784 quod

218 2812 498 2884 promisit.
584 2812 765 2878 Quare
816 2813 1033 2881 proprie
1078 2811 1397 2877 fornicatio,
1442 2821 1554 2864 tum
1594 2794 1720 2879 quia
1757 2825 1787 2861 a

220 2913 441 2960 natura:
470 2903 794 2971 integritate,
831 2910 945 2956 tum
972 2902 1098 2971 quia
1130 2919 1163 2957 a
1190 2902 1548 2973 professionis
1572 2900 1788 2971 propria

218 2996 489 3063 dignitate
526 2995 697 3059 cadit,
734 2993 915 3063 lapsus
940 2993 1142 3048 dicitur.
1166 3002 1220 3047 et
1252 3008 1363 3047 non
1406 2992 1658 3046 olfensio.
1710 2990 1791 3043 Ad

223 3088 360 3152 hoc,
406 3087 499 3157 qui
560 3095 749 3141 contra
782 3086 1093 3157 opinionem
1130 3086 1388 3151 oﬂ‘endit,
1428 3082 1791 3141 existimando

1852 632 2086 684 dicimus
2138 640 2191 684 et
2247 632 2567 701 cogitamus.
2635 631 2741 686 Nos
2776 647 2903 685 vero
2940 633 3080 686 male
3112 642 3324 702 tempus
3356 644 3411 687 ct

1854 727 2095 778 ordinem
2134 732 2567 787 commutamus,
2618 723 2747 792 quia
2784 724 3061 793 diligimus
3093 723 3315 778 delicias
3359 736 3413 778 ct

1855 815 2091 877 divitias,
2120 824 2174 869 et
2213 814 2430 869 odimus
2458 824 2822 883 paupertatem
2861 826 2914 869 et
2940 816 3179 878 dolores,
3227 827 3278 867 ct
3332 817 3411 869 la-

1858 908 2043 973 bores,
2075 917 2129 960 et
2163 906 2570 967 tribulationcs,
2602 916 2655 960 et
2702 908 2977 971 tristitias,
3023 917 3077 962 et
3116 908 3413 976 passiones

1860 1014 1963 1052 non
1985 1014 2230 1052 amamus
2259 1000 2525 1053 sustinere
2553 1014 2649 1066 pro
2679 999 2917 1061 Christo,
2956 1008 3013 1052 ut
3047 1014 3332 1068 regnemus
3361 999 3413 1051 in

1860 1102 2117 1145 aeternum
2152 1107 2275 1144 cum
2316 1092 2453 1158 ipso.
2858 1118 2863 1123 -

2207 1184 2337 1235 (Ian.
2366 1181 2493 1238 XV.
2525 1213 2591 1221 —
2624 1183 2701 1234 Ad
2732 1181 2953 1251 gradum
2978 1181 3069 1235 2i.

1938 1274 2057 1329 Non
2107 1275 2257 1328 illum
2312 1275 2499 1327 audias
2525 1291 2641 1327 cum
2668 1275 2783 1338 tibi,
2824 1284 2878 1326 ut
2903 1274 3283 1342 episcopatum,
3312 1282 3415 1325 etc.

1869 1370 2009 1422 Sane
2040 1368 2219 1423 cordis
2243 1368 2563 1422 conﬁdentia
2594 1375 2645 1421 et
2664 1368 3021 1435 periculorum
3057 1376 3419 1435 contemptus,

1869 1462 1936 1516 ab
1993 1476 2101 1514 uno
2129 1461 2357 1515 istorum
2389 1460 2620 1513 duorum
2664 1460 2878 1527 penitus
2906 1469 3023 1513 est:
3059 1467 3151 1511 aut
3176 1474 3241 1512 ex
3270 1458 3419 1511 duri-

1873 1555 1943 1608 tia
1974 1554 2176 1631 cordis,
2200 1562 2295 1606 aut
2322 1569 2383 1605 ex
2418 1552 2581 1605 multa
2607 1552 2707 1604 fide
2733 1552 2796 1604 ad
2822 1550 3009 1604 Deum.
3035 1550 3138 1603 Sed
3168 1551 3421 1603 duritiam

1870 1657 2017 1701 certe
2073 1645 2317 1713 sequitur
2368 1645 2640 1711 superbia,
2674 1643 2979 1711 superbiam
3013 1643 3167 1695 ruina
3208 1660 3222 1705 ;
3268 1642 3423 1694 fidem

1874 1754 1999 1793 vero
2027 1739 2272 1806 sequitur
2300 1736 2480 1789 cordis
2503 1735 2792 1788 humilitas.
2816 1732 2879 1785 Et
2907 1732 3224 1786 humilitatis
3254 1732 3422 1800 signa,

1878 1829 2075 1883 lnnnilc
2123 1837 2177 1882 et
2212 1837 2562 1896 temperatum
2629 1844 2836 1895 sapere,
2885 1837 2937 1881 ct
2968 1826 3284 1895 simplicitas
3311 1840 3428 1877 enr-

1875 1922 1976 1975 dis.
2029 1919 2179 1973 Mens
2228 1928 2405 1972 autem
2469 1918 2790 1980 illuminata,
2823 1927 2875 1971 ct
2897 1917 3212 1971 deliberatio
3242 1924 3426 1968 sancta

1875 2023 1929 2068 et
1963 2021 2126 2075 recta,
2149 2026 2271 2065 cum
2306 2010 2474 2079 gratia
2499 2020 2551 2063 ct
2582 2011 2726 2062 dono
2773 2010 3137 2069 discretionis,
3188 2007 3433 2061 differen-

1880 2106 1981 2157 tias
2010 2103 2297 2171 spirituum
2332 2113 2661 2167 cognoscere
2695 2098 2901 2151 faciunt
2935 2116 2949 2153 :
2990 2098 3107 2150 sine
3146 2096 3263 2149 istis
3304 2110 3455 2154 vero,

1880 2170 2091 2248 arundo
2158 2200 2317 2247 vento
2364 2192 2561 2259 agitata
2619 2190 2990 2257 unusquisque
3022 2188 3307 2256 reperitur,
3338 2170 3435 2238 nec
3522 2239 3529 2244 _

1882 2284 1998 2338 sine
2040 2283 2178 2337 duce
2220 2291 2274 2336 et
2326 2280 2567 2349 ejusdem
2616 2266 2867 2348 perfecta.
2907 2277 3210 2331 obedientia
3252 2277 3374 2344 quis
3405 2290 3433 2327 a

1880 2378 2185 2430 daemonum
2218 2374 2561 2428 illusionibus
2610 2383 2663 2425 et
2695 2371 2908 2425 insidiis
2939 2370 3072 2424 liber
3098 2370 3219 2423 erit.
3276 2368 3439 2436 Atque

1882 2470 1951 2522 ad
2012 2484 2196 2521 manus
2250 2466 2655 2533 perveniendum
2714 2464 2781 2527 “,
2841 2472 2946 2516 etc.
3010 2460 3236 2515 Attende
3262 2459 3440 2516 tibi.o

1883 2569 1940 2614 tu
1971 2560 2065 2627 qui
2092 2557 2485 2625 eleemosynam
2512 2554 2764 2621 suscipis,
2800 2562 2861 2606 ut
2887 2553 3036 2606 nullo
3085 2550 3245 2603 modo
3287 2549 3438 2601 reci—

1887 2648 2024 2717 pias,
2071 2646 2176 2700 nisi
2222 2661 2283 2699 ea
2329 2660 2453 2714 qua:
2506 2643 2669 2697 mittit
2692 2642 2784 2696 tibi
2813 2642 2950 2695 Deus
2987 2656 3052 2695 ex
3083 2637 3356 2693 laboribus
3386 2648 3442 2692 et

1889 2739 2154 2793 fructibus
2203 2736 2368 2805 justis
2417 2750 2431 2785 :
2470 2742 2523 2788 et
2562 2732 2684 2797 hoc,
2732 2746 2855 2786 cum
2888 2730 3079 2784 timore
3108 2738 3162 2783 et
3187 2735 3441 2789 tremore,

1890 2832 2147 2898 tanquam
2180 2828 2247 2881 de
2271 2842 2432 2880 manu
2470 2824 2583 2889 Dei,
2609 2824 2674 2877 ad
2712 2830 3008 2877 extremam
3050 2829 3197 2873 tuam
3256 2824 3443 2876 ncces-

1890 2923 2122 2978 sitatcm.
2188 2917 2319 2984 Qum
2347 2926 2530 2970 autem
2563 2924 2689 2969 sunt
2720 2929 2784 2968 ex
2817 2912 3023 2976 usuris,
3058 2918 3111 2962 et
3140 2908 3352 2978 pugnis,
3393 2916 3448 2961 et

1890 3008 2173 3077 iniustitia,
2199 3006 2409 3070 fraude,
2430 3014 2483 3058 et
2508 3003 2716 3071 rapina,
2741 3011 2795 3055 et
2819 2998 3099 3069 tyrannide
3120 2997 3215 3050 ti‘bi
3240 2996 3442 3059 oblata,

1894 3099 2108 3168 penitus
2142 3096 2339 3160 devita,
2380 3110 2448 3147 ne
2478 3102 2533 3147 et
2562 3102 2615 3145 tu
2659 3106 2781 3146 cum
2824 3087 3173 3143 oﬂ’erentibus
3222 3080 3447 3139 damne-

222 3178 493 3248 quoniam
535 3190 679 3234 recte
718 3180 886 3249 sapit,
918 3178 1215 3234 secundum
1265 3176 1621 3247 ignorantiam
1672 3189 1789 3244 per-

1895 3189 2011 3242 ris:
2043 3195 2097 3241 et
2127 3194 2401 3239 memento
2434 3183 2657 3246 laboris,
2682 3178 3080 3266 et'alllictionis,
3100 3187 3154 3231 et
3185 3175 3448 3245 regularis

224 3269 440 3324 cutitur
481 3270 631 3340 plaga
661 3270 795 3340 (20).
854 3269 957 3337 Qui
989 3279 1168 3325 autem
1212 3268 1530 3332 fornicatur,
1564 3281 1789 3321 noscens

1892 3280 2115 3351 iustitia:
2161 3276 2405 3341 Patrum,
2431 3283 2487 3329 et
2528 3273 2775 3328 manibus
2806 3272 2915 3329 tuis
2954 3268 3157 3332 labora,
3206 3276 3266 3322 ut
3306 3268 3450 3335 juste

222 3361 366 3431 quia
410 3377 547 3431 opus
612 3361 809 3416 malum
857 3371 974 3425 est,
1026 3362 1280 3417 sensibus
1332 3375 1397 3415 es
1442 3360 1798 3414 delectatione

228 3453 522 3524 perellluit,
553 3461 610 3509 et
635 3469 744 3508 non
775 3468 841 3509 ex
874 3453 1176 3524 ignorantia
1211 3453 1433 3522 patitur.
1486 3450 1552 3505 Et
1578 3449 1799 3504 haeresis

178 3580 185 3585 -
226 3546 456 3615 quidem
495 3533 692 3600 malum
731 3546 789 3599 in
820 3546 999 3599 anima
1034 3545 1149 3600 sola
1178 3537 1467 3602 consistit,
1511 3540 1800 3596 fornicatio

228 3650 373 3688 vero
394 3652 410 3694 :
429 3651 493 3688 ex
511 3635 777 3689 electione
806 3634 1015 3689 arbitrii
1038 3621 1415 3699 animaumalo
1436 3633 1800 3696 consentiens,

233 3725 299 3777 in
333 3738 577 3792 corpore,
602 3725 966 3793 corruptionis
990 3736 1276 3794 peccatum
1305 3724 1610 3792 complevit.
1653 3721 1803 3787 Quo-

234 3813 394 3867 niam
430 3828 555 3867 vcro
587 3811 721 3865 nihil
760 3821 845 3867 est
876 3813 1121 3867 naturale
1174 3813 1319 3880 quod
1362 3813 1645 3881 impugnet
1677 3824 1803 3864 eum

233 3902 343 3973 qui
382 3902 451 3957 ab
477 3917 661 3956 errore
681 3901 1035 3965 convertitur,
1077 3901 1318 3955 totaliter
1349 3915 1417 3954 ex
1453 3899 1807 3955 conversione

236 3990 575 4048 mutidatur:
634 3989 727 4057 qui
767 4003 896 4042 vero
923 4004 987 4042 ex
1030 3988 1409 4050 fornicatione,
1445 3996 1688 4055 tempore
1726 3986 1808 4037 in-

236 4082 417 4150 diget,
454 4079 656 4138 labore,
687 4086 742 4132 et
800 4078 1073 4148 lacrymis,
1129 4088 1189 4133 ut
1233 4075 1595 4146 qualificatam
1627 4083 1681 4127 et
1721 4074 1805 4126 in-

242 4172 429 4239 fusam
450 4168 857 4223 delectationem
872 4178 924 4221 et
942 4164 1150 4236 plagam
1176 4166 1626 4234 concupiscentiae
1653 4179 1809 4217 aver-

242 4271 354 4316 tat.
392 4261 635 4313 Avaritia
658 4262 763 4315 sive
782 4260 1045 4329 cupiditas
1073 4268 1149 4313 est
1176 4258 1439 4312 idolorum
1464 4257 1724 4311 veneratio
1740 4258 1804 4309 ”.

242 4346 381 4403 'l'ria
402 4349 819 4428 suntcausantia
841 4348 1143 4412 avaritiam,
1160 4362 1313 4402 amor
1335 4346 1808 4416 concupiscentiae,

243 4430 410 4490 amor
433 4438 635 4508 gloriae,
656 4450 709 4493 et
742 4438 1027 4494 inlidelitas
1061 4439 1271 4494 duabus
1303 4439 1593 4498 crudelior.
1622 4447 1677 4491 et
1704 4436 1808 4491 alia

245 4528 445 4583 multa.
478 4528 619 4584 Sane
647 4530 787 4585 sicut
808 4541 889 4585 est
921 4531 1276 4600 impossibile,
1304 4530 1357 4583 in
1388 4529 1619 4599 idipsum
1648 4528 1811 4583 simul

228 4619 545 4675 convenire
565 4619 722 4673 vitam
746 4627 802 4674 et
838 4630 1088 4685 mortem,
1124 4621 1197 4673 ita
1224 4626 1309 4675 est
1333 4617 1685 4688 impossibile,
1715 4630 1810 4683 pe-

247 4709 476 4765 cuniam
514 4712 821 4782 diligentem
861 4710 1058 4765 habere
1092 4710 1430 4765 charitatem.

868 4800 996 4855 CAP.
1028 4800 1166 4855 XIV.

334 4897 533 4950 Avarus
572 4904 650 4950 est
703 4891 1109 4961 Evangeliorum
1147 4893 1358 4957 irrisor,
1402 4899 1505 4944 etc.
1572 4888 1811 4942 Audiens

256 5002 459 5041 avarus
504 4984 852 5055 Evangelium
903 4981 1115 5045 dicens,
1162 4979 1327 5032 Vende
1354 4979 1529 5031 omnia
1570 4993 1685 5047 qua:
1714 4978 1811 5030 ha-

260 5080 353 5133 bes
374 5079 442 5145 ⁸³,
470 5089 599 5145 etc.,
638 5082 781 5134 sicut
814 5073 1171 5145 impossibile,
1214 5071 1564 5141 perfectionis
1588 5071 1810 5123 verbum

260 5167 566 5223 subsannat
592 5187 607 5222 :
641 5178 727 5234 et,
761 5167 808 5221 si
826 5180 1017 5221 omnes
1042 5162 1307 5226 vendant,
1338 5161 1411 5213 ait
1434 5199 1447 5220 .
1472 5161 1595 5230 quis
1628 5160 1813 5214 emet?

262 5261 337 5315 Et
354 5261 599 5327 audiens,
621 5261 800 5316 Nolite
827 5262 1055 5331 cogitare
1076 5258 1136 5311 de
1159 5254 1472 5316 crastino“,
1498 5270 1604 5307 non
1629 5254 1817 5315 credit,

260 5350 366 5407 sed
391 5350 686 5407 voluntarie
714 5353 1034 5408 contradicit
1057 5358 1110 5405 et
1155 5346 1556 5417 prmvaricatur.
1602 5345 1657 5398 Si
1692 5361 1818 5399 vero

261 5442 623 5499 contristetur
660 5447 717 5498 in
738 5445 922 5513 aliquo
953 5486 968 5509 ,
1027 5453 1236 5511 tempus
1285 5440 1508 5507 justitia:
1546 5448 1659 5497 est,
1714 5453 1817 5490 non

341 5582 389 5613 “
428 5579 622 5649 Ephes.
673 5596 725 5643 v,
753 5582 805 5636 5.
883 5585 928 5615 ”
982 5582 1169 5637 Matth.
1200 5597 1310 5645 xIx,
1346 5578 1434 5633 21.

342 5692 459 5769 (29)
644 5711 738 5763 per
757 5698 1103 5766 ignorantiam
1127 5698 1432 5769 pervertitur
1468 5706 1515 5769 et
1559 5693 1821 5763 plagutur.

341 5762 458 5834 (il)
484 5762 666 5822 Melius
703 5762 1156 5836 peregrinantium,
1206 5778 1263 5823 ut
1312 5766 1437 5835 legit
1471 5762 1751 5833 interpres.

1894 3370 2065 3424 vivas.
2094 3364 2389 3420 Laborabis
2426 3372 2604 3417 autem
2637 3359 2932 3417 secundum
2965 3357 3185 3411 Patrum
3213 3357 3447 3425 regulas,

1897 3477 1961 3517 ex
2016 3459 2343 3521 obedientia,
2380 3471 2485 3510 non
2527 3455 2645 3519 tibi,
2671 3454 2875 3522 absque
2900 3450 3346 3513 murmuratione,
3394 3455 3454 3501 ut

1899 3568 1995 3623 per
2022 3567 2160 3621 opus
2190 3548 2499 3619 patientiam
2534 3546 2805 3613 acquiras,
2828 3554 2883 3597 ct
2908 3543 3187 3597 charitatis
3230 3539 3445 3611 manda.\

1900 3655 2013 3699 tum
2066 3644 2289 3712 impleas
2322 3659 2335 3695 :
2382 3651 2444 3695 ut
2493 3650 2547 3692 et
2564 3636 2809 3706 corporis
2844 3646 2898 3689 et
2922 3635 3117 3687 mentis
3146 3632 3451 3701 puritatem,

1900 3748 1955 3792 et
2006 3732 2381 3790 incessabilem
2425 3729 2722 3798 orationem
2773 3726 3038 3789 invenias,
3097 3734 3157 3775 ut
3194 3736 3453 3775 manuum

1902 3842 2038 3896 opus
2092 3824 2446 3891 et~teipsum,
2503 3819 2827 3896 oblationem
2876 3817 3071 3870 offeras
3112 3813 3241 3869 Deo.
3266 3821 3320 3865 et
3347 3812 3456 3866 sal-

1902 3894 2067 3978 veris,
2121 3915 2247 3984 quia
2281 3914 2491 3967 beatius
2512 3920 2594 3964 eSt
2615 3909 2745 3963 dare
2773 3894 3205 3977 quani'accipere
3226 3906 3290 3955 ".
3325 3904 3457 3957 Nam

1904 4006 2351 4076 manibus,juxta
2381 4002 2729 4073 apostolicam
2760 4000 3099 4055 traditionem
3142 4009 3196 4051 et
3240 4010 3460 4051 natura-

1906 4102 2026 4154 liter
2076 4101 2096 4168 (
2141 4108 2199 4152 ut
2253 4098 2452 4151 dictum
2486 4094 2615 4162 est)
2644 4094 2911 4155 laborare,
2950 4092 3259 4161 patientem,
3286 4089 3461 4142 humi-

1907 4194 2033 4259 lem,
2090 4189 2516 4252 misericordem,
2560 4186 2788 4253 justam,
2840 4183 3074 4253 vigilem,
3102 4190 3155 4234 et
3180 4194 3303 4232 vere
3338 4192 3461 4244 pau-

1906 4299 2088 4354 perem
2124 4280 2398 4337 constituit
2425 4288 2676 4347 mentem.
2711 4276 2774 4329 Et
2802 4275 2906 4329 boc
2948 4282 3032 4328 est
3079 4271 3219 4339 quod
3250 4268 3463 4354 docebit

1909 4383 1962 4426 te
2008 4380 2270 4441 praecepta
2307 4368 2395 4421 Dei
2449 4365 2686 4435 perfecte
2711 4375 2946 4422 servare,
2992 4358 3039 4412 si
3084 4357 3138 4409 in
3193 4353 3461 4422 subjecto~

1914 4480 2034 4520 rum
2063 4472 2116 4517 et
2142 4474 2434 4529 pauperum
2466 4458 2692 4509 fratrum
2725 4452 3137 4522 congregatione
3163 4450 3244 4503 eis
3293 4449 3307 4510 (
3340 4457 3462 4499 tan-

1913 4570 2073 4625 quam
2126 4552 2252 4614 Deo,
2311 4558 2366 4603 et
2421 4564 2526 4603 non
2575 4548 2672 4600 tibi
2704 4549 2723 4615 )
2756 4561 2820 4598 ex
2855 4543 3153 4598 obedientia
3184 4550 3238 4594 et
3264 4555 3371 4592 non
3398 4552 3465 4593 ex

1914 4644 2127 4715 propria
2179 4642 2452 4696 voluntate
2510 4638 2736 4693 fideliter
2787 4638 3043 4691 labores:
3102 4634 3227 4702 quia
3268 4631 3463 4692 taliter,

1915 4735 2180 4791 catholice
2212 4743 2265 4789 et
2286 4731 2621 4802 regulariter,
2645 4739 2697 4783 et
2717 4746 2822 4783 non
2852 4746 2990 4783 vane
3018 4736 3072 4781 et
3102 4724 3292 4778 vitiose
3357 4721 3466 4773 Deo
3496 4732 3497 4735 ‘

1918 4827 2138 4881 servies.
2167 4824 2303 4878 Cave
2332 4841 2393 4877 ne
2422 4823 2679 4891 proditori
2718 4821 2829 4892 (2‘2)
2852 4834 3079 4888 unquam
3133 4817 3465 4880 obtemperes.

1918 4927 2023 4973 etc.
2069 4917 2124 4970 ln
2188 4917 2414 4986 epistola
2458 4917 2524 4971 ad
2570 4916 2851 4985 virginem,
2878 4914 2953 4967 ait
2983 4919 3201 4965 sanctus
3229 4909 3468 4963 Athana-

1921 5010 2068 5074 sius;
2116 5006 2172 5059 Si
2222 5006 2647 5061 manifestaveris
2702 5006 2870 5059 vitam
2932 5012 3102 5063 tuam,
3144 5000 3317 5070 pariet
3369 5000 3470 5074 huc

1920 5099 2015 5153 tibi
2055 5071 2248 5150 vanam
2306 5096 2531 5164 gloriam
2582 5106 2635 5149 et
2678 5094 2934 5147 damnum
2988 5090 3230 5158 patieris.
3282 5088 3337 5142 Si
3371 5071 3470 5142 au1

1916 5202 2021 5245 tem
2052 5188 2285 5242 animam
2312 5188 2581 5240 inveneris
2642 5184 2735 5238 tibi
2772 5192 3216 5245 consentaneum,
3271 5179 3478 5247 pariter

1919 5296 2038 5352 qua:
2087 5279 2180 5333 Dei
2231 5292 2355 5334 sunt
2380 5278 2683 5340 facientem,
2732 5273 2856 5327 huic
2880 5288 3097 5343 quoque
3123 5272 3243 5333 soli,
3275 5271 3327 5322 in
3354 5282 3469 5335 my—

1923 5373 2107 5437 sterio,
2136 5372 2347 5425 revela:
2400 5371 2471 5425 ibi
2490 5368 2630 5422 enim
2655 5380 2760 5418 non
2782 5373 2864 5418 est
2897 5380 3029 5417 vana
3088 5362 3277 5431 gloria,
3340 5357 3465 5424 quia

1924 5464 2015 5532 qui
2041 5462 2278 5532 loquitur
2312 5473 2369 5515 ut
2390 5462 2622 5513 animam
2648 5457 2837 5516 salvet,
2899 5454 3119 5507 multam
3168 5448 3466 5502 mercedem

1511 5577 1555 5607 ⁸³
1585 5575 1769 5629 Matth.
1819 5592 1889 5641 Vl,
1936 5578 2023 5632 δι.
2100 5580 2146 5609 ’⁸
2192 5581 2308 5635 Act.
2346 5594 2434 5641 xx,
2474 5576 2564 5629 '53.

2003 5696 2112 5765 (22)
2143 5696 2306 5753 Vetus
2340 5696 2618 5764 intcrpres,
2651 5687 3076 5747 Exterminatori.
