4032 6340
618 419 753 484 1235

1726 419 1795 481 S.
1820 414 2134 476 JOANNIS
2174 413 2683 477 RAI'I‘HUENSIS

3695 418 3835 485 1236

617 531 862 602 accipiet,
917 543 974 584 se
1037 528 1357 583 habentibus
1409 528 1734 583 desiderium
1790 530 2062 595 audiendi,
2094 531 2169 582 lo-
2200 537 2240 585 Α
2272 546 2379 583 non
2400 547 2465 585 ex
2498 533 2673 596 uobis,
2699 533 2856 603 cujus
2883 534 3124 590 thesauri
3156 535 3470 603 qualitatem
3507 534 3691 590 nullus
3713 551 3835 590 ser-

616 625 835 697 quendi,
872 624 1105 696 loquitur
1134 635 1193 676 ut
1218 624 1515 678 salventur.

992 718 1119 771 Car.
1144 716 1281 770 XVI.
1313 746 1378 757 —-
1404 718 1483 768 Ad
1517 717 1738 785 gradum
1765 716 1853 772 22.

684 808 939 877 Superbia
966 818 1042 863 est
1075 808 1166 862 Dei
1196 809 1495 878 abnegatio.
1552 808 1653 873 Qui
1705 822 1811 862 non
1845 822 1907 862 ex
1933 824 1995 862 ea
2047 792 2168 877 quae

616 916 828 956 sursum
879 909 962 953 est
1019 899 1305 969 sapientia,
1324 900 1420 954 sed
1451 914 1517 953 ex
1546 900 1727 968 seipso
1752 899 1951 969 aliquid
1984 914 2043 953 se
2066 914 2167 968 pu-

614 1001 709 1056 tat,
754 990 1031 1053 direxisse,
1101 991 1269 1046 Deum
1329 1000 1505 1061 negat,
1534 991 1623 1060 qui
1656 992 1861 1044 eumin
1914 990 2168 1045 omnibus

612 1095 895 1155 protegens
935 1086 1218 1157 dirigebat,
1249 1103 1354 1156 qua
1384 1102 1447 1141 ex
1472 1101 1530 1141 re
1549 1087 1713 1152 cadit,
1742 1102 1771 1140 a
1800 1085 1967 1156 gratia
2023 1086 2170 1139 dere-

612 1175 793 1233 lictus.
842 1192 1003 1246 quam
1080 1176 1300 1246 sprevit.
1377 1176 1642 1241 luternus,
1689 1183 1773 1231 est
1821 1175 2164 1245 ignorantia;

612 1268 855 1335 perditio,
893 1280 976 1324 cst
1000 1268 1198 1323 oblivio
1222 1268 1349 1325 Dei:
1378 1269 1541 1338 igitur
1581 1285 1645 1326 ex
1695 1268 1992 1340 ignorantia
2052 1268 2165 1334 Dei,

609 1368 693 1414 est
744 1375 897 1414 amur
924 1361 1196 1430 proprius,
1252 1378 1319 1416 ex
1356 1362 1544 1417 eodem
1585 1376 1715 1417 vero
1753 1362 1899 1431 gula,
1930 1362 2165 1424 luxuria,

608 1464 747 1504 vana
780 1452 944 1517 gloria
973 1463 1027 1507 et
1062 1453 1308 1519 avaritia,
1335 1464 1387 1508 et
1411 1470 1476 1509 ex
1500 1454 1585 1511 his
1617 1454 1743 1509 vitia
1785 1454 2009 1523 reliqua.
2037 1452 2164 1508 Item

610 1554 674 1592 ex
701 1539 999 1610 ignorantia
1034 1539 1121 1595 Dei
1153 1541 1477 1609 inﬁdelitas;
1516 1559 1581 1597 ex
1612 1532 1922 1598 infidelitate
1949 1552 2031 1597 est
2084 1543 2165 1596 in-

610 1632 913 1686 obedientia
942 1650 956 1697 ;
990 1650 1051 1687 ex
1084 1635 1468 1698 inohedieutia,
1495 1635 1829 1704 impatientia
1856 1652 1871 1702 ;
1901 1651 1967 1689 ex
1996 1635 2166 1706 impa-

609 1725 817 1791 tientia,
844 1729 1116 1797 superbia,
1146 1745 1267 1798 qiue
1296 1740 1379 1785 est
1417 1731 1654 1785 inventio
1697 1731 2024 1786 dtemonutn.

962 1816 1088 1873 CAP.
1118 1816 1277 1874 XVII.
1308 1850 1377 1860 -—
1412 1819 1492 1873 Ad
1510 1818 1733 1887 gradum
1762 1818 1851 1872 εδ.

680 1901 991 1957 Desinamus
1024 1907 1229 1958 tandem
1256 1906 1503 1974 judicare
1523 1916 1571 1960 et
1596 1908 1938 1961 condemnare
1985 1912 2164 1975 proxi-

610 2004 770 2041 mum.
827 1989 899 2044 Ex
932 1990 1241 2045 inﬁdelitate
1261 1993 1499 2059 quidem,
1525 1993 1883 2047 inobedientia
1916 2012 1929 2060 ;
1977 2011 2041 2050 ex
2080 1998 2165 2050 in-

608 2080 957 2155 obedientia.’
996 2082 1332 2150 impatientia
1368 2099 1477 2150 ;ex
1541 2083 1893 2153 impatientia,
1950 2087 2164 2156 propria

607 2171 1019 2241 complacentia,
1088 2173 1185 2253 de.
1222 2190 1326 2244 qua
1367 2176 1496 2231 dicit
1553 2174 1817 2244 Propheta
1852 2196 1865 2231 :
1918 2177 2043 2232 Ha’c
2078 2180 2166 2233 via

604 2264 813 2318 illorum
866 2266 1173 2320 scandalum
1212 2267 1378 2332 ipsis;
1415 2278 1593 2334 postea
1617 2269 1674 2321 in
1706 2285 1793 2322 ore
1816 2286 1909 2323 suo
1931 2270 2163 2339 compla-

606 2356 789 2410 cebtmt
824 2357 997 2413 ":ex
1062 2358 1274 2426 propria
1308 2360 1718 2428 complacentia,
1778 2376 1911 2413 vana
1972 2362 2163 2431 gloria,

606 2460 673 2501 ex
700 2447 910 2509 eadem,
939 2448 1189 2516 superbia
1221 2464 1237 2515 ;
1269 2465 1336 2505 ex
1362 2450 1636 2519 superbia,
1666 2450 2015 2521 blasphemia,
2046 2467 2166 2521 quae
2192 2510 2195 2515 ,

606 2546 691 2591 est
737 2552 988 2593 sensuum
1049 2553 1328 2605 excessus,
1384 2540 1511 2596 licet
1577 2540 1630 2595 in
1686 2541 2043 2607 simplicibus.
2094 2542 2166 2597 sit

607 2626 963 2696 blasphemia,
1014 2645 1079 2683 ex
1126 2630 1429 2684 daemonum
1455 2631 1677 2687 invidia.
1712 2632 1804 2688 Est
1836 2634 1999 2688 etiam
2051 2635 2165 2689 bla-

606 2718 876 2787 sphemia,
907 2733 969 2772 ex
1015 2719 1219 2787 judicio
1246 2721 1510 2789 proximi;
1538 2722 1801 2790 judicium
1828 2739 1957 2777 vero
1984 2724 2165 2793 proxi-

606 2810 683 2867 mi
733 2818 817 2865 est
852 2826 915 2864 ex
947 2826 1010 2865 eo
1036 2815 1177 2881 quod
1204 2806 1379 2883 diligit
1401 2813 1527 2883 quis
1562 2813 1741 2868 facere
1780 2816 2022 2883 proprias
2070 2830 2166 2869 vo-

606 2902 861 2964 Iuntates,
884 2911 940 2958 et
964 2919 1028 2958 ex
1064 2904 1384 2975 negligentia
1417 2890 1679 2961 orationis
1705 2915 1760 2959 et
1796 2921 1861 2962 ex
1905 2909 2006 2971 ira,
2048 2923 2169 2977 qua:

610 3004 735 3050 sunt
763 2995 913 3066 signa
936 2996 1223 3065 superbiae.

991 3087 1118 3143 Cn.
1148 3086 1331 3142 XVIII.
1361 3118 1429 3128 —
1460 3089 1542 3152 Ad
1564 3089 1784 3159 gradum
1813 3089 1903 3145 24.

678 3175 890 3234 Iustum
929 3195 1046 3249 ergo
1082 3188 1158 3232 est
1213 3191 1259 3233 et
1308 3180 1617 3250 legitimum,
1651 3191 1770 3236 ante
1796 3183 1976 3248 solem,
1999 3181 2167 3238 lucem
2192 3206 2235 3262 ο

608 3269 893 3325 illustrari.
942 3298 1015 3309 —-—
1068 3270 1185 3325 Lua:
1242 3286 1365 3326 vera
1399 3288 1517 3340 qua
1545 3272 1812 3327 illuminat
1848 3290 2049 3328 omnem
2075 3275 2168 3327 Ito-

610 3361 800 3419 mium
848 3360 1130 3415 venientem
1177 3362 1233 3414 in
1285 3360 1423 3414 hunc
1470 3365 1726 3416 mundum
1764 3364 1833 3429 ’⁷,
1874 3365 2166 3439 humanata

610 3450 848 3504 veritas:
901 3465 931 3504 a
960 3465 1064 3519 qua
1097 3451 1272 3522 primo
1298 3450 1605 3517 illuminati,
1629 3453 1769 3517 item,
1788 3454 1854 3510 ad
1886 3462 2166 3523 paternum

611 3528 895 3610 dictuper
941 3540 1110 3609 ipsam
1154 3542 1552 3599 introducimur
1588 3553 1709 3613 post
1733 3544 1903 3613 ipsius
1929 3554 2170 3599 contem-

611 3633 926 3706 plationem,
950 3647 1048 3687 nos
1079 3632 1169 3702 qui
1203 3648 1395 3688 sumus
1428 3634 1668 3689 membra
1719 3634 1856 3703 ejus.
1891 3633 2024 3689 Nam
2069 3634 2169 3688 mi—

611 3725 738 3780 titas
792 3737 823 3777 a
869 3721 1281 3778 conturbatione
1343 3721 1545 3779 furoris
1589 3732 1645 3779 et
1693 3724 1806 3791 irae,
1838 3724 2168 3783 huuiilitasa

611 3814 868 3879 falsitate,
926 3829 1061 3869 vana
1107 3814 1299 3884 gloria,
1356 3825 1411 3870 et
1443 3815 1637 3872 timere
1661 3815 1853 3871 liberat
1888 3827 2163 3873 mentem:

612 3904 1024 3965 Resurrectionis
1082 3906 1429 3969 adversatio;
1495 3922 1621 3962 nam
1678 3907 1986 3977 malignitas
2057 3922 2165 3963 non

611 3995 877 4064 permittit
930 4010 1023 4063 per
1066 3997 1438 4067 paenitentiam
1496 4012 1780 4069 resurgere
1824 4015 1854 4056 a
1908 4000 2065 4055 ruina
2112 4010 2167 4057 et

614 4086 764 4154 lapsu
800 4085 1031 4154 peccati.
1264 4140 1265 4143 η

960 4174 1090 4231 CAP.
1117 4174 1333 4233 XIX.—
1345 4177 1427 4231 Ad
1451 4177 1671 4247 gradum
1692 4180 1784 4237 (ὶό.

687 4263 911 4325 Sensum
935 4274 1089 4335 atque
1110 4266 1353 4334 aﬁ‘ectum
1374 4277 1422 4319 et
1476 4267 1603 4329 vim,
1661 4280 1766 4323 etc.
1806 4267 1997 4337 Unum
2047 4285 2168 4327 esse

616 4370 836 4414 sensum
865 4356 1082 4420 animae,
1113 4355 1229 4429 ipsa
1260 4370 1365 4412 nos
1392 4371 1561 4411 sacrae
1597 4356 1882 4413 Trinitatis
1926 4360 2168 4427 Operatio

614 4454 790 4515 docet,
852 4461 1069 4523 propter
1121 4452 1539 4507 inobedientiam
1586 4467 1716 4508 vero
1785 4451 1935 4518 Adae,
1959 4451 2168 4509 divisus

2266 635 2360 675 tuo
2388 622 2527 676 valet
2548 622 2822 693 explicare
2868 640 2881 675 :
2922 640 2988 679 es
3013 639 3121 694 qua
3156 625 3435 694 qualitate,
3460 625 3686 683 humilis
3730 640 3835 693 ap-

2265 712 2498 780 pellatur
2554 715 2648 783 qui
2710 709 3068 771 humilitatem
3130 716 3319 782 Lhabet,
3366 732 3490 787 quae
3518 716 3828 785 inscriptio,

2267 803 2905 875 incomprehensibiliter,
2961 810 3220 865 thesauro
3283 809 3663 881 circumposita
3718 818 3828 865 est.

2267 891 2385 961 Qua
2430 912 2497 952 ex
2536 913 2595 953 re
2622 897 2920 954 secundum
2952 899 3355 970 inscriptionem
3403 910 3459 955 et
3507 900 3827 970 qualitatem

2266 986 2521 1042 omnibus
2576 988 2789 1057 ignotus
2844 998 2947 1055 est,
2980 990 3205 1043 multam
3230 1004 3359 1045 vero
3383 999 3437 1045 et
3466 989 3828 1060 incomplebi-

2262 1077 2370 1132 lem
2433 1079 2815 1135 scrutationem
2872 1092 2925 1135 et
2984 1081 3346 1150 fatigationem
3374 1081 3592 1136 exhibet
3618 1082 3829 1153 bisqui

2266 1185 2516 1226 sermone
2545 1172 2949 1242 inscriptionem
2978 1173 3190 1230 discere
3223 1182 3492 1243 quaerunt.
3532 1172 3652 1228 Non
3675 1175 3828 1230 enim

2268 1264 2464 1327 verbis,
2516 1264 2609 1320 sed
2645 1264 2877 1333 simplici
2915 1265 3239 1326 obedientia.
3270 1274 3321 1320 et
3353 1264 3573 1327 virtute,
3626 1275 3680 1319 et
3727 1266 3829 1319 ab-

2251 1354 2548 1424 ,negatione
2609 1354 2849 1424 propria,
2909 1362 2964 1409 et
3008 1353 3190 1410 crucis
3243 1353 3575 1423 bajulatione
3606 1354 3673 1408 ad
3700 1368 3827 1409 eam

2266 1445 2593 1513 pervenitur.
2626 1444 2931 1514 Quicunque
2956 1444 3054 1498 Dei
3079 1445 3284 1514 Spiritu
3317 1454 3549 1514 aguntttr
3575 1446 3659 1501 ’ἐ
3703 1442 3831 1500 Non

2265 1536 2360 1600 ait,
2408 1536 2716 1606 quicunque
2776 1536 3035 1607 Spiritum
3097 1537 3188 1593 Dei
3217 1546 3541 1606 acceperunt
3586 1552 3685 1609 per
3723 1536 3834 1592 ha-

2265 1628 2617 1697 ptismnni,et
2639 1638 2819 1697 postea
2860 1629 3036 1698 tepide
3060 1628 3289 1685 vivunt:
3316 1629 3409 1684 sed
3447 1629 3540 1699 qui
3603 1640 3832 1700 accepto
3910 1662 3918 1669 -

2263 1718 2489 1788 Spiritu,
2551 1720 2693 1775 sicut
2749 1720 2843 1775 lilii
2900 1720 3265 1777 cmlestialiter
3292 1730 3707 1783 conversantur,
3768 1720 3827 1774 hi

2267 1810 2544 1866 uobiscum
2588 1812 2981 1881 ingrediantur,
3038 1822 3143 1868 etc.
3203 1811 3493 1866 llumilitas
3557 1821 3635 1867 est
3657 1813 3828 1865 animi

2261 1905 2458 1971 gratia,
2483 1905 2593 1957 sine
2614 1904 2837 1967 homine.
2873 1914 2977 1959 etc.
3025 1901 3141 1960 Non
3168 1904 3369 1960 dicitttr
3399 1904 3825 1969 inuominabilis.

2264 2009 2331 2047 eo
2373 1996 2517 2065 quod
2545 2012 2652 2049 non
2686 1996 2882 2051 habeat
2910 2011 3136 2071 nomen,
3167 1994 3260 2049 sed
3291 2008 3359 2048 eo
3395 1996 3539 2066 quod
3585 1996 3828 2052 affectio-

2265 2104 2395 2142 num
2427 2098 2481 2144 et
2510 2089 2965 2144 illuminationum
2984 2098 3034 2144 et
3065 2104 3346 2154 sensuum,
3378 2102 3610 2159 quorum
3643 2092 3830 2146 humi-

2264 2180 2389 2235 Iitas
2452 2181 2828 2250 perfectionem
2898 2181 3106 2247 tribuit,
3172 2180 3501 2250 experientia
3561 2181 3674 2236 sola
3739 2190 3831 2238 est

2265 2271 2541 2339 magistra,
2565 2278 2620 2323 et
2646 2266 3030 2324 nominationis
3057 2268 3418 2341 cognitionem
3439 2269 3607 2323 donat
3642 2283 3829 2323 veram

2265 2370 2427 2432 atque
2452 2362 2753 2427 scientiam,
2774 2377 2882 2432 qua
2909 2362 3012 2417 sibi
3031 2362 3166 2431 ipsis
3192 2358 3323 2416 Viles
3343 2359 3537 2425 effecti,
3558 2375 3617 2417 se
3640 2375 3829 2416 coram

2266 2452 2375 2508 Deo
2401 2453 2535 2508 nihil
2564 2440 2687 2510 esse
2719 2454 2959 2510 sentiunt
2984 2462 3039 2510 et
3074 2460 3429 2524 cognoscunt.
3463 2450 3573 2522 Ego
3625 2463 3829 2522 autem,

2268 2539 2581 2595 Trinitatem
2647 2542 2705 2595 iu
2755 2542 2977 2603 unitate,
3022 2550 3152 2607 etc.,
3200 2541 3320 2595 dico
3356 2548 3406 2594 et
3438 2540 3620 2594 adoro.
3661 2539 3828 2607 Sane,

2264 2635 2406 2689 sicut
2436 2640 2623 2686 sancta
2654 2629 2892 2686 Trinitas
2931 2644 3283 2699 personarum
3339 2637 3423 2685 est
3453 2629 3509 2685 iu
3545 2645 3652 2699 una
3690 2629 3832 2687 diri-

2265 2726 2449 2791 nitate,
2478 2737 2533 2779 et
2554 2738 2659 2779 una
2690 2723 2867 2779 Deitas
2891 2724 2946 2777 in
2972 2724 3146 2779 tribus
3169 2722 3439 2793 personis,
3471 2723 3544 2777 ita
3570 2730 3625 2777 et
3648 2723 3830 2794 pani-

2266 2810 2458 2875 tentia,
2488 2817 2547 2864 et
2574 2811 2772 2876 luctus,
2802 2821 2857 2865 et
2877 2809 3179 2873 humilitas.
3205 2820 3335 2865 sunt
3354 2812 3585 2867 invicem
3627 2826 3831 2882 cogna—

2266 2910 2335 2957 tae
2366 2909 2422 2956 et
2447 2902 2749 2971 conjunctae
2767 2911 2821 2957 et
2850 2903 2909 2957 in
2949 2903 3132 2958 divina
3177 2903 3351 2974 gratia
3396 2903 3831 2976 inseparabiliter

2267 2994 2631 3059 continentur,
2658 3004 2711 3050 et
2748 2977 2941 3065 gratia,
2972 3012 3138 3051 unum
3166 2987 3386 3053 easdem
3418 2995 3547 3052 facit
3566 3006 3619 3051 et
3661 2996 3830 3052 alter-

2269 3092 2450 3139 utrum
2525 3083 2831 3155 eoujungit,
2904 3094 2959 3141 et
3002 3084 3236 3142 mentem
3279 3102 3444 3157 quam
3497 3086 3829 3157 inhabitant,

2266 3175 2335 3231 ad
2382 3175 2551 3232 Deum
2596 3193 2811 3233 sursum
2861 3188 3048 3249 agunt.
3091 3177 3227 3236 [line
3260 3187 3484 3235 sanctus
3506 3177 3637 3235 dicit
3667 3196 3680 3233 :
3713 3176 3830 3252 Ege

2266 3276 2441 3322 autem
2466 3268 2584 3323 dico
2608 3278 2659 3323 et
2678 3256 2862 3331 adoro,
2890 3277 2999 3326 etc.

2339 3356 2484 3413 Unus
2539 3360 2596 3411 in
2640 3358 2783 3412 omni
2838 3367 3081 3412 creatura
3132 3352 3305 3422 locus,
3336 3366 3442 3414 etc.
3470 3358 3683 3415 Chorus
3738 3366 3829 3418 est

2267 3444 2440 3501 Rubri
2473 3446 2640 3502 maris
2671 3446 3000 3517 profundum
3032 3447 3176 3518 quod
3199 3448 3254 3503 in
3295 3450 3523 3505 transitu
3588 3451 3827 3507 ﬁliorum

2266 3538 2428 3593 Israel
2482 3540 2647 3595 semel
2690 3539 2823 3594 vidit
2889 3541 3056 3596 solem
3097 3556 3111 3594 :
3154 3551 3210 3597 et
3238 3558 3343 3595 una
3364 3542 3639 3613 cogitatio,
3660 3543 3711 3598 id
3740 3554 3827 3601 est

2264 3628 2373 3684 lixa
2427 3628 2618 3685 mortis
2667 3630 2946 3699 cogitatio,
2995 3640 3051 3686 et
3086 3632 3381 3697 meditatio
3409 3634 3825 3703 atteruijudicii,

2265 3729 2318 3773 et
2342 3720 2525 3777 crucis
2552 3728 2605 3775 et
2634 3722 2824 3779 mortis
2852 3722 3077 3790 Christi,
3107 3724 3383 3785 multoties
3459 3727 3667 3796 peperit
3718 3726 3824 3781 hu-

2266 3812 2565 3867 militatem.
2600 3810 2714 3869 Uno
2746 3826 2793 3869 et
2819 3815 2931 3870 solo
2950 3816 3035 3869 die
3065 3826 3206 3871 totus
3239 3802 3467 3874 mundus
3516 3810 3822 3885 diutinis,

2262 3916 2368 3963 etc.
2401 3890 2617 3964 Scilicet
2635 3910 2689 3964 in
2718 3909 2807 3971 die
2845 3911 3257 3969 resurrectionis
3285 3912 3509 3983 causa,
3548 3914 3631 3968 rel
3675 3914 3822 3969 nati-

2263 3999 2443 4054 vitatis
2489 3999 2628 4068 ejus.
2680 4000 2786 4055 Alii
2834 4000 3089 4056 dixerunt
3140 4001 3206 4058 de
3228 4003 3315 4058 die
3344 4002 3396 4069 in
3435 4017 3540 4074 qua
3566 4018 3823 4074 egressus

2260 4094 2346 4142 est
2402 4085 2514 4142 Noe
2554 4089 2621 4143 de
2672 4103 2799 4144 arca
2852 4105 2975 4145 cum
2997 4085 3169 4147 uxore
3196 4103 3253 4151 et
3308 4092 3433 4148 filiis
3465 4101 3523 4148 et
3549 4092 3821 4149 universis

2261 4181 2605 4247 animalibus,
2623 4190 2677 4237 et
2707 4184 3029 4256 sacriﬁcium
3058 4186 3256 4241 obtulit
3291 4178 3492 4241 Deo“.
3548 4186 3821 4255 Spiritus

2262 4270 2384 4326 liter
2410 4272 2497 4327 sic
2520 4288 2536 4325 :
2560 4265 2813 4330 ’rationes
2840 4278 3083 4331 omnium
3112 4277 3512 4339 exsisteutium,
3557 4277 3614 4331 in
3659 4292 3821 4333 ιιι-εις

2263 4360 2412 4415 tione
2456 4362 2772 4429 productor,
2831 4365 2887 4419 in
2922 4366 3040 4420 solo
3064 4365 3287 4421 homine
3332 4365 3600 4427 videntur.
3627 4382 3695 4424 es
3730 4369 3821 4426 its-

2265 4448 2634 4520 telligibilibns
2682 4463 2737 4508 et
2783 4456 3137 4512 sensibilibus
3174 4446 3372 4513 factis.
3418 4457 3477 4515 In
3522 4458 3612 4515 die
3653 4460 3825 4530 igitur

614 4553 698 4599 est
750 4543 805 4598 in
858 4543 995 4599 duas
1019 4544 1380 4614 operatioues.
1416 4542 1587 4613 Hujus
1623 4557 1753 4599 vero
1782 4544 2004 4614 spiritus
2031 4559 2162 4613 ope-
2193 4526 2241 4587 Β
2266 4541 2583 4615 privationis
2621 4544 2781 4610 huius
2834 4561 2865 4599 a
2926 4556 3168 4616 peccato.
3202 4556 3288 4619 ,αι
3320 4526 3730 4610 resurrectionis
3760 4554 3817 4609 tu

615 4636 901 4697 rationem,
925 4650 1085 4689 uuam
1118 4644 1171 4691 et
1209 4635 1508 4703 simplicem
1539 4650 1569 4690 a
1602 4636 1711 4691 Deo
1737 4632 1909 4692 fuisse
1944 4634 2164 4702 factam,

614 4742 713 4795 per
762 4728 1021 4798 Spiritum
1082 4736 1328 4785 sanctum
1380 4734 1640 4783 constat:
1684 4742 1846 4798 quam
1880 4724 2168 4788 nemoho-

614 4817 821 4872 tuinum
889 4817 1029 4875 scire
1063 4824 1259 4885 potest,
1286 4816 1389 4871 nisi
1423 4817 1497 4870 illi
1524 4825 1732 4873 tantum
1761 4818 1852 4887 qui
1885 4820 1908 4888 (
1934 4832 2029 4889 spe
2055 4833 2189 4881 cier

615 4906 869 4975 lestium)
939 4908 1473 4981 seipsos_r‘:i'omnia
1527 4911 1987 4980 praetereuntis-et
2016 4911 2163 4967 dele-

612 4999 835 5063 ctantia,
898 5014 1005 5053 non
1063 4998 1237 5052 solum
1284 5008 1563 5068 spernunt,
1595 5001 1688 5056 sed
1727 5016 1793 5057 ex
1816 5001 1941 5057 odio
1975 5014 2165 5059 sancto

614 5088 925 5159 evangelico
955 5088 1336 5146 abominantur
1386 5098 1439 5142 et
1472 5092 1728 5150 oblivioni
1755 5095 2013 5153 tradunt:
2046 5096 2166 5165 qui-

615 5182 719 5238 bus
781 5186 1011 5241 tantum,
1077 5179 1244 5247 gratia
1269 5178 1469 5233 Christi
1500 5190 1553 5239 et
1589 5184 1802 5246 merito.
1833 5184 2048 5243 divinus
2080 5186 2168 5242 ille

615 5286 812 5327 sensus
864 5267 1207 5325 infunditur:
1255 5282 1320 5323 ex
1375 5283 1484 5337 quo
1540 5280 1593 5325 et
1648 5287 1742 5341 per
1775 5290 1935 5345 quem
1967 5277 2167 5332 mortui

616 5362 837 5426 mundo,
892 5370 946 5415 et
992 5361 1045 5418 in
1102 5360 1237 5416 coelo
1292 5360 1602 5420 conversari
1650 5363 1925 5428 dicuntur,
1956 5367 2161 5435 Adjecit

616 5464 784 5506 sermo
815 5450 1115 5502 thesaurum
1160 5445 1442 5512 includere,
1469 5456 1575 5505 etc.
1611 5446 1949 5509 Thesaurum
1998 5455 2160 5511 istum

619 5536 859 5590 divinum
892 5536 1226 5598 humilitatis,
1256 5536 1551 5608 secundum
1582 5536 1919 5606 Apostolum,
1948 5541 2001 5603 in
2058 5542 2167 5612 fra-

619 5625 811 5695 gilibus
833 5639 886 5682 et
912 5628 1352 5701 corruptibilibus
1380 5626 1558 5681 carnis
1585 5628 1728 5682 vasis
1754 5629 1983 5697 Domini,
2014 5649 2162 5689 asses

617 5715 692 5769 rit
747 5720 989 5784 posuisse
1015 5721 1085 5786 “,
1152 5729 1211 5775 ut
1258 5718 1566 5775 sublimitas
1596 5716 1667 5773 sit
1694 5718 1906 5777 virtutis
1936 5721 2077 5791 ejus,
2104 5736 2159 5778 et

2264 4635 2453 4703 gratia,
2506 4637 2742 4705 exsultat
2793 4640 2973 4695 omnis
3035 4648 3327 4707 creatura,
3384 4642 3517 4711 quia
3571 4632 3821 4701 omnium

2264 4726 2645 4782 exsisteutium
2669 4728 2933 4795 rationem
2960 4728 3013 4785 in
3588 4728 3819 4793 suaru-

2262 4820 2621 4913 operatioues,
2682 4822 2899 4913 modum
2931 4830 2987 4878 et
3024 4808 3479 4913 pulchritudinem
3512 4823 3821 4894 perfectio-

2264 4912 2350 4967 nis
2391 4912 2697 4968 ostendunt.
2759 4912 2919 4967 Prior
2985 4916 3124 4973 enim
3460 4915 3597 4971 diem
3642 4917 3805 4977 indi-

2258 5013 2365 5067 cat,
2401 5013 2505 5078 etc,
2560 5001 2614 5058 Id
2660 4997 2764 5070 est,
2794 5019 2889 5074 per
2917 4990 3221 5075 superbiai
3250 4998 3575 5065 inobedieus.
3618 5004 3798 5067 factus

2259 5096 2441 5150 omnia
2497 5104 2761 5166 pracepta
2829 5093 3185 5151 solviL’Nut
3231 5106 3351 5168 post
3396 5092 3820 5166 conjunctione.

2261 5174 2450 5253 meum,
2508 5196 2613 5244 etc.
2657 5186 2720 5242 Ei
2764 5187 2857 5261 qui
2880 5187 3315 5273 conju‘nctns‘est
3346 5187 3653 5257 humilitati,
3702 5209 3817 5252 non

2261 5288 2346 5355 est
2374 5278 2624 5350 imposita
2651 5278 2762 5346 les,
2788 5279 2915 5350 quia
2957 5280 3256 5335 secundum
3272 5281 3423 5350 quod
3450 5282 3818 5344 abbaslsaac

2266 5370 2371 5435 ait,
2411 5354 2686 5426 humilitas
2726 5386 2832 5427 non
2866 5370 3029 5425 habet
3056 5361 3314 5447 linguam,
3348 5388 3451 5431 nec
3475 5378 3680 5446 oculos,
3710 5393 3817 5436 nec

2266 5473 2447 5521 sares.
2476 5460 2570 5515 sed
2598 5475 2701 5516 nee
2735 5460 2875 5527 alias
2905 5460 3099 5515 animae
3118 5454 3406 5532 potentias,
3455 5471 3509 5523 et
3568 5471 3819 5539 corporis

2270 5540 2532 5614 membra,
2584 5551 2714 5621 quia
2761 5565 2934 5620 neque
2950 5553 3100 5621 mala
3123 5552 3275 5621 facit,
3322 5573 3422 5617 nec
3440 5561 3509 5615 ab
3525 5562 3651 5619 aliis
3668 5562 3816 5621 facta

2268 5639 2431 5693 sentit
2459 5649 2555 5699 aut
2601 5640 2824 5711 cogitat.
2874 5642 2967 5697 sed
2999 5653 3107 5699 tota
3144 5648 3362 5716 paciﬁca
3396 5662 3452 5707 et
3477 5654 3818 5724 misericors,

2261 5729 2505 5785 ninnium
2554 5737 2779 5801 peccata
2839 5743 2899 5787 ut
2927 5734 3144 5809 propria
3170 5738 3367 5815 Ριοηιι
3400 5750 3459 5801 et
3496 5759 3602 5813 sua
3630 5747 3818 5806 ιιι-

689 5854 735 5886 ¹⁶
792 5852 934 5911 Psal.
984 5871 1171 5930 ιιγιιι,
1224 5858 1311 5916 ιι.
1386 5859 1431 5949 ’ξ
1482 5855 1702 5927 Joan.t,
1760 5859 1809 5914 9.
1890 5860 1933 5894 ³⁸
1960 5858 2005 5918 ιι
2029 5859 2154 5919 Cor.

2264 5860 2343 5925 ,7.
2421 5868 2465 5901 ι’
2502 5867 2659 5924 “om.
2684 5882 2799 5965 vni,
2840 5870 2939 5927 14..
3002 5873 3051 5923 ³η
3092 5876 3228 5935 Gen.
3263 5836 3486 5947 νωίὴ
