4032 6340
274 447 420 511 1237

1446 460 1760 521 SCHOLIA
1796 463 1876 522 ΙΝ
1909 463 2315 524 CLIMACUM.

3350 473 3484 539 1238

266 562 568 628 ponderat,
620 568 670 615 et
728 562 954 617 aliorum
1030 568 1215 635 culpas
1268 568 1565 637 ponderare
1607 574 1835 642 ignorat.
1868 581 1909 633 Α
1937 578 2133 643 angelis
2157 577 2407 646 quosdam
2441 579 2700 634 daemones
2728 579 2869 646 fecit,
2913 590 3016 636 etc.
3074 581 3146 635 Ex
3205 583 3483 644 dazmoniis

266 653 448 721 Igitur
488 654 675 715 libera,
737 655 906 725 legem
959 660 1376 729 transgrediens,
1412 664 1546 726 sola,
1596 665 1834 735 Evange-

267 742 414 796 lium
443 745 644 799 Christi
676 748 862 815 gratiae
893 757 947 803 et
973 763 1111 805 vera:
1136 751 1415 816 libertatis,
1453 767 1648 809 servat.
1703 741 1835 810 Sunt

267 844 324 887 et
387 836 529 901 alitr,
578 839 855 907 magni/ica
899 843 1019 894 ltitia
1065 847 1374 909 possessori,
1423 857 1525 900 etc.
1589 848 1832 915 Magnum

269 942 674 996 possessorem,
735 930 1011 995 humilem,
1084 934 1251 998 dicit;
1315 937 1461 1002 quia,
1494 939 1586 1006 qui
1619 940 1836 993 humilis

265 1032 385 1084 est,
441 1036 505 1074 ex
568 1022 866 1076 humilitate
912 1026 1088 1079 omnis
1151 1030 1458 1083 monasticae
1496 1038 1547 1082 et
1583 1032 1836 1100 angelicm

269 1114 710 1168 conversationis
739 1114 1116 1184 perfectionem
1160 1119 1418 1186 possidet,
1453 1122 1503 1172 in
1547 1122 1701 1190 cujus
1722 1124 1837 1175 ani-

269 1219 369 1256 ma
418 1215 542 1259 sunt
594 1207 946 1274 preprietates
993 1211 1258 1278 praedictae
1303 1227 1509 1276 omnes,
1539 1229 1656 1282 qua:
1679 1216 1836 1282 spiri-

269 1297 508 1349 tualium
557 1299 859 1352 divitiarum
909 1299 1274 1370 significatita:
1312 1315 1606 1357 sunttuna
1630 1315 1835 1360 tantum

270 1403 527 1457 excepta,
601 1406 722 1458 quae
771 1402 853 1446 est
912 1393 1208 1447 secundum
1266 1395 1394 1449 illud
1459 1397 1600 1464 quod
1649 1389 1834 1452 humili

270 1481 479 1548 placet,
507 1483 733 1547 scilicet,
769 1484 995 1552 abyssus
1035 1486 1253 1540 vilitatis
1293 1497 1346 1540 et
1373 1489 1620 1556 proprius
1651 1490 1838 1557 despe-

269 1579 436 1633 ctus;
468 1573 590 1638 quia
630 1573 726 1625 hoc
750 1588 779 1626 a
815 1575 1117 1628 videntibus
1146 1585 1226 1628 est
1278 1577 1651 1630 absconditum
1684 1598 1694 1630 :
1725 1581 1838 1646 ipse

272 1664 428 1714 enim
473 1663 524 1715 in
577 1664 691 1715 solo
754 1663 971 1717 vilitatis
1031 1665 1223 1733 abysso
1258 1667 1504 1733 quiescit.
1547 1666 1836 1721 llumilitas

271 1761 360 1804 est
417 1755 558 1821 regni
603 1755 820 1807 etzlestis
867 1755 1058 1823 janua.
1135 1755 1374 1823 Intelligo
1413 1757 1838 1825 deingrediente

273 1848 639 1896 monasticam
710 1846 919 1911 vitam;
975 1847 1100 1915 quia
1161 1847 1252 1911 qui
1311 1863 1404 1915 per
1455 1848 1836 1915 humilitatem,

1936 669 2154 737 angelos
2207 669 2482 725 humilitas
2509 669 2890 751 facereOposse
2921 673 3155 738 dicitur,
3200 677 3243 728 si
3293 677 3488 732 daemo-

1937 773 2030 810 nes
2067 757 2330 811 humiliari
2356 761 2610 815 valerent.
2669 761 2864 815 Vcrmu
2910 766 3178 820 dietnones
3235 761 3486 836 impaeni-

1937 857 2107 902 tentes
2124 859 2173 902 et
2198 851 2449 904 obstinati
2471 863 2768 917 manentes,
2795 870 2894 906 non
2923 857 3160 910 valentes
3190 857 3483 921 humiliari,

1936 941 2206 994 dtemones
2232 951 2469 995 manent.
2498 940 2606 996 Nos
2642 960 2767 995 vero
2822 960 2942 996 eum
2995 944 3164 998 simus
3221 947 3493 1012 hominesr

1936 1033 2034 1084 etsi
2081 1033 2250 1085 simus
2276 1032 2548 1093 cadentes,
2590 1037 2850 1101 ptenitcre
2903 1047 2955 1088 et
3013 1035 3281 1090 humiliari
3347 1040 3488 1091 vale-

1937 1138 2079 1182 mus.
2149 1127 2325 1189 Quare
2373 1127 2724 1178 conﬁdamus.
2761 1137 2812 1178 ct
2847 1127 3052 1195 quoties
3096 1128 3359 1191 cadiinns,
3393 1145 3488 1198 per

1941 1217 2308 1283 paenitentiam
2371 1217 2561 1269 iterum
2611 1233 2974 1286 resin-gamus.
3047 1219 3202 1271 Nervi
3241 1221 3395 1287 liujiis
3425 1239 3486 1276 ac

1939 1309 2032 1357 via:
2062 1315 2201 1370 sunt,
2237 1316 2341 1358 etc.
2375 1306 2525 1371 Quod
2556 1308 2698 1360 enim
2738 1319 2860 1359 sunt.
2899 1309 2949 1360 in
2985 1309 3306 1363 animalibus
3363 1326 3485 1364 ner-

1941 1397 2006 1454 τί,
2042 1397 2144 1450 hoc
2179 1399 2348 1464 ipsum
2398 1409 2540 1460 sunt,
2577 1401 2640 1452 ad
2673 1401 2942 1453 riritau-m
2974 1402 3314 1469 pergentibus
3366 1403 3484 1456 vite.

1919 1486 2097 1544 Sane.
2130 1489 2405 1555 animalia,
2442 1506 2612 1558 neque
2645 1492 2760 1542 sine
2785 1493 2962 1543 tuitrvis
2991 1501 3193 1545 starent
3221 1511 3234 1558 ;
3292 1509 3485 1554 neque.

1937 1577 2052 1628 sine
2110 1578 2229 1639 viis,
2279 1579 2524 1631 homines
2581 1579 2644 1630 ad
2695 1579 2961 1631 civitatein
3020 1593 3317 1648 pergerent.
3377 1581 3488 1635 lloe

1939 1663 2076 1717 idem
2106 1665 2216 1732 (ait
2249 1678 2469 1719 sanctus
2501 1671 2626 1734 )est
2666 1676 2949 1735 paupertas
2997 1679 3050 1720 et
3101 1672 3484 1738 peregrinatio,

1939 1756 2181 1808 similiter
2214 1756 2508 1819 humilitas,
2537 1771 2589 1810 et
2615 1758 2829 1824 reliqum
2864 1759 3107 1818 virtutes,
3153 1758 3269 1812 sine
3291 1761 3486 1826 quibus

1942 1845 2214 1899 humilitas
2270 1857 2412 1900 stare
2459 1862 2562 1899 non
2606 1859 2775 1914 potest
2830 1865 2841 1898 :
2885 1849 3008 1915 quia
3060 1848 3124 1901 ad
3168 1848 3335 1916 ipsam
3369 1866 3489 1917 per-

275 1931 586 1986 imitatione
639 1934 860 1998 Christi,
910 1936 1204 2004 ingreditur
1239 1935 1399 1989 vitam
1427 1938 1833 2003 monachorum,
1869 1918 1908 1968 Β
1938 1952 2092 2004 gens,
2143 1937 2260 1990 sine
2313 1937 2393 1990 his
2441 1937 2502 1989 ad
2553 1953 2669 1989 eam
2691 1953 2792 1990 non
2823 1939 3120 2006 perveniet.
3137 1938 3290 1993 Nervi
3329 1939 3489 2007 igitur.

277 2024 394 2078 iste
445 2027 578 2079 bene
638 2012 730 2096 per
777 2038 982 2096 portam
1016 2031 1314 2097 ingreditur
1339 2031 1390 2084 in
1420 2047 1561 2095 eam,
1585 2043 1636 2086 et
1673 2033 1838 2088 exibit

274 2117 352 2169 tle
414 2121 658 2184 praesenti
701 2119 811 2174 vita
838 2133 960 2174 cum
995 2120 1196 2185 laetitia,
1222 2131 1274 2176 et
1297 2137 1490 2190 pascua
1518 2123 1750 2178 inveniet
1783 2125 1835 2177 in

273 2209 556 2275 paradiso.
609 2205 778 2262 Juxta
819 2220 916 2273 est,
969 2210 1146 2264 divina
1197 2213 1603 2266 misericordia:
1636 2215 1841 2268 miseri-

274 2300 524 2352 Cordiam
549 2300 694 2362 dicit,
729 2303 954 2370 gratiam
986 2318 1106 2372 quae
1125 2311 1208 2357 est
1227 2303 1466 2358 elfectiva
1521 2305 1838 2359 humilitatis

274 2390 338 2443 in
410 2392 604 2444 anima.
660 2391 953 2462 Ignominia
991 2409 1105 2446 vero
1150 2394 1258 2447 hwc
1311 2394 1517 2463 probat.
1578 2394 1719 2451 Sane
1745 2398 1850 2466 qui

270 2494 386 2550 pro
433 2483 586 2535 nobis
634 2497 826 2550 passus
858 2493 940 2537 est
993 2483 1260 2546 Christus,
1303 2484 1538 2539 laborem
1565 2487 1746 2556 posuit
1784 2488 1837 2541 in

271 2575 400 2628 suis
422 2574 721 2642 prtcceptis,
759 2583 816 2628 ut
854 2578 1114 2629 vanitates
1138 2576 1468 2632 maculantes
1522 2591 1835 2648 purgentur,

272 2675 336 2719 ct
376 2665 499 2718 mali
528 2680 702 2719 mores
731 2676 782 2720 et
807 2667 932 2720 vitia
961 2668 1364 2721 tribulationum
1407 2671 1663 2737 patientia
1692 2655 1839 2724 cont-

273 2763 584 2817 Inutentur,
639 2765 692 2809 et
731 2771 825 2825 per
866 2755 1221 2810 humilitatem
1275 2767 1554 2810 evomatur
1588 2760 1836 2827 superbia

268 2843 638 2911 confessione,
670 2855 724 2899 et
778 2847 1094 2909 intentione,
1119 2856 1169 2898 et
1200 2861 1360 2914 opere
1386 2863 1400 2898 :
1434 2848 1686 2902 nimirum
1712 2853 1836 2919 quia

270 2937 378 3006 qui
401 2938 703 3008 religiosam
744 2938 906 2992 vitam
930 2939 1210 3012 promittit,
1243 2947 1295 2991 et
1319 2940 1496 2992 renuit
1527 2941 1664 2995 mala
1704 2943 1836 3012 pati,

273 3043 392 3081 non
423 3043 514 3095 per
550 3027 919 3097 paenitentiam
945 3028 1218 3083 Christum
1246 3032 1509 3098 sequitur,
1536 3033 1626 3085 sed
1660 3034 1841 3100 (auto—

273 3133 340 3170 re
396 3121 615 3188 proprio
675 3119 908 3188 illusus)
956 3135 1115 3188 opere
1145 3129 1306 3190 negat
1339 3123 1480 3189 quod
1523 3123 1686 3174 verbo
1713 3137 1836 3189 pro-

1939 2037 1989 2078 et
2020 2028 2112 2080 via:
2141 2039 2285 2091 sunt,
2313 2038 2366 2081 et
2393 2045 2495 2082 non
2525 2032 2674 2099 signa
2699 2046 2816 2096 qua:
2855 2041 3115 2082 numerat.

2106 2110 2110 2114 ’
2280 2119 2406 2174 Car.
2440 2120 2555 2175 XX.
2584 2151 2646 2161 κ-
2682 2123 2760 2173 Ad
2810 2122 3030 2190 gradum
3056 2121 3143 2174 ‘26.

2015 2208 2069 2261 Is
2127 2211 2333 2278 quidem
2389 2213 2479 2280 qui
2539 2221 2637 2265 tres
2674 2215 2843 2268 hostes
2875 2214 3116 2282 religiosa
3147 2215 3354 2282 pietate,
3382 2219 3486 2265 etc.

1937 2299 2074 2355 Octo
2119 2302 2466 2370 malignitatis
2510 2304 2633 2356 vitia
2693 2319 2811 2358 esse
2861 2320 3003 2357 nunc
3063 2305 3210 2367 dicit,
3242 2319 3336 2372 per
3373 2319 3490 2371 tllltL‘

1939 2377 2040 2446 nos
2071 2393 2318 2447 diabolus
2344 2395 2620 2463 impugnat
2647 2411 2662 2446 :
2692 2409 2753 2447 ex
2779 2396 2993 2464 quibus,
3026 2396 3119 2464 qui
3142 2397 3239 2448 tria
3274 2394 3487 2462 dejecit,

1939 2486 2179 2539 omnium
2244 2488 2522 2539 victoriam
2577 2486 2830 2556 obtinuit.
2887 2485 3022 2539 Sunt
3060 2487 3222 2554 igitur
3259 2487 3369 2538 haec
3403 2485 3488 2535 illa

1941 2580 2063 2642 tria,
2126 2581 2180 2631 in
2231 2579 2429 2644 quibus
2467 2593 2554 2630 rex
2578 2589 2761 2630 noster
2781 2577 3029 2631 Christus
3058 2579 3111 2629 in
3139 2579 3349 2630 deserto
3371 2592 3489 2628 om-

1941 2685 2060 2722 nem
2121 2668 2403 2721 victoriam
2451 2667 2756 2735 complevit,
2804 2667 3007 2720 scilicet
3062 2667 3205 2735 gula,
3239 2666 3486 2730 avaritia,

1938 2769 1993 2810 et
2043 2773 2175 2811 vana
2221 2758 2408 2826 gloria,
2469 2769 2813 2824 prosternens
2869 2771 3052 2825 caper
3083 2758 3485 2821 abstinentiam,

1938 2851 2320 2914 humilitatem,
2375 2860 2430 2903 et
2479 2849 2799 2912 orationem,
2857 2849 3126 2918 accipiens
3156 2850 3492 2917 angelosmi-

1941 2944 2141 2997 nistros
2199 2943 2264 2995 3?.
2320 2940 2442 2994 Nisi
2498 2942 2666 3007 prius,
2733 2941 2786 2992 in
2836 2939 2918 2993 die
2967 2940 3176 3003 animm,
3209 2954 3321 2991 sero
3370 2939 3489 3006 ,‘iat.

1943 3029 2075 3082 Sero
2106 3037 2158 3082 et
2193 3028 2561 3082 obtenebratio
2590 3028 2803 3088 animae,
2841 3033 2922 3079 est
2952 3027 3292 3094 negligentia,
3353 3026 3490 3079 obli—

1941 3122 2046 3183 vio,
2073 3131 2124 3172 et
2155 3118 2610 3184 concupiscentia.
2660 3117 2863 3171 litenim
2911 3115 3014 3185 nisi
3073 3131 3166 3184 per
3231 3119 3490 3186 concupi-

274 3209 470 3274 inittit,
532 3219 588 3262 et
631 3225 739 3262 non
786 3209 1084 3274 Christum,
1115 3215 1206 3266 sed
1241 3214 1361 3266 vitae
1385 3213 1612 3268 labentis
1637 3229 1837 3268 concu~
1864 3237 1909 3296 ρ
1939 3211 2221 3272 scentiam,
2250 3211 2300 3261 in
2341 3209 2692 3277 ignorantiam
2743 3218 2796 3261 et
2854 3206 3172 3260 oblivionem
3233 3217 3287 3261 et
3339 3210 3490 3261 inso-

272 3299 599 3368 piscentiam
677 3309 731 3353 et
797 3301 1097 3366 superbiam
1157 3303 1414 3356 imitatur.
1484 3301 1631 3357 Vana
1691 3305 1836 3358 enim

273 3390 453 3459 gloria
525 3399 578 3444 et
639 3390 908 3458 superbia,
972 3393 1171 3446 servire
1217 3403 1436 3462 peccato
1457 3397 1837 3465 per'prospera

271 3491 336 3536 et
389 3482 705 3537 delectantia
754 3486 952 3554 (quasi
1003 3485 1193 3556 licita)
1235 3486 1458 3552 faciunt,
1510 3497 1564 3542 et
1597 3500 1836 3543 nostram

278 3577 522 3646 tepidam
569 3577 750 3634 taliter
808 3581 1133 3635 voluntatem
1191 3582 1458 3637 illudendo
1491 3583 1757 3648 inliciunt,
1788 3593 1842 3638 et

277 3685 312 3721 a
384 3668 538 3722 bonis
587 3671 769 3737 gratia:
819 3671 1028 3723 steriles
1060 3671 1332 3726 reddunt:
1374 3670 1584 3725 Natura
1627 3674 1750 3740 fert,
1783 3682 1838 3725 ut

275 3758 537 3811 sterilitas
607 3759 930 3828 deiectusque
962 3761 1228 3828 fructuum
1257 3765 1696 3835 circrorumﬂb);
1731 3776 1836 3820 etc.

277 3849 597 3918 llypccrisis
626 3852 978 3904 observantia:
1024 3855 1400 3908 mandatorum
1431 3855 1522 3909 Dei
1591 3869 1694 3921 est,
1721 3872 1840 3925 qua:

276 3939 420 3994 facit
454 3942 774 4018 monachum
803 3941 929 3995 huic
954 3944 1149 3996 sasculo
1179 3944 1526 4008 conformari,
1576 3946 1629 3998 in
1681 3962 1841 3998 mun-

278 4032 445 4087 danis
507 4034 760 4102 operibus
815 4036 1021 4101 extolli,
1076 4047 1127 4090 et
1158 4039 1304 4091 varie
1338 4038 1598 4104 implicari
1629 4058 1642 4091 :
1675 4054 1840 4108 quare

278 4137 340 4179 υς
367 4125 434 4178 ab
453 4126 709 4194 Apostolo
733 4127 798 4188 3‘,
830 4129 921 4196 qui
956 4128 1076 4181 talis
1115 4139 1217 4194 cst,
1264 4143 1368 4182 non
1400 4129 1670 4182 innuerito
1700 4131 1846 4183 otio-

279 4233 382 4270 sus
406 4217 703 4286 appellatur
728 4227 780 4271 et
821 4220 1041 4272 sterilis.
1078 4220 1178 4286 Qui
1226 4230 1402 4273 autem
1466 4222 1840 4274 ittandatoiutn

284 4309 382 4362 Dei
441 4309 614 4363 ﬁdelis
670 4314 1200 4378 operator-exsistit,
1257 4311 1549 4366 humilibus
1581 4310 1843 4367 fructibus

281 4404 516 4470 plenus,
568 4399 819 4454 deorsum
871 4402 1215 4466 incurvatus,
1272 4404 1695 4472 longanimitatis
1751 4420 1841 4457 ra-

283 4507 407 4545 mos
433 4492 498 4544 ad
522 4493 978 4546 subsannationes
1009 4502 1064 4546 et
1084 4493 1359 4546 illusiones
1389 4507 1438 4546 et
1493 4496 1866 4548 excussioues-

283 4585 652 4644 sustinendus,
710 4584 962 4638 omnibus
1007 4583 1495 4637 tradit.'Naturatn
1533 4585 1692 4652 igitur
1727 4586 1840 4636 vin-

282 4692 417 4732 cens
466 4677 557 4746 qui
613 4676 832 4729 humilis
876 4685 978 4740 est,
1036 4675 1202 4729 altum
1261 4691 1447 4744 sapere
1496 4677 1713 4740 nescit;
1748 4677 1837 4729 sed

286 4770 610 4825 humilitatis
667 4769 884 4836 Spiritus
937 4778 1088 4822 actus
1108 4769 1181 4822 illi
1211 4785 1266 4822 se
1297 4767 1602 4822 conformat
1631 4771 1721 4837 qui
1760 4785 1841 4821 sc-

285 4860 579 4930 metipsum
644 4860 938 4914 exinanivit
995 4859 1169 4930 factus
1227 4859 1482 4914 obcdiens
1547 4874 1714 4926 usque
1775 4858 1840 4910 ad

284 4928 538 5015 mortem,
597 4960 821 5004 mortem
871 4928 1048 5030 autem
1109 4949 1290 5004 crucis
1320 4949 1384 5000 δ’.
1435 4948 1589 5011 llinc,
1622 4957 1842 5000 sanctus

284 5042 443 5107 dicit,
470 5044 594 5112 quia
621 5042 855 5107 arbores,
885 5050 993 5094 etc.
1028 5041 1048 5111 ι
1076 5039 1192 5095 Non
1217 5049 1320 5104 est,
1349 5040 1401 5092 in
1445 5048 1688 5092 creatura
1720 5053 1844 5106 par-

285 5150 416 5188 vum
439 5146 494 5189 et
525 5148 776 5204 magnum
809 5134 986 5203 ignem
1020 5142 1211 5186 natura
1231 5133 1450 5197 videre;
1484 5139 1536 5184 et
1578 5145 1685 5183 non
1737 5143 1843 5194 est,

285 5227 348 5280 in
405 5228 724 5291 humilitate,
779 5227 1014 5280 materia:
1071 5227 1304 5295 speciem
1363 5225 1596 5294 aliquam
1631 5225 1847 5293 penitus

288 5317 637 5392 remanere.]
667 5318 724 5372 In
750 5318 962 5374 sincera
991 5318 1316 5380 humilitate,
1353 5315 1589 5371 materiae
1639 5317 1847 5384 species

290 5423 404 5462 non
463 5417 725 5471 remanet,
780 5408 906 5478 quia
941 5408 1180 5477 perfecta
1210 5407 1486 5463 humilitas
1512 5406 1645 5459 nihil
1675 5405 1850 5476 diligit

284 5499 526 5554 vitiose:
561 5507 617 5552 et
642 5500 884 5555 omnium
933 5500 1204 5567 qum,sub
1268 5499 1406 5554 cwlo
1461 5506 1588 5551 sunt
1629 5497 1794 5550 oblita
1829 5513 1843 5562 ;

286 5589 470 5645 solum
491 5603 612 5658 qua:
644 5602 770 5644 sunt
815 5589 908 5645 Dei
952 5589 1096 5659 sapit
1117 5599 1171 5645 et
1199 5590 1378 5648 sentit.
1413 5586 1471 5643 Si
1516 5587 1760 5656 su'perbia
1783 5604 1848 5642 ea:

365 5750 408 5780 "
450 5746 604 5800 Rom.
649 5763 741 5811 χιι,
776 5749 830 5802 2.
906 5750 950 5780 ³³
989 5746 1217 5815 Philipp.
1250 5763 1309 5810 it,
1337 5747 1392 5810 7,
1443 5746 1495 5800 8.

1937 3303 2153 3358 lentiam
2180 3302 2545 3364 inciderimus,
2581 3301 2648 3352 ab
2674 3301 3006 3368 operatione,
3037 3315 3156 3367 qum
3187 3299 3268 3351 est
3299 3315 3490 3352 secun-

1937 3397 2066 3450 dum
2123 3397 2455 3456 mandatum,
2513 3409 2617 3446 non
2679 3395 2969 3445 ellicicmur
3035 3401 3321 3455 exsortes;
3389 3393 3493 3446 nisi

1940 3503 2093 3542 mens
2149 3486 2502 3547 tenehrcscat,
2555 3500 2658 3539 non
2719 3484 3141 3536 dominabuntur
3187 3484 3234 3537 ei
3290 3485 3493 3537 vitiaet

1939 3581 2237 3650 passiones:
2267 3576 2607 3635 Persuadebit
2636 3578 2725 3628 tibi
2759 3579 2834 3641 id,
2858 3578 3082 3645 penitus,
3129 3577 3174 3628 is
3223 3577 3332 3644 qui,
3389 3587 3491 3629 etc.

1941 3673 2016 3726 De
2061 3672 2254 3726 abbate
2308 3670 2487 3722 Leone
2539 3669 2688 3732 dicit,
2729 3669 2821 3736 qui
2886 3668 3120 3735 scipsum
3179 3668 3230 3719 in
3271 3677 3493 3721 mortem

1941 3777 2040 3833 pro
2088 3762 2320 3832 quodam
2378 3760 2537 3812 fratre
2595 3759 2872 3810 liberando
2919 3758 3134 3810 tradidit
3181 3768 3497 3823 spontanee.

1927 3853 2037 3905 ‘Vel
2092 3853 2157 3906 de
2206 3852 2433 3904 militum
2494 3851 2833 3918 magistiano,
2886 3849 3058 3913 quiin
3093 3846 3355 3897 Corintho
3396 3861 3492 3912 pro

1940 3945 2219 4013 cujusdam
2288 3942 2511 4011 virginis
2539 3941 2796 3993 servanda
2826 3939 3148 4006 virginitate,
3175 3936 3491 4008 martyrium

1939 4036 2102 4106 elegit
2155 4035 2450 4102 suscipere.
2508 4031 2886 4085 Iittcllcctualis
2928 4047 3086 4093 mens,
3128 4030 3491 4082 iutcllrctualis

1941 4127 2100 4180 etiam
2156 4142 2354 4187 sensus,
2380 4136 2485 4179 etc.
2513 4123 2926 4177 Intellectnalent
2973 4137 3186 4174 sensum
3214 4131 3264 4173 et
3308 4121 3495 4189 cogni—

1945 4219 2146 4272 tionem
2198 4218 2396 4280 habct;
2467 4232 2648 4284 quem,
2709 4218 2760 4268 itt
2804 4215 2960 4268 nobis
3005 4224 3058 4264 et
3121 4230 3222 4262 non
3254 4212 3306 4264 in
3341 4213 3496 4267 nobis

1944 4308 2314 4369 exsistentem,
2371 4321 2610 4371 quan-ere
2691 4321 2794 4358 non
2858 4318 3150 4356 cessemus.
3229 4302 3284 4354 lit
3343 4302 3498 4355 nobis

1943 4409 2027 4454 est
2061 4399 2436 4452 intellectualis
2465 4414 2676 4462 sensus,
2703 4400 2842 4451 sicut
2876 4398 3151 4450 cohaerens
3203 4405 3256 4450 et
3291 4397 3496 4451 unitas.

1945 4487 2107 4541 Menti
2139 4488 2191 4540 in
2221 4489 2366 4541 onmi
2397 4489 2634 4552 homine,
2689 4502 2796 4540 non
2825 4488 2876 4539 in
2912 4487 3067 4540 nobis
3106 4501 3253 4550 vero,
3309 4503 3496 4554 quem-

1947 4577 2236 4632 admodum
2263 4579 2605 4646 passionibus
2628 4587 2846 4643 opertus
2873 4575 2923 4629 iii
2960 4577 3166 4630 vitiosis
3215 4578 3495 4636 exsistens,

1948 4676 2000 4719 et
2049 4669 2166 4721 sine
2212 4668 2520 4736 operatione
2573 4677 2751 4718 tnanet
2805 4667 3110 4736 incOgnitus
3151 4677 3202 4720 et
3234 4681 3495 4732 nusquam

1947 4773 2237 4828 apparens.
2299 4760 2472 4822 llunc,
2527 4770 2768 4822 sanctus,
2827 4776 2890 4812 ex
2950 4769 3059 4812 toto
3081 4761 3242 4812 corde
3263 4773 3502 4826 quaerere

1948 4853 2233 4916 admonet;
2265 4851 2412 4920 quia,
2445 4866 2566 4902 cum
2591 4850 2643 4902 in
2678 4852 2834 4904 nobis
2866 4852 3047 4911 fuerit,
3072 4852 3196 4902 vitia
3251 4848 3501 4902 universa

1951 4947 2170 5015 repellet
2203 4965 2215 4997 :
2275 4959 2434 5012 quem
2465 4955 2518 5000 ct
2551 4942 2792 4996 divinum
2835 4945 2983 5003 dicit,
3017 4943 3140 5010 quia
3205 4957 3298 5010 per
3350 4942 3505 4996 libri-

1950 5040 2018 5094 sti
2053 5051 2275 5091 mortem
2332 5044 2386 5089 ct
2443 5037 2773 5107 baptismum
2819 5049 2868 5089 rt
2920 5035 3162 5103 spiritum
3230 5041 3502 5096 sanctum,

1950 5145 2106 5198 quem
2135 5127 2320 5181 cﬂ‘udit
2355 5127 2406 5182 in
2437 5128 2612 5189 nobis,
2640 5137 2919 5197 reparatus
2948 5132 3048 5177 est.
3088 5121 3189 5174 Pro
3219 5125 3501 5192 purgandis

1950 5222 2210 5284 sordibus,
2243 5221 2549 5276 obedieittiw
2587 5221 2776 5272 bibisse
2810 5219 3070 5285 poculum.
3101 5214 3325 5270 Sordem
3373 5215 3503 5267 dicit

1950 5312 2203 5367 advenire
2231 5322 2283 5364 et
2319 5313 2371 5365 iit
2399 5328 2561 5365 carne
2605 5311 2716 5365 fieri
2761 5323 2825 5361 ex
2879 5306 3220 5359 in‘tmunditia
3273 5304 3504 5357 delecta-

1954 5404 2158 5457 tionum
2194 5422 2208 5457 :
2244 5404 2459 5458 oculum
2496 5418 2622 5455 vero
2649 5401 2842 5453 anima:
2874 5398 3005 5452 dicit
3035 5398 3360 5450 intellectum
3424 5393 3500 5444 vi-

1949 5497 2088 5549 tiosa
2120 5495 2397 5551 aﬂectione
2453 5493 2776 5548 infirntatum
2832 5501 2885 5542 ct
2941 5488 3337 5543 conturbatum.
3397 5485 3500 5537 Sed

1953 5588 2095 5642 hunc
2145 5590 2359 5655 silentio
2408 5583 2650 5655 adjuvari
2701 5594 2937 5646 constat,
2996 5595 3060 5635 eo
3087 5576 3228 5646 quod
3264 5573 3504 5630 tnultilo.

1574 5746 1617 5777 ³³
1669 5744 1854 5799 Matth.
1900 5743 2028 5808 tv,l
2091 5761 2240 5814 seqq.

367 5863 476 5934 (‘27.)
511 5861 698 5920 Melius
740 5863 756 5930 (
787 5864 1017 5932 opinor)
1046 5871 1200 5917 vetus
1245 5862 1529 5932 interpres,
1589 5865 1824 5930 qtta'dam
1867 5860 2106 5916 arborum
2136 5876 2248 5928 qua:
2274 5859 2691 5926 dicunturcytri,
2736 5866 2835 5908 etc.
