4032 6340
608 390 741 452 1239

1749 392 1808 449 S.
1848 391 2163 450 Jt_l.\.\'.\'lS
2201 391 2713 452 liAlTllUENSlS

3699 389 3840 452 1210

602 504 810 566 quium,
863 503 1094 554 t'ulol’t‘ltt
1155 503 1380 569 Spil'lllls
1439 501 1730 570 exstinguit
1781 502 2068 565 inanima,
2109 511 2162 556 ct
2195 501 2350 563 Λειιί
2391 517 2580 572 agrum
2631 504 2700 557 ab
2757 503 2901 556 omni
2965 502 3374 572 inquinamento
3436 510 3720 571 expurget,
3767 518 3839 558 ac

604 593 782 645 ﬁmus
814 593 1009 656 fari-ie,
1045 604 1294 646 naturam
1331 594 1510 647 habet.

673 684 807 737 llinc
835 670 1244 739 sanctusilicit:
1289 686 1391 750 Qui
1423 685 1574 738 habet
1603 703 1754 739 aures
1786 687 2036 739 audiendi
2064 704 2162 739 att-

601 779 712 828 diut
737 760 819 828 3":
883 776 1066 845 Itaque
1119 779 1163 830 si
1198 779 1325 830 mihi
1353 779 1704 844 obtemperare
1742 781 1918 831 cultis.
1953 779 2048 847 Si(
2082 780 2158 832 in-

601 866 753 931 quit)
817 865 977 917 vultis
1025 865 1154 916 mihi
1204 865 1440 926 obedire,
1496 865 1669 917 dicam
1707 864 1861 918 vobis
1893 866 2165 932 quomodo

601 958 906 1008 ιΙςειιιυιιιιιιι
944 957 1179 1010 inlinitas
1215 971 1420 1026 pugnas
1469 955 1704 1024 fugietis.
1759 954 1876 1010 Vita
1904 973 1966 1008 es
2019 972 2164 1010 inor-

602 1058 671 1104 ιιι.
742 1045 952 1108 requies
996 1061 1060 1096 ex
1115 1044 1365 1112 passione
1391 1054 1445 1097 ct
1513 1044 1714 1104 labore,
1776 1054 1830 1097 et
1886 1046 2056 1111 gloria
2097 1061 2162 1098 ex

601 1134 894 1198 ignominia
958 1134 1183 1195 Christi,
1239 1134 1362 1186 data
1423 1143 1477 1186 et
1529 1143 1650 1188 nata
1702 1145 1782 1188 est
1831 1133 2160 1187 hominibus.

603 1221 814 1275 Ulilitct'
845 1226 1035 1274 borum
1066 1225 1378 1276 memoriam
1411 1233 1574 1288 leuet,
1607 1224 1698 1294 qui
1741 1225 1980 1283 divitias,
2030 1224 2165 1279 deli-

599 1318 736 1374 rius,
794 1326 847 1368 et
903 1317 1213 1370 altitudines
1272 1318 1391 1370 vit:e
1447 1317 1607 1384 hujus
1659 1318 2056 1387 praetereuntis,
2111 1329 2166 1371 et

601 1409 862 1475 requiem,
923 1424 969 1459 et
1028 1408 1436 1474 delectationes,
1472 1422 1542 1461 ϊι
1585 1408 2057 1477 conc-ttpiscentias
2083 1407 2163 1460 fu-

599 1500 696 1568 git,
728 1502 1176 1567 spei-nitettnlit;
1242 1510 1293 1554 et
1346 1501 1721 1563 verecundius,
1773 1500 2162 1565 tribulationcs,

598 1600 652 1643 ι·ῑ
707 1592 922 1646 dolores
973 1593 1163 1660 qumrit
1208 1592 1476 1662 ctdiligit,
1519 1601 1576 1644 ιιι
1605 1593 1879 1646 Christum
1904 1593 2162 1654 imitetur,

600 1681 718 1734 sine
755 1682 912 1750 cujus
942 1698 1126 1737 amore
1156 1698 1317 1735 nemo
1361 1683 1618 1736 salvator.
1660 1683 1874 1737 Delicia:
1900 1680 2162 1751 (fratres)

602 1774 926 1827 resuscitant
957 1775 1104 1838 vitia,
1135 1784 1186 1826 et
1213 1774 1382 1843 gloria
1407 1783 1461 1828 et
1494 1775 1705 1844 requies
1733 1776 1930 1829 carnis.
1971 1787 2162 1827 omnes

598 1863 864 1931 malignas
901 1861 1368 1930 concupiscuntias
1416 1879 1537 1931 quae
1590 1865 1798 1916 variant
1827 1871 1882 1916 et
1915 1862 2160 1914 di\idunt

598 1953 846 2006 homines
906 1970 934 2006 ει
993 1952 1101 2006 Deo
1151 1963 1206 2008 ct
1253 1953 1451 2007 diaboli
1501 1955 1737 2008 subdunt
1765 1953 2008 2020 imperio.
2055 1950 2157 2016 Qui

599 2055 778 2098 an‘etu
826 2045 938 2099 odit
1004 2060 1116 2107 eas,
1163 2053 1217 2098 et
1272 2044 1636 2105 abominatur,
1666 2053 1718 2097 ct
1748 2045 1836 2114 fug
1852 2053 1900 2107 ι,
1930 2059 2033 2096 non
2066 2059 2158 2094 va-

599 2138 769 2189 riatur
819 2153 990 2206 neque
1041 2137 1300 2190 dividitur
1350 2151 1379 2187 a
1416 2136 1498 2189 via
1539 2135 1818 2196 virtutum,
1849 2136 1942 2189 sed
1983 2135 2160 2188 imita-

597 2235 688 2278 tur
739 2216 1035 2287 Clll‘isttllll,
1091 2235 1144 2280 et
1195 2241 1259 2279 ex
1308 2235 1418 2278 tota
1473 2223 1754 2278 affectione
1810 2224 2047 2277 adhaeret
2123 2226 2156 2274 i.

598 2315 859 2370 Triuitate
913 2316 1237 2369 beatissima.
1291 2315 1508 2369 Auxilio
1558 2317 1723 2386 igitur
1751 2325 1806 2369 ει
1828 2317 1999 2386 gratia
2031 2332 2056 2369 s
2099 2333 2157 2368 ιι-

595 2419 694 2466 ct;e
738 2408 1043 2473 Trinitatis,
1105 2418 1160 2461 et
1221 2424 1585 2478 compugnare
1621 2417 1674 2462 et
1709 2408 1960 2462 resistere
1990 2409 2160 2463 tribus

595 2500 1020 2566 generalissimis
1076 2499 1221 2554 vitiis
1271 2500 1625 2566 valebimus;
1705 2499 1875 2552 amori
1953 2500 2157 2568 δῖοι-ιω,

595 2592 766 2645 amori
820 2592 1272 2662 concupiscentize
1329 2603 1384 2645 et
1435 2591 1831 2647 delectabilium
1892 2601 1943 2644 et
1985 2591 2159 2645 amori

593 2685 838 2754 pecuni:e
892 2693 946 2737 et
1001 2683 1182 2736 omnis
1229 2682 1590 2752 cupiditatis:
1657 2682 1702 2735 si
1761 2692 1937 2735 tamen
1969 2683 2033 2734 ad
2058 2699 2157 2750 pu-

593 2791 752 2843 guam
780 2773 1180 2843 perrexcrintus
1204 2773 1395 2827 muniti
1418 2773 1590 2827 tribus
1613 2772 1922 2836 virtutibus,
1955 2772 2161 2826 scilicet

593 2867 944 2925 abstinentia.
967 2866 1230 2919 cbaritate
1251 2874 1305 2919 et
1344 2864 1684 2918 humilitate:
1719 2879 1842 2916 nam
1884 2863 2156 2916 carnalem

592 2972 832 3009 allttll'Clll
859 2955 1122 3009 interimit
1153 2955 1515 3018 abstinentia;
1548 2967 1788 3006 amorem
1819 2953 2022 3022 gloriae,
2057 2954 2158 3006 lm-

593 3045 793 3099 militas
825 3059 1104 3110 ;:nnorem
1137 3045 1396 3111 pccunia:,
1425 3043 1681 3107 cbaritas,
1701 3043 1842 3097 sicut
1863 3043 2161 3098 communi-

2263 609 2387 647 cum
2410 609 2532 648 cum
2567 595 2756 650 timore
2779 595 3075 650 custodiat:
3109 593 3314 647 Malitia
3346 592 3552 662 quidem
3595 605 3692 646 aut
3749 594 3835 647 vi—

2265 686 2414 738 tium.
2444 685 2641 740 Malitia
2702 698 2786 742 cst
2812 687 2972 740 fallax
2996 685 3256 756 judicium
3280 701 3468 739 eorum
3509 700 3631 754 qua:
3676 685 3838 739 intel-

2265 776 2576 846 telliguutur
2602 787 2657 831 et
2682 778 3006 832 sentiuntur.
3037 775 3190 842 Quod
3217 777 3461 846 sequitur
3487 777 3695 832 abusus
3712 777 3832 846 (ξι)

2265 882 2463 919 rerum.
2521 865 2719 920 Malitia
2797 877 2880 920 est
2913 868 3178 936 malignus
3211 881 3340 921 usus
3367 881 3557 920 eorum
3587 882 3710 936 quae
3729 881 3835 918 no-

2269 957 2354 1010 bis
2418 957 2472 1011 in
2531 957 2732 1011 bonum
2760 972 2791 1011 a
2821 957 2926 1013 Deo
2954 959 3077 1012 data
3102 967 3250 1012 sunt.
3286 955 3487 1010 Vitium
3534 965 3618 1012 est
3642 965 3832 1010 motus

2263 1048 2479 1108 animm,
2531 1057 2719 1103 contra
2776 1058 3043 1113 naturam,
3104 1049 3185 1102 vel
3231 1047 3299 1102 ad
3347 1048 3646 1103 amicitiam
3695 1047 3833 1102 irra-

2265 1138 2526 1192 tionalem
2571 1141 2653 1194 vel
2697 1139 2763 1194 ad
2814 1139 2996 1193 odium
3063 1140 3430 1194 indiscretum.
3495 1137 3557 1192 In
3594 1139 3829 1201 duabus,

2264 1229 2509 1288 maxime,
2564 1228 2888 1298 generalibus
2913 1228 3217 1279 uirtutibus.
3276 1225 3331 1279 In
3366 1224 3690 1280 abstinentia
3721 1225 3831 1277 bu-

2266 1319 2378 1370 mili
2439 1330 2491 1371 et
2551 1320 2854 1372 oliedientia
2880 1317 3108 1385 simplici
3144 1335 3157 1368 :
3192 1325 3446 1384 q'uarutn,
3480 1314 3650 1384 prima
3699 1313 3830 1377 qui-

2271 1409 2391 1462 dem
2459 1410 2898 1479 concupiscentia
2950 1419 3005 1462 et
3071 1409 3452 1460 delectationes
3521 1404 3830 1468 interimit;

2269 1502 2506 1555 St'Cllllda
2540 1516 2668 1555 vero
2698 1515 2792 1569 per
2819 1500 3028 1554 mortiua
3070 1506 3284 1551 monent
3347 1493 3638 1550 voluntatis
3689 1493 3830 1548 inte-

2267 1593 2427 1646 ritum
2467 1595 2708 1646 roborat.

2334 1684 2492 1737 Aliud
2516 1695 2593 1737 est
2623 1684 2999 1752 cogitationum
3027 1682 3288 1734 (iiszodia.
3341 1678 3598 1735 Custodia
3626 1677 3834 1733 mentis

2264 1787 2364 1839 est,
2393 1775 2716 1830 reformatas
2747 1786 2802 1830 et
2839 1775 3114 1828 immissas
3146 1774 3200 1827 in
3248 1781 3426 1827 mente
3449 1787 3545 1842 per
3568 1771 3830 1834 inultum,

2261 1868 2614 1936 cogitationes
2687 1876 2934 1934 potenter
2995 1864 3320 1934 expellere:
3374 1864 3647 1918 servantia
3695 1877 3832 1918 vero

2262 1962 2460 2015 mentis
2501 1972 2615 2027 est,
2683 1963 2857 2030 ipsam
2903 1961 3125 2014 omnino
3188 1972 3297 2013 non
3354 1958 3750 2028 receptibilem.
3792 1973 3826 2011 a

2260 2053 2648 2119 cogitationum
2699 2051 2875 2105 inulto
2919 2066 3162 2112 servare.
3216 2050 3349 2104 etin
3384 2048 3586 2103 divinis
3609 2063 3832 2118 semper

2259 2142 2550 2196 extendere
2577 2151 2632 2197 et
2675 2141 2908 2197 elevare.
2963 2140 3131 2205 Item,
3175 2140 3425 2196 custodia
3478 2139 3678 2194 mentis
3717 2147 3826 2198 est.

2260 2236 2525 2303 agonibus
2574 2243 2629 2288 et
2683 2233 3022 2288 orationibus
3061 2233 3270 2302 species
3304 2231 3693 2301 cogitationum
3738 2246 3831 2284 re-

2260 2327 2478 2394 pulsare
2512 2343 2526 2378 :
2559 2324 2830 2379 servantia
2875 2338 3004 2377 vero
3038 2322 3235 2377 mentis
3282 2330 3396 2386 est,
3442 2318 3832 2388 incaptivabile

2261 2431 2376 2479 cor,
2403 2426 2456 2470 et
2485 2415 2807 2470 incurabilis
2834 2413 3037 2471 Christi
3067 2425 3196 2468 sese
3231 2410 3526 2467 memon-ire.
3558 2407 3720 2462 Aliud
3748 2417 3832 2461 est

2260 2513 2441 2558 contra
2463 2505 2799 2574 coqitationes
2859 2521 3032 2557 orare.
3089 2501 3204 2556 Hoc
3242 2501 3511 2570 primum,
3561 2497 3832 2552 estinlir-

2263 2611 2476 2651 morum
2503 2606 2560 2651 et
2584 2594 2910 2650 initiantium
2939 2612 2956 2658 ;
2983 2594 3282 2650 secundum
3307 2601 3391 2646 est
3429 2588 3828 2660 proﬁcientium

2259 2701 2312 2743 et
2358 2689 2676 2743 luctantium
2711 2686 2962 2758 (25-26);
2988 2685 3205 2740 tertium
3234 2693 3318 2738 est
3356 2681 3743 2754 perfectorem,
3770 2688 3832 2734 et

2259 2779 2783 2850 contemplandum,
2826 2788 2881 2834 et
2925 2775 3449 2846 inespugnabilium.
3495 2771 3832 2842 Impossibile

2257 2879 2336 2924 est
2362 2885 2454 2938 per
2483 2880 2756 2924 naturam.
2802 2869 2956 2925 Mens
2993 2869 3250 2929 humana,
3289 2865 3608 2921 naturaliter
3653 2864 3829 2918 insta-

2258 2959 2384 3014 bilis
2413 2973 2496 3015 est
2541 2970 2596 3016 ct
2633 2962 2951 3032 incorporea
2981 2977 2995 3014 :
3025 2975 3149 3029 qua;
3191 2969 3320 3014 tunc
3361 2974 3392 3012 a
3436 2971 3538 3012 suo
3577 2966 3725 3009 motu
3770 2963 3833 3008 es

2259 3052 2407 3106 varia
2475 3052 2793 3108 scductione
2845 3051 3120 3107 stabilitur
3200 3061 3254 3105 et
3325 3048 3516 3103 necubi
3587 3045 3834 3101 errando

593 3138 766 3192 cativa
801 3145 976 3192 necat.
1029 3135 1128 3190 Est
1184 3135 1393 3206 quidem
1443 3135 1752 3205 perdifﬁcile
1807 3151 1895 3189 eus
1955 3145 2230 3215 ρετινετ-ο
2262 3142 2556 3213 spargitur,
2606 3158 2731 3197 cum
2782 3141 2924 3209 Deo,
2955 3156 3050 3212 per
3088 3137 3344 3211 Spiritum
3373 3146 3624 3193 sanctum
3674 3134 3833 3190 unita

592 3231 850 3282 bationes.
904 3227 1220 3296 Ubicunque
1248 3226 1597 3296 prtesumptio
1632 3226 1712 3280 vel
1749 3226 2160 3295 praeassumptio

591 3322 675 3373 vel
729 3317 1036 3388 praecaptio,
1091 3317 1206 3372 sive
1271 3316 1324 3370 in
1380 3315 1660 3386 singulari,
1721 3317 1835 3370 sive
1880 3315 1933 3368 in
1964 3314 2157 3385 plurali

592 3427 820 3465 numero
872 3410 1132 3466 scribitur
1180 3409 1234 3463 in
1293 3408 1398 3463 hoc
1455 3408 1629 3472 libro;
1697 3418 2156 3477 prteoperatorum

593 3505 842 3556 vitiorum
877 3518 983 3556 non
1015 3499 1714 3555 voluntariam'memoriam
1743 3511 1798 3554 et
1826 3501 2154 3567 passionem,

593 3591 707 3646 sive
738 3608 831 3660 per
871 3591 1136 3654 auditum,
1187 3591 1305 3645 sive
1357 3589 1513 3643 aliter
1550 3589 1954 3653 advenientem,
2005 3589 2156 3644 dicit.

595 3681 770 3745 Unde,
828 3683 1177 3754 prmsumplio
1227 3683 1342 3737 sive
1394 3681 1808 3752 praeassumptio
1851 3689 1956 3742 est.
1985 3696 2050 3735 ex
2080 3683 2159 3735 vi-

593 3773 730 3826 tiosa
781 3772 1092 3842 operatione
1133 3779 1190 3826 et
1240 3772 1636 3826 consuetudine
1695 3770 1854 3826 nobis
1911 3771 2158 3826 immissa

591 3872 646 3916 et
703 3861 998 3916 adveniens
1047 3875 1169 3915 cum
1223 3860 1589 3916 abstractione
1635 3861 1884 3916 tentatio.
1929 3859 1996 3916 Et
2019 3876 2160 3930 quo-

591 3958 739 4012 niam
769 3972 834 4011 ex
855 3966 983 4010 ante
1012 3956 1238 4026 patratis
1261 3955 1434 4025 culpis
1469 3969 1624 4011 mens
1670 3965 1726 4012 et
1787 3965 1974 4012 nostra
2029 3971 2159 4012 caro

593 4051 942 4104 vehementer
997 4050 1334 4118 plerumque,
1398 4055 1456 4101 ut
1517 4047 1864 4103 cicatricibus
1937 4047 2156 4110 sauciae,

591 4138 906 4194 earumdem
954 4138 1230 4193 memoriis
1275 4138 1430 4208 quasi
1455 4141 1681 4207 plagatze
1707 4145 2044 4204 putrescunt.
2103 4148 2160 4194 et

593 4229 696 4284 sub
739 4229 924 4283 multis
991 4229 1379 4284 teutationibus
1433 4228 1815 4283 tnisrrabiliter
1863 4229 2155 4283 incurvan-

595 4329 700 4381 tur,
735 4319 854 4371 ideo
886 4328 1108 4373 sanctus
1137 4319 1265 4372 dicit
1298 4337 1310 4370 :
1339 4318 1433 4372 Est
1461 4319 1668 4388 quidem
1686 4318 2020 4388 perdifﬁcile,
2049 4329 2154 4372 etc.

664 4409 891 4464 Tintoris
945 4410 1158 4462 Domini
1213 4409 1525 4477 exemplum.
1584 4410 1978 4465 Condescendit
2001 4409 2159 4465 Pater

591 4509 788 4553 n0stra:
813 4499 1132 4561 infirmitati.
1162 4512 1214 4554 et
1233 4516 1297 4555 ex
1325 4499 1584 4564 minimis,
1633 4500 1789 4554 nobis
1813 4516 2003 4570 magna
2047 4510 2157 4555 tra-
2190 4479 2232 4533 ί)

592 4593 720 4645 dere
777 4604 1006 4646 conatur
1043 4609 1058 4644 :
1092 4592 1394 4645 erudiendo
1452 4605 1552 4644 nos
1587 4592 1834 4659 exemplo
1856 4593 2153 4648 bestiarum

591 4693 648 4738 et
690 4685 895 4738 amoris
945 4684 1263 4752 corporalis,
1298 4685 1364 4736 ad
1403 4683 1785 4752 possidendum
1817 4684 2057 4738 dirimunt
2090 4687 2156 4738 ti-

498 4824 502 4827 .
593 4790 796 4827 morem
827 4784 880 4828 et
909 4789 1148 4829 amorem
1176 4793 1189 4828 :
1223 4775 1400 4829 ethoc
1420 4774 1547 4843 quia
1573 4773 1809 4843 perfecte
1871 4773 2038 4828 Deum
2087 4776 2156 4828 ti-

593 4860 749 4916 mere
793 4873 846 4916 et
911 4877 1094 4915 amare
1163 4878 1267 4916 non
1327 4875 1616 4929 possumus
1670 4869 1884 4930 propter
1915 4867 2153 4912 nostram

595 4957 911 5023 pravitatem
943 4963 998 5007 et
1026 4953 1414 5008 infirmitatem.
1476 4951 1530 5006 Si
1559 4957 1701 5006 enim
1735 4951 2158 5019 intelligeremus

591 5044 723 5098 illud
777 5045 921 5114 ιιιιιιιΙ
983 5045 1239 5113 magister
1303 5045 1652 5114 perfectionis
1697 5043 2159 5115 dicitzNoliteli-

590 5150 728 5190 mere
749 5151 834 5186 eos
864 5137 952 5200 qui
976 5136 1220 5188 occidunt
1246 5151 1454 5202 corpus.
1488 5136 1578 5188 sed
1597 5136 1771 5201 potius
1823 5150 1937 5187 eam
2007 5137 2158 5186 time-

593 5236 640 5275 te
669 5223 758 5292 qui
782 5231 950 5290 potest
991 5211 1177 5291 corpus
1200 5232 1249 5275 et
1303 5223 1533 5274 animam
1589 5223 1800 5292 perdere
1855 5223 1908 5274 in
1973 5221 2158 5292 gehen-

591 5329 712 5368 nam
736 5314 801 5369 ³⁵.
829 5313 890 5366 Et
915 5313 1078 5367 illud:
1143 5314 1338 5385 Diliges
1396 5313 1673 5367 Dominum
1699 5314 1864 5368 Deum
1887 5323 2054 5377 tuum,
2093 5329 2157 5366 ea:

591 5414 699 5455 toto
723 5405 874 5457 corde
907 5415 1016 5464 tuo,
1074 5413 1127 5460 et
1149 5421 1269 5473 quae
1300 5415 1598 5474 sequuntur
1620 5405 1664 5435 ³⁸
1693 5424 1705 5458 ;
1760 5420 1866 5457 non
1923 5405 1990 5458 iis
2053 5408 2158 5457 uti-

591 5511 695 5561 que
727 5511 863 5563 opus
898 5497 1183 5551 habemus.
1267 5494 1387 5548 Vidi
1425 5498 1546 5548 item
1581 5495 1862 5562 agricolas.
1904 5495 1959 5546 lu
2003 5495 2157 5550 intel-

592 5587 800 5641 la-ctnali
863 5587 1113 5642 Ecclesia:
1165 5588 1340 5651 vinea,
1390 5590 1690 5640 monachus
1733 5585 1960 5640 virtu'tcs
2000 5604 2159 5641 ωιιύ-

589 5677 700 5732 lere
767 5689 990 5733 vocatus
1045 5690 1175 5746 est;
1233 5678 1377 5749 quod
1402 5693 1510 5732 non
1547 5677 1808 5747 implebit,
1859 5679 1960 5743 nisi
1982 5682 2160 5735 cordis

661 5773 704 5803 ³³
756 5772 945 5827 Matth.
1006 5791 1079 5838 si,
1137 5773 1218 5827 15.
1299 5774 1344 5804 ³⁵
1394 5771 1583 5828 Matth.
1621 5791 1674 5838 ι,
1725 5777 1803 5828 18.

661 5868 773 5940 (94)
804 5868 967 5926 Vetus
993 5870 1277 5942 interpres,
1311 5871 1473 5929 ctiam
1505 5870 1652 5941 legit,
1712 5874 1949 5940 abysatts.

2259 3235 2587 3301 copulatur:
2618 3243 2749 3288 tunc
2797 3233 2942 3287 enim
2991 3231 3176 3286 omnia
3226 3230 3280 3284 in
3323 3229 3430 3283 Deo
3479 3227 3682 3292 habet;
3729 3223 3830 3295 qui

2260 3325 2512 3378 ultimum
2539 3339 2662 3378 vere
2693 3323 3073 3390 concupitum,
3099 3336 3193 3390 per
3222 3319 3465 3389 requiem
3491 3326 3549 3372 et
3577 3325 3798 3370 contem

2261 3414 2550 3484 plotionem
2595 3421 2760 3466 tenet.
2804 3409 2900 3465 Vel
2937 3411 3018 3464 sic
3052 3411 3247 3464 iterum
3305 3405 3588 3476 intellige:
3628 3400 3836 3458 Anima

2260 3506 2600 3574 incorporea,
2638 3519 2668 3556 a
2713 3515 2942 3571 corpore
2975 3501 3302 3563 continetur,
3336 3495 3481 3566 quod
3511 3505 3618 3559 est,
3652 3493 3832 3548 solius

2260 3590 2490 3646 inﬁnitae
2526 3589 2809 3658 sapientia:
2834 3603 2898 3642 ac
2929 3585 3186 3657 potentiae
3207 3600 3346 3656 opus
3373 3593 3428 3639 et
3450 3579 3831 3636 manifestatio

2259 3695 2420 3750 super
2468 3683 2764 3733 humanam
2813 3677 3080 3731 rationem
3126 3681 3182 3728 et
3223 3686 3477 3736 sensum;
3524 3669 3618 3724 sed
3651 3668 3835 3721 multo

2259 3770 2585 3838 ineﬂ'abilius
2610 3778 2716 3834 est,
2745 3766 3019 3838 quomodo
3034 3780 3130 3835 per
3157 3763 3416 3834 Spiritum
3440 3770 3689 3816 sanctum
3718 3757 3832 3812 Do-

2259 3862 2442 3916 minus
2487 3835 2557 3913 in.
2585 3873 2648 3914 ea
2695 3835 2923 3912 manet:
2956 3855 3238 3924 quoniam,
3273 3853 3367 3923 qui
3415 3850 3648 3904 adiuuet
3688 3847 3836 3912 Deo.

2258 3968 2396 4008 unus
2423 3949 2644 4021 spiritus
2677 3957 2756 4004 est
2784 3948 2853 4004 ".
2882 3976 2950 3989 —-
2979 3951 3130 4015 δωρε
3167 3942 3478 4013 cupiditatis
3511 3951 3669 4012 atque
3693 3958 3828 3997 aua-

2259 4045 2399 4100 ritia:
2427 4045 2665 4114 spiritus.
2730 4039 2984 4112 Suggerit
3011 4038 3220 4092 daemon
3246 4034 3519 4100 δῦθι-ἰήιε,
3548 4049 3656 4090 non
3691 4033 3831 4091 dare

2258 4138 2701 4205 elcemosynam;
2731 4132 2825 4189 sed
2855 4145 2951 4202 per
2983 4126 3376 4192 humilitatem,
3425 4125 3612 4197 fu‘gere
3638 4125 3834 4180 unita-

2261 4234 2368 4280 tem
2389 4234 2445 4279 et
2471 4239 2669 4278 nomen
2701 4219 3131 4292 eleemosynarli.
3173 4217 3443 4289 Snpponit
3463 4217 3610 4272 enim
3630 4253 3647 4278 .
3675 4217 3826 4285 quod

2259 4331 2326 4370 ex
2351 4315 2456 4370 hoc
2482 4314 2762 4369 hominum
2793 4301 3238 4382 complacentiam
3259 4311 3432 4381 fugies
3463 4327 3478 4363 :
3509 4308 3652 4363 sicut
3671 4323 3828 4363 vanae

2255 4407 2448 4478 gloriae
2482 4407 2720 4472 dannon,
2748 4405 2816 4459 ad
2839 4404 3284 4469 complacendum
3316 4400 3650 4465 hominibus,
3670 4415 3830 4470 pom-

2263 4517 2390 4572 pose
2409 4514 2462 4558 et
2484 4512 2804 4573 apparenter
2826 4499 2958 4557 dare
2976 4501 3185 4556 incitat.
3215 4498 3308 4554 Sic
3326 4498 3536 4553 daemon
3559 4496 3825 4550 luxuriae:

2263 4593 2572 4647 luxuriosos
2631 4592 2776 4646 enim
2809 4633 2825 4651 ,
2891 4592 2960 4645 ad
3023 4589 3365 4644 tribuendum
3419 4585 3823 4656 eleemosynam

2261 4684 2578 4737 exhortatur
2628 4695 2683 4738 et
2731 4683 2978 4744 inclinat,
3029 4664 3338 4746 specialiter
3385 4675 3720 4746 virginibus.
3766 4683 3828 4728 et

2261 4787 2488 4841 corpore
2519 4772 2775 4826 formosis
2801 4809 2817 4835 ,
2871 4780 2928 4824 ut
2979 4769 3344 4824 familiaritate
3377 4767 3555 4821 taliter
3613 4764 3825 4828 habita,

2259 4879 2384 4918 cum
2431 4863 2632 4918 eisdem
2679 4862 2734 4915 in
2789 4859 3002 4914 foveam
3067 4873 3181 4914 sua:
3227 4856 3549 4928 perditionis
3600 4855 3824 4909 cadant.

2262 4953 2620 5019 Quareudum
2663 4955 2778 5022 quis
2833 4953 3020 5005 horum
3072 4945 3239 5005 altera
3295 4950 3458 5019 fuerit
3499 4945 3751 5001 humilior
3803 4961 3824 4997 :

2259 5044 2490 5099 Omnino
2522 5045 2610 5098 ille
2638 5045 2730 5112 qui
2775 5051 2898 5113 post
2926 5043 3180 5107 labores,
3218 5039 3689 5096 remunerationes
3725 5053 3826 5091 ae-

2259 5135 2410 5204 cipit,
2434 5145 2518 5192 est
2539 5135 2710 5205 magis
2736 5135 2977 5190 humilis.
3005 5133 3166 5188 Aliud
3220 5143 3299 5188 est
3334 5141 3628 5202 peccatum,
3668 5131 3825 5185 aliud

2263 5226 2546 5280 otiositas:
2580 5224 2866 5279 Peccatum
2925 5239 3161 5295 namque
3204 5231 3289 5279 est
3339 5221 3576 5292 speciei,
3635 5223 3824 5287 modi,

2263 5317 2493 5383 ordinis,
2525 5327 2579 5372 et
2615 5317 2898 5388 dignitatis
2938 5317 3154 5387 proprie
3189 5313 3508 5384 corruptio:
3540 5314 3662 5379 vel,
3699 5330 3830 5383 pec-

2258 5399 2467 5472 catum,
2505 5417 2590 5461 est
2613 5405 2807 5460 divinae
2832 5405 2964 5475 legis
2997 5403 3390 5475 praevaricatio,
3417 5412 3470 5456 et
3513 5403 3826 5458 ctelestium

2261 5499 2630 5553 inobedientia
2672 5497 3072 5561 mandatorum.
3101 5494 3390 5558 ()tiositas,
3422 5503 3635 5548 estnon
3668 5493 3831 5547 labo—

2263 5604 2386 5644 rare
2411 5599 2465 5643 et
2510 5603 2622 5643 non
2678 5590 2890 5657 operari
2927 5603 3090 5658 opera
3133 5585 3249 5649 Dei,
3289 5585 3430 5639 sicut
3459 5585 3568 5639 illis
3611 5583 3830 5638 dictum

2260 5691 2345 5734 est
2370 5698 2382 5733 :
2419 5679 2560 5744 Quid
2583 5682 2737 5735 statis
2765 5691 2878 5735 tota
2906 5681 2990 5734 die
3030 5678 3185 5734 otiosi
3212 5677 3299 5731 "1'
3336 5677 3680 5748 Negligentia
3717 5684 3832 5740 est,

1881 5773 1926 5804 ³⁸
1955 5775 2139 5830 Matth.
2175 5792 2305 5843 xxn,
2333 5775 2422 5830 57.
2497 5774 2540 5806 ³⁷
2571 5774 2588 5828 l
2624 5775 2749 5832 Cor.
2776 5791 2851 5840 vI,
2888 5775 2976 5829 16.

2355 5871 2556 5939 2536)
2586 5871 2747 5928 Vetus
2780 5872 3068 5941 interpres,
3103 5865 3515 5940 agouiztmtiuut.
