4032 6340
217 406 350 471 1241

1389 415 1705 476 SCHOLIA
1742 415 1822 475 IN
1848 416 2256 478 CLIMACUM-

3291 410 3423 476 1242

211 518 429 590 operari
467 518 706 587 quidem,
744 518 835 572 sed
865 518 1152 597 insolerte‘r
1181 526 1234 573 ct
1260 518 1525 574 indevote.
1559 519 1762 573 Vitium
1792 526 1834 580 Α
1868 521 2251 590 malignitatem
2282 557 2297 583 ,
2337 526 2389 572 et
2446 517 2751 588 superbiam
2811 517 2951 573 vitae.
3003 516 3188 573 Tertio
3211 557 3228 583 ,
3278 522 3423 589 quod

208 619 329 675 est,
393 608 735 663 conﬁrmatio
778 618 831 664 et
879 609 1166 664 conversio
1217 624 1312 679 per
1348 625 1669 665 consensum
1714 620 1767 664 et

212 696 631 752 delectationem
683 696 826 752 facta
875 698 942 753 ad
982 713 1046 752 ea
1091 714 1214 768 quae
1242 707 1458 766 nocent,
1492 710 1548 754 et
1576 699 1763 753 illicita

208 797 361 844 sunt.
384 788 593 858 Lapsus
610 799 712 850 est.
733 805 856 844 cum
878 792 943 843 ad
964 789 1336 846 inﬁdelitatem
1366 801 1463 845 aut
1486 792 1763 845 libidinem

207 889 267 933 et
299 879 585 949 passiones
623 880 851 936 lubricat
868 896 1086 949 corpus.
1130 880 1284 952 Stepe
1318 884 1415 950 ﬁt,
1460 891 1519 937 ut
1564 884 1764 952 requies

207 982 303 1036 per
339 968 670 1023 inimicitias.
727 967 932 1038 Sepias
971 985 1037 1024 ex
1070 982 1275 1026 natura:
1323 972 1630 1042 fragilitate.
1665 979 1765 1025 aut

207 1059 545 1127 inﬁrmitate,
583 1069 679 1114 aut
718 1060 900 1124 senio,
936 1070 1029 1115 aut
1058 1076 1123 1116 ex
1170 1063 1473 1129 obedientia
1518 1062 1761 1125 Patrum,

206 1150 427 1217 requies
460 1166 569 1205 non
600 1160 774 1205 amata
806 1166 835 1204 a
858 1165 1015 1206 servo
1033 1151 1125 1206 Dei
1154 1154 1251 1213 (ait
1275 1152 1454 1223 Pater)
1483 1153 1761 1222 recipitur,

205 1252 333 1306 qua:
364 1238 560 1293 mentis
610 1239 862 1292 virtutem
908 1239 1189 1297 inimicitia
1214 1243 1461 1311 evigilat,
1496 1250 1550 1297 et
1581 1244 1763 1298 carnis

207 1325 489 1381 libidinem
519 1342 626 1382 non
655 1327 951 1384 inflammat
972 1331 1150 1401 :sicut
1172 1332 1336 1385 multa
1360 1332 1540 1387 carnis
1562 1344 1764 1387 macta-

209 1415 311 1480 tio,
347 1431 454 1469 non
487 1417 762 1473 lmmiliter
811 1428 866 1478 et
908 1416 1141 1477 discrete
1182 1422 1322 1476 facta
1354 1423 1535 1477 carnis
1580 1432 1762 1477 motus

204 1506 403 1560 incitat
447 1517 666 1577 propter
701 1499 903 1565 elatum
940 1526 1153 1579 sapere,
1191 1513 1337 1577 licet,
1381 1513 1653 1567 humiliter
1678 1513 1761 1583 je-

198 1594 545 1666 junantibus,
564 1600 665 1654 hoc
681 1600 855 1671 ipsum
876 1618 940 1656 ex
960 1604 1140 1656 divina
1168 1604 1505 1671 providentia
1536 1612 1760 1660 sanctus

201 1686 369 1742 Pater
409 1689 695 1757 similiter,
749 1692 1072 1763 quandoque
1119 1696 1432 1765 contingere
1476 1696 1663 1750 dicat:
1701 1704 1760 1749 ut

201 1776 445 1847 perfecte
475 1779 841 1843 bumiliemur,
881 1791 936 1837 et
982 1798 1090 1837 non
1123 1784 1460 1840 conﬁdamus
1492 1786 1546 1839 in
1577 1787 1755 1853 operi-

1868 610 2013 664 Deus
2039 619 2121 663 est
2146 609 2363 672 animae,
2398 608 2499 661 hoc
2532 608 2711 661 anima
2743 615 2889 661 esset
2931 608 3169 675 corpori,
3204 623 3419 663 omnem

1867 718 1896 755 a
1928 718 1986 756 se
2011 702 2399 755 animalitatem
2427 707 2482 753 et
2511 698 2829 753 feralitatem
2860 698 3125 768 repellens
3144 738 3160 762 ,
3197 707 3251 753 ct
3278 700 3424 768 quod

1868 792 1977 847 Deo
2025 793 2261 846 amicum
2307 800 2389 846 est
2430 800 2483 844 et
2529 790 2915 858 beneplacitum
2965 804 3213 859 quaerens
3247 798 3303 845 et
3342 799 3425 845 te-

1869 897 2025 946 nens,
2058 882 2191 935 nihil
2222 868 2606 936 incenveniens
2620 890 2677 935 et
2704 881 2943 935 deforme
2956 888 3051 934 aut
3071 879 3423 934 inhonestum

1865 982 2061 1028 contra
2089 989 2147 1027 se
2178 972 2469 1043 przevalere
2498 973 2855 1041 permitteret,
2874 979 2927 1025 et
2951 971 3127 1025 odiret
3158 972 3424 1040 superbiae

1863 1065 2108 1129 malum,
2160 1072 2216 1117 et
2268 1064 2435 1116 altum
2486 1078 2671 1132 sapere
2725 1062 2963 1133 fugeret,
3016 1071 3071 1116 et
3127 1062 3421 1117 humilibus

1863 1156 2213 1211 consentiret.
2242 1154 2394 1209 Tenet
2412 1172 2490 1209 me
2523 1157 2783 1209 vehemens
2835 1156 3141 1209 admiratio.
3178 1154 3253 1208 Eo
3275 1157 3419 1223 quod

1862 1249 2035 1302 multo
2078 1248 2249 1301 levius
2296 1256 2381 1302 est
2422 1248 2488 1301 ad
2540 1246 2947 1316 exsequendum
3010 1246 3265 1301 contrarii
3297 1261 3420 1299 cor-

1863 1340 2045 1409 ruptio
2072 1354 2234 1408 quam
2268 1338 2461 1401 virtus,
2504 1338 2727 1391 zelabile
2773 1337 2988 1407 quidem
3020 1347 3074 1391 et
3115 1346 3418 1407 promptum

1862 1432 2135 1499 negotium
2187 1438 2271 1484 est
2315 1429 2437 1482 filiis
2491 1429 2795 1491 hominum,
2831 1429 3174 1495 animalitas;
3223 1440 3277 1483 et
3303 1430 3423 1485 ideo

1860 1520 2064 1574 dictum
2118 1531 2201 1575 est
2246 1523 2325 1575 eis
2384 1538 2399 1575 :
2471 1518 2599 1573 Filii
2646 1522 2941 1587 hominum,
2971 1538 3232 1591 usquequo
3277 1524 3423 1592 gravi

1860 1608 2013 1662 corde
2034 1608 2113 1659 ³⁹⁴ἔ
2137 1620 2186 1662 ει
2212 1610 2403 1661 iterum
2430 1627 2443 1661 :
2484 1607 2588 1678 Ego
2613 1608 2723 1661 dixi
2739 1609 2795 1660 in
2818 1624 3030 1662 excessu
3063 1627 3173 1663 meo
3194 1626 3212 1663 :
3243 1610 3422 1665 Omnis

1859 1697 2013 1750 homo
2043 1697 2267 1751 mendax
2288 1698 2353 1749 ‘°.
2395 1696 2559 1761 ὃςιιιε,
2587 1696 2660 1749 nil
2695 1697 2769 1750 ita
2796 1697 2945 1760 leve,
2985 1704 3042 1750 ut
3080 1698 3194 1751 fieri
3221 1697 3420 1751 malos.

1862 1789 2078 1844 etiamsi
2114 1805 2219 1843 non
2247 1788 2408 1843 fuerit
2429 1790 2494 1843 ad
2514 1789 2772 1842 malitiam
2803 1782 3206 1867 nosquisqnam
3230 1802 3417 1856 agens,

205 1867 314 1921 bus
343 1872 564 1923 nostris.
597 1868 669 1923 lli
698 1871 907 1940 quidem
943 1874 1033 1943 qui
1078 1890 1307 1943 superna
1348 1876 1583 1943 sapiunt.
1618 1852 1754 1930 Sine
1790 1852 1831 1908 Β
1858 1879 1963 1934 hoc
1992 1880 2136 1933 enim
2158 1888 2243 1939 est
2261 1880 2406 1950 quod
2443 1879 2675 1933 maxime
2716 1852 3073 1933 circumvenit
3098 1852 3415 1939 bonitatem,

198 1958 405 2011 virtute
428 1959 576 2012 enim
600 1969 653 2013 et
680 1960 800 2016 sine
823 1961 1109 2031 sapientia,
1140 1978 1299 2018 nemo
1330 1963 1531 2019 salvari
1558 1972 1752 2033 potest.

202 2045 362 2103 Unde
415 2050 596 2105 omnis
639 2051 731 2121 qui
777 2050 967 2108 salutis
1008 2054 1069 2107 iit
1106 2054 1401 2123 particeps,
1459 2069 1755 2123 supernam

199 2138 572 2194 haereditatem
618 2151 739 2195 actu
784 2156 879 2198 seu
905 2145 1354 2215 contemplatione
1382 2146 1611 2201 sortitur
1651 2164 1665 2199 :
1699 2157 1754 2201 et

196 2228 351 2283 aliud
396 2230 634 2285 medium
682 2248 789 2287 non
824 2242 928 2289 est.
974 2234 1077 2301 Qui
1122 2251 1253 2307 ergo
1298 2238 1537 2307 neglecta
1572 2237 1751 2292 divina

194 2320 536 2388 summitate,
554 2325 761 2393 seipsos
788 2325 855 2378 ad
876 2326 1122 2394 corporis
1146 2326 1750 2394 aliectiouesinclinant,

191 2421 295 2466 aut
318 2413 408 2481 qui
436 2408 663 2467 viriliter
681 2424 734 2469 et
760 2415 1023 2472 hostiliter
1042 2426 1228 2471 contra
1252 2417 1381 2490 vitia
1402 2430 1455 2473 et
1479 2417 1753 2491 daemones

189 2516 442 2577 pugnare
486 2514 739 2559 recusant
772 2521 789 2560 :
817 2507 1076 2562 abstracti
1117 2519 1173 2562 et
1217 2508 1379 2563 illecti
1405 2524 1435 2563 a
1482 2511 1749 2579 corporali

188 2594 399 2665 quiete,
437 2610 530 2661 per
571 2599 1026 2667 segregationem,
1052 2615 1082 2654 a
1115 2600 1314 2655 virtute
1345 2602 1597 2656 deorsum
1630 2617 1751 2671 per-

186 2695 350 2757 gunt.
400 2686 580 2753 Quare
629 2692 815 2744 aeterni
877 2693 1028 2761 regni
1089 2692 1405 2761 possessio,
1465 2693 1597 2748 solis
1650 2693 1747 2762 qui

185 2792 427 2851 superna
457 2782 675 2849 sapiunt
703 2781 864 2836 datur
899 2800 912 2836 :
938 2796 1037 2836 nec
1068 2791 1151 2837 est
1183 2792 1445 2837 statutum
1487 2786 1612 2840 filiis
1653 2786 1747 2840 ho—

183 2864 397 2920 minum
444 2867 681 2923 medium
712 2869 858 2923 aliud
894 2870 1114 2935 salutis,
1152 2886 1315 2941 quam
1356 2887 1451 2942 per
1492 2873 1742 2929 virtutem

181 2965 242 3010 et
295 2955 585 3011 scientiam.
634 2972 865 3028 superna
916 2974 1127 3028 sapere.
1180 2960 1358 3027 Quare
1411 2956 1552 3017 sicut
1606 2964 1747 3019 inter

178 3048 483 3104 morientes
538 3050 592 3103 in
645 3050 790 3106 vitiis
841 3059 895 3105 et
925 3043 1191 3121 pecuniis,
1236 3062 1291 3108 et
1336 3054 1626 3123 migrantes
1676 3056 1744 3111 ad

1858 1969 2185 2038 malignitas,
2233 1985 2415 2023 rarum
2450 1969 2723 2039 negotium
2757 1969 3035 2039 possessio
3078 1970 3228 2029 boni,
3265 1979 3319 2022 et
3347 1967 3416 2021 ad

1855 2059 2076 2113 bonum.
2132 2059 2487 2114 Attendentes
2536 2061 2717 2129 pauci,
2775 2061 3025 2130 quamvis
3071 2060 3296 2114 multum
3347 2059 3418 2113 sit

1853 2150 1996 2218 quod
2033 2150 2260 2203 advocat
2290 2158 2345 2204 et
2385 2150 2548 2203 trahit
2597 2150 2663 2202 ad
2705 2150 2867 2202 istud.
2913 2148 2978 2203 Et
3014 2149 3118 2203 hoc
3162 2157 3246 2203 est
3270 2148 3414 2217 quod

1852 2242 2079 2313 Agguazs
2115 2244 2373 2312 propheta
2398 2244 2550 2301 ,dicit
2587 2262 2600 2297 :
2646 2242 2973 2311 Interrogata
3013 2242 3304 2296 sacerdotes
3351 2241 3417 2294 de

1850 2334 1979 2405 lege,
2014 2346 2189 2388 utrum
2217 2352 2343 2387 caro
2387 2336 2722 2405 sanctiﬁcata
2760 2336 3053 2402 sanctiﬁcet
3090 2334 3158 2386 δ’.
3190 2333 3252 2388 Ει
3281 2349 3415 2387 con-

1851 2435 2140 2492 Sequenter
2165 2424 2481 2489 ostendens,
2506 2426 2630 2493 quia
2666 2423 2951 2478 diﬁiculter
2994 2432 3078 2477 est
3114 2416 3415 2491 apprehen-

1850 2514 2006 2569 sibile
2038 2514 2236 2569 bonum
2287 2514 2535 2567 humana.-
2581 2523 2807 2578 naturm,
2859 2524 3113 2581 tanquam
3158 2513 3316 2580 ignis,
3358 2513 3410 2564 in

1848 2620 2055 2674 aquosa
2082 2615 2137 2658 et
2173 2605 2395 2658 humida
2441 2605 2664 2658 materia
2700 2618 2715 2655 :
2752 2604 2922 2671 parati
2969 2610 3147 2655 autem
3183 2603 3247 2655 ad
3283 2602 3408 2654 mali

1847 2692 2315 2763 participationem
2366 2701 2493 2747 sunt
2537 2690 2786 2761 plurimi,
2833 2689 2975 2743 sicut
3020 2688 3220 2757 stipula
3258 2701 3408 2755 qtae-

1847 2783 1990 2849 dam,
2024 2799 2053 2837 a
2092 2783 2325 2837 scintilla
2364 2783 2504 2852 ignis
2531 2793 2585 2836 et
2618 2790 2779 2836 vento
2809 2794 3038 2835 accensa
3076 2790 3129 2832 et
3151 2793 3409 2832 consum-

1847 2884 1956 2942 pta.
1977 2872 2143 2927 Solvit
2165 2883 2343 2927 tamen
2372 2872 2533 2927 Pater
2555 2872 2928 2942 quaestionem,
2948 2872 3012 2923 ad
3031 2868 3406 2940 mysteriorum

1846 2973 2053 3018 secreta
2104 2963 2431 3033 speculanda
2483 2978 2581 3016 nos
2634 2962 2916 3015 inducens.
2976 2958 3064 3013 Ait
3104 2973 3233 3027 ergo
3288 2976 3301 3011 :
3350 2956 3407 3010 Si

1845 3054 2025 3106 omnia
2082 3038 2264 3107 creata
2316 3061 2537 3108 servant
2585 3064 2638 3105 et
2680 3051 3045 3118 habentquod
3090 3050 3411 3103 naturaliter

178 3135 359 3192 Deum
413 3156 537 3193 cutn
591 3141 877 3197 virtutibus
928 3152 984 3197 et
1019 3144 1301 3209 chat'ilale,
1347 3156 1432 3201 est
1479 3156 1735 3212 statuere,
1769 3152 1813 3209 ο
1846 3150 2171 3210 acceperunt
2204 3142 2257 3194 in
2284 3142 2579 3203 creatione,
2603 3139 2877 3208 quomodo
2902 3140 3082 3203 homo,
3105 3139 3196 3207 qui
3231 3140 3408 3207 imago

176 3230 253 3285 ad
316 3231 686 3299 paenitentiam
762 3231 929 3287 Deum
1012 3235 1375 3303 placandum,
1462 3237 1747 3291 cohabita—

177 3320 353 3375 tionis
421 3322 679 3389 medium,
736 3324 829 3379 sed
906 3332 1106 3380 acterna
1190 3327 1433 3397 utrisque
1506 3328 1747 3385 redditur

178 3412 404 3467 mansio
440 3415 736 3469 secundum
779 3417 1120 3486 operationes
1161 3430 1213 3473 et
1243 3420 1451 3475 merita.
1500 3422 1745 3491 Quapro—

175 3514 308 3572 pter
348 3513 571 3558 sanctus
596 3503 726 3559 dicit
757 3523 772 3562 :
803 3503 907 3572 Qui
938 3522 1169 3577 superna
1200 3510 1438 3579 sapiunt,
1481 3512 1745 3581 segregati

174 3607 206 3646 a
241 3592 393 3650 vitiis
424 3605 480 3650 et
518 3610 748 3665 corpore
795 3598 1214 3665 particulariter.
1260 3616 1289 3654 a
1340 3611 1519 3656 mente
1561 3612 1612 3657 et
1661 3603 1744 3657 af-

173 3684 329 3741 fectu
361 3687 428 3741 ad
460 3688 699 3744 caelestia
733 3690 963 3745 redeunt
994 3710 1008 3745 :
1039 3692 1132 3761 qui
1160 3708 1287 3747 vero
1309 3702 1437 3747 sunt
1465 3694 1740 3759 deorsum,

166 3777 232 3837 id
266 3786 369 3839 est,
410 3780 505 3849 qui
555 3780 610 3834 in
643 3782 881 3850 peccatis
927 3792 981 3837 et
1022 3784 1168 3838 vitiis
1225 3796 1637 3847 conversantur,
1674 3788 1741 3841 ad

171 3866 413 3935 inferos,
449 3885 732 3939 partarum
774 3872 916 3935 loca,
956 3872 1310 3941 descendunt,
1344 3892 1442 3930 nec
1473 3878 1604 3945 ipsis
1628 3893 1741 3932 me-

171 3963 333 4019 dium
369 3964 439 4018 ad
489 3964 741 4020 meritum
784 3968 1017 4037 amplius
1071 3969 1357 4024 tribuetur.
1398 3969 1536 4024 Dicit
1572 3971 1736 4026 etiam

170 4057 325 4125 quod
361 4072 529 4111 unum
585 4068 889 4115 creatorum
929 4060 985 4115 in
1042 4061 1252 4127 altero,
1301 4062 1354 4115 id
1402 4075 1524 4126 est,
1559 4064 1735 4117 anima

170 4148 463 4205 rationalis
485 4150 540 4203 in
560 4165 802 4220 corpore,
829 4154 1035 4224 accepit
1062 4169 1204 4219 esse,
1231 4162 1422 4221 etest;
1457 4156 1732 4219 nimirum,

168 4241 308 4311 quia
357 4256 388 4296 a
443 4257 669 4311 corpore
722 4254 967 4313 separata
1021 4246 1234 4310 anima,
1280 4256 1528 4300 naturam
1575 4247 1737 4301 habet

170 4334 229 4386 in
261 4334 559 4402 semetipsa
596 4334 829 4404 perfecte
876 4337 1205 4403 consistere,
1239 4338 1546 4407 relinquens
1577 4340 1734 4394 nobis

169 4426 453 4494 inquirere
506 4441 675 4495 quare
728 4429 909 4482 anima
962 4428 1131 4498 pejori
1175 4429 1421 4503 colligata
1468 4440 1574 4495 est,
1604 4433 1729 4499 quia

165 4526 226 4570 et
259 4516 362 4570 hoc
391 4504 569 4585 ipsum
613 4532 734 4571 cum
776 4518 1027 4586 pnedieta
1074 4518 1301 4584 ratione,
1340 4536 1508 4589 quare
1549 4522 1729 4575 anima

164 4622 296 4663 cum
334 4623 500 4663 carne
540 4607 701 4677 ligata
727 4619 829 4673 est,
860 4618 987 4663 sunt
1014 4608 1129 4664 ista:
1161 4628 1176 4665 :

238 4697 429 4754 Primo
457 4709 515 4754 ut
535 4716 631 4770 per
658 4716 882 4771 agonem
910 4711 963 4756 et
985 4702 1181 4757 luctam
1217 4712 1402 4757 contra
1432 4704 1657 4759 visibilia
1678 4715 1733 4759 et

161 4790 642 4860 concupiscibilia,
692 4790 916 4862 gloriam
959 4790 1281 4860 promissam
1310 4791 1584 4846 haereditet
1624 4809 1639 4844 :
1679 4803 1732 4845 et

160 4882 532 4953 quasiaurum
548 4883 602 4937 in
621 4869 861 4979 fornace,‘
882 4884 1401 4949 tribulationib_us,et
1426 4882 1733 4938 tentationi-

160 4975 273 5029 bus
293 4982 350 5027 et
364 4972 640 5027 doloribus
659 4972 918 5037 cruciata,
938 4973 1179 5027 bravium
1198 4973 1456 5027 virtutum
1477 4972 1723 5041 accipiat.

162 5063 278 5119 Sed
307 5072 363 5118 et
396 5065 499 5119 hoc
522 5063 581 5118 ﬁt
612 5080 676 5118 ex
702 5078 914 5118 summa
951 5062 1046 5118 Dei
1076 5064 1341 5126 bonitate,
1374 5064 1463 5135 qui
1487 5065 1726 5134 disponit

160 5162 226 5207 ut
291 5170 398 5208 non
458 5163 665 5209 tantum
725 5168 827 5207 suo
879 5154 1023 5208 dono
1068 5163 1123 5210 et
1174 5157 1345 5226 gratia
1395 5155 1725 5224 accipiamus

158 5254 409 5315 sperata,
442 5247 688 5317 quinimo
732 5253 786 5300 et
819 5246 1083 5302 electione
1106 5248 1407 5302 voluntaria
1446 5255 1499 5301 et
1526 5262 1723 5319 c00pe-

157 5336 380 5391 ratione
406 5337 558 5392 liberi
589 5338 797 5393 arbitrii
830 5338 1041 5405 nostri,
1071 5338 1302 5411 benigne
1332 5348 1573 5393 nostrum
1607 5342 1719 5396 ﬁeri

156 5424 343 5479 voluit
370 5425 516 5493 quod
544 5427 744 5481 bonum
774 5434 829 5480 et
848 5440 1009 5479 suum
1032 5438 1134 5482 est.
1165 5426 1434 5489 Secundo,
1475 5436 1552 5493 ut,
1576 5431 1721 5497 quod

156 5517 319 5587 pejus
361 5524 446 5570 est
492 5517 563 5587 (id
610 5527 695 5573 est
742 5518 981 5585 carnem)
1030 5520 1207 5573 anima
1259 5526 1472 5588 cogeret
1520 5523 1721 5576 servire

160 5607 404 5679 spiritui,
442 5616 496 5661 et
522 5609 775 5665 omnibus
819 5609 1169 5664 sensibilibus
1209 5610 1567 5680 superposita,
1602 5611 1717 5667 dis-

158 5698 400 5757 solveret
429 5707 482 5753 et
510 5698 832 5766 destrueret,
873 5717 1086 5756 omnem
1120 5704 1633 5773 concupiscentiam,
1659 5714 1713 5761 et

1847 3230 1941 3285 Dei
1993 3233 2133 3285 inter
2201 3242 2480 3285 creaturas
2529 3242 2645 3295 est,
2700 3233 2850 3285 carni
2890 3230 3224 3295 corruptilli
3271 3244 3404 3282 con-

1838 3324 2059 3393 junctus
2084 3325 2211 3377 cst?
2240 3323 2488 3387 subaudi,
2533 3325 2660 3392 quia
2705 3322 3071 3392 peroliberum
3116 3320 3409 3375 arbitrium

1847 3404 2164 3480 limior-atus,
2227 3416 2391 3470 Deum
2448 3415 2823 3481 inhonoravit,
2878 3430 2975 3469 nec
3042 3422 3221 3468 servat
3258 3412 3406 3482 quod

1847 3508 2057 3577 accepit
2092 3508 2145 3561 in
2170 3508 2479 3561 conditione
2501 3518 2556 3561 et
2587 3507 2817 3571 factura,
2853 3506 2946 3560 sed
2976 3505 3064 3559 Dei
3096 3503 3407 3557 adversario

1844 3614 2000 3653 suum
2034 3600 2250 3653 tradidit
2281 3599 2667 3668 principatum,
2703 3598 2811 3652 Deo
2847 3597 3161 3651 inobcdiens
3184 3595 3359 3650 factus
3386 3612 3420 3651 ιο

1846 3691 1967 3744 ideo
2018 3691 2262 3743 lucralur
2306 3700 2559 3749 mortem,
2607 3699 2666 3742 ut
2713 3689 2839 3741 odio
2872 3689 3068 3752 habeat
3099 3696 3405 3755 peccatum,

1841 3794 1894 3835 et
1920 3782 2080 3836 finem
2127 3782 2359 3850 accipiat
2382 3783 2606 3844 malum,
2645 3790 2699 3834 ct
2728 3780 2786 3833 ﬁt
2816 3772 3139 3849 benignitas,
3170 3778 3400 3846 punitio,

1840 3873 1987 3941 quia,
2024 3872 2204 3924 taliter
2243 3870 2516 3925 adhaerere
2560 3872 2687 3937 Deo,
2734 3871 3000 3924 eruditur.
3045 3869 3182 3934 Quia
3246 3882 3397 3935 ergo,

1840 3977 1936 4031 per
1992 3970 2313 4031 peccatum,
2385 3976 2495 4015 non
2570 3978 2689 4016 sum
2758 3961 2887 4015 illud
2951 3960 3092 4029 quod
3150 3959 3403 4013 conditus

1836 4068 1959 4107 sum
2005 4068 2019 4105 :
2080 4053 2201 4107 ideo
2239 4054 2677 4123 concupiscentia
2719 4062 2774 4108 et
2807 4052 3106 4124 ignorantia
3154 4052 3398 4120 plagatus

1835 4163 1955 4201 sum
1984 4187 2000 4212 ,
2039 4157 2093 4200 et
2134 4147 2512 4202 insatiabiliter
2557 4159 2749 4217 appeto
2791 4158 2843 4202 et
2883 4145 3207 4213 concupisco
3252 4146 3397 4213 quod

1837 4239 2034 4292 malum
2069 4248 2170 4292 est.
2217 4236 2320 4291 Sed
2358 4240 2483 4306 quia
2524 4241 2689 4293 semel
2735 4241 2955 4307 punitus
2995 4253 3113 4290 Slllll
3138 4276 3152 4297 ,
3186 4246 3241 4289 et
3269 4252 3399 4289 ern-

1833 4332 1955 4385 dior
1985 4329 2225 4399 quotidie
2248 4329 2581 4400 ﬁagellis,'et
2610 4331 2730 4394 hoc,
2760 4344 2825 4382 nc
2850 4329 3215 4383 damnationis
3237 4338 3394 4383 tuter-

1835 4438 1917 4476 na:
1939 4422 2201 4491 judicium
2229 4423 2526 4487 incurram,
2559 4433 2610 4475 et
2646 4423 2732 4474 Dei
2759 4422 2979 4475 verbum
3008 4423 3073 4477 ad
3106 4412 3191 4476 me
3217 4426 3391 4491 (suam

1832 4514 2143 4584 imaginem)
2174 4517 2318 4569 venit
2352 4526 2409 4569 ut
2442 4516 2673 4568 salvaret
2700 4515 3007 4595 {imaginem
3031 4558 3045 4582 ,
3088 4525 3143 4569 et
3174 4530 3389 4569 carnem

1831 4610 2032 4665 faceret
2054 4610 2433 4670 immortalem,
2456 4617 2509 4661 et
2532 4608 2757 4675 gratiam
2786 4619 2839 4662 et
2870 4619 3184 4679 potestatem
3208 4606 3387 4669 dedit,

1831 4712 1891 4757 ut
1922 4703 2102 4757 fierem
2132 4712 2183 4756 et
2210 4717 2383 4754 essem
2406 4700 2558 4753 lilius
2598 4699 2689 4755 Dei
2733 4709 2787 4755 et
2829 4701 3041 4755 hmres:
3085 4697 3389 4753 excusatio-

1832 4811 1956 4849 nem
1986 4810 2093 4848 non
2130 4794 2299 4846 habeo
2328 4793 2371 4845 si
2403 4792 2577 4861 ipsum
2618 4810 2723 4847 non
2764 4807 2963 4861 sequor
2985 4832 3001 4856 ,
3036 4791 3082 4845 si
3111 4790 3175 4841 ad
3210 4789 3387 4856 ipsum

1834 4900 1942 4941 non
1982 4884 2218 4954 aspicio,
2262 4883 2305 4936 si
2347 4886 2411 4936 ad
2457 4884 2629 4954 ipsum
2672 4900 2737 4938 ex
2769 4893 2883 4937 toto
2913 4881 3074 4937 corde
3111 4887 3164 4932 et
3194 4878 3386 4933 aﬁectu

1830 4980 2082 5035 continue
2104 4992 2208 5030 non
2233 4978 2433 5047 aspiro,
2458 4978 2584 5047 quia
2609 4979 2723 5047 ipse
2746 4988 2829 5032 est
2856 4975 2995 5029 Dens
3019 4988 3176 5027 verus
3200 4982 3254 5027 ct
3277 4976 3385 5028 vita

1829 5082 2050 5127 aeterna.

1896 5164 2067 5219 Sicuti
2081 5165 2227 5217 varia
2244 5174 2362 5217 sunt
2382 5164 2725 5217 humanorum
2744 5160 3013 5228 oculorum
3035 5160 3257 5214 lumina.
3287 5159 3381 5213 llic

1826 5243 2015 5314 ndvem
2041 5258 2371 5312 dili‘erentias
2401 5266 2454 5310 et
2484 5255 2769 5308 varietates
2802 5252 3233 5307 obumbrationis
3265 5266 3381 5317 gra-

1826 5349 1912 5402 tiae
1938 5346 2233 5415 spiritualis
2268 5345 2381 5401 ﬁeri
2418 5360 2447 5397 a
2477 5343 2693 5395 Christo
2724 5341 2777 5394 in
2822 5342 3003 5395 anima
3043 5356 3163 5409 qua:
3208 5336 3383 5420 Deum-

1824 5437 2014 5506 diligit,
2042 5448 2244 5493 narrat.
2273 5438 2507 5491 Primam
2532 5450 2659 5487 vero
2685 5434 2835 5499 dicit,
2857 5450 2976 5503 quae
3000 5434 3054 5485 lit
3081 5445 3174 5498 per
3204 5429 3377 5497 lacry—

1827 5542 1941 5580 mas
1979 5528 2297 5597 corporales
2340 5528 2392 5579 in
2434 5523 2625 5593 spiritu
2676 5518 3131 5583 conturbationis;
3176 5533 3377 5572 secun-

1823 5613 1943 5665 dam
1963 5656 1977 5680 ,
2019 5631 2139 5685 qua:
2164 5614 2222 5667 ﬁt
2252 5628 2344 5683 per
2369 5612 2635 5683 lacr.ytnas
2665 5610 2964 5666 devotionis
2987 5615 3040 5659 ct
3071 5605 3272 5659 amoris
3306 5607 3375 5660 ad

1824 5705 1990 5761 Deum
2019 5748 2034 5772 ,
2074 5722 2209 5777 quas
2253 5705 2561 5775 spirituales
2587 5713 2771 5768 vocat,
2810 5712 2862 5757 ct
2891 5702 2993 5755 hoc
3021 5700 3078 5754 lit
3103 5700 3159 5755 in
3183 5698 3377 5770 spiritu

234 5831 283 5864 "'
312 5829 498 5896 Matth,
539 5847 631 5897 xx,
664 5832 716 5887 6.
793 5833 837 5865 ³⁹
898 5833 1037 5891 l’sal.
1096 5838 1243 5901 tv,5.
1320 5837 1364 5868 ⁸ο
1423 5834 1713 5905 I’sal.cxv,

1906 5842 1944 5873 δ’
1986 5839 2120 5911 Agg.
2161 5854 2220 5907 ιι,
2262 5838 2347 5895 15.
