4032 6340
650 380 786 442 12ἱ3

1755 379 1814 437 S.
1857 378 2173 440 JDANNIS
2213 381 2721 443 RAITHUENSIS

3730 368 3860 447 tati

650 489 893 560 pit-tatis;
940 485 1151 540 tertiam
1183 484 1310 538 dicit
1356 500 1474 554 ane
1509 485 1567 537 lit
1615 499 1707 553 per
1745 484 1934 561 oculos
1966 485 2209 554 corporis
2240 498 2281 555 Α
2310 487 2479 543 sative
2515 489 2869 558 relinquimur
2900 499 2957 543 ut
2989 499 3297 545 tentemur:
3330 491 3478 561 quod
3511 491 3588 547 sol
3617 496 3860 563 cognovit

648 581 865 652 quando
899 595 991 645 per
1026 595 1087 632 ea
1139 595 1257 646 qtue
1303 580 1549 631 videntur
1578 578 1642 631 ad
1692 581 2123 646 cognoscendum
2155 590 2209 633 et

648 674 972 730 laudandum
1022 670 1276 724 factorem
1310 656 1546 724 isnrsnm
1599 671 1811 742 agimur
1858 681 1911 724 et
1945 673 2205 736 levantur,

572 788 576 793 ’
647 766 946 822 secundum
972 763 1285 831 Apostolnm
1310 780 1323 826 ;
1358 772 1604 830 quartam
1633 778 1760 815 vero
1782 764 1913 817 dicit
1943 780 2060 817 eam
2089 780 2210 833 qua:

646 862 727 906 est
759 869 851 922 per
882 854 1268 905 intellectuales
1294 852 1479 905 oculos
1502 892 1517 911 .
1555 854 1808 919 quouiatn
1841 863 2023 906 noster
2052 853 2210 906 intel-

648 948 816 1002 lectus
860 948 1211 1015 intelligentia
1267 946 1681 1015 intclligibilium
1737 945 2103 1014 illuminatur,
2158 957 2211 1002 ct

648 1056 712 1093 ex
750 1039 895 1093 nullo
926 1040 1320 1101 etsistentium,
1358 1038 1450 1091 sed
1480 1039 1658 1107 ignoto
1691 1038 1865 1091 solum
1892 1041 2037 1092 circa
2070 1037 2211 1092 divi-

647 1149 714 1185 na
742 1142 1006 1184 movetur.
1031 1130 1179 1183 Illam
1214 1144 1341 1183 vero
1372 1142 1492 1195 qua:
1523 1129 1580 1179 lit
1602 1143 1667 1179 ex
1703 1128 1887 1200 auditu
1914 1128 2059 1181 verbi
2084 1128 2210 1181 illu-

645 1222 1031 1282 tniuationem,
1078 1235 1139 1271 ιιι
1189 1217 1328 1280 title,
1371 1218 1424 1271 in
1470 1216 1594 1270 fidei
1635 1227 1794 1285 gustu
1841 1216 2033 1270 iactam
2079 1219 2210 1272 dicit

640 1326 767 1365 cum
836 1310 1272 1383 inanil'estatione
1350 1309 1565 1378 aliqnali
1621 1310 1997 1379 mysteriorum
2074 1310 2203 1367 Dei:

640 1418 764 1472 qua:
794 1419 918 1456 vero
942 1413 1021 1456 est
1054 1414 1085 1453 ιι
1112 1417 1169 1453 se
1210 1411 1379 1463 mota,
1415 1400 1468 1453 in
1501 1400 1681 1456 anima
1703 1440 1717 1463 ,
1754 1399 2077 1465 exsultatio",
2118 1403 2207 1458 illa

640 1506 725 1550 est
747 1536 761 1557 ,
796 1497 862 1548 de
890 1510 994 1561 qua
1027 1492 1261 1546 Joannes
1289 1490 1456 1545 dicit:
1496 1493 1634 1556 Quia
1666 1495 1840 1547 unctio
1868 1495 1979 1563 ejus
2006 1495 2209 1549 docebit

597 1572 601 1576 ’
642 1604 736 1640 nos
774 1587 837 1639 de
877 1587 1113 1638 omnibus
1154 1586 1219 1638 δ’.
1272 1584 1403 1665 Eam
1438 1594 1615 1637 autem
1650 1600 1769 1653 qua:
1816 1600 1879 1639 ex
1912 1588 2208 1643 remotione

641 1678 1026 1746 cogitationum
1082 1686 1202 1737 est,
1235 1676 1616 1729 discretionem
1665 1677 1795 1731 dicit
1838 1688 1894 1732 et
1942 1680 2207 1735 servatio-

644 1788 765 1826 nent
801 1811 827 1834 ,_
873 1786 996 1823 cum
1044 1769 1386 1837 susceptione
1442 1768 1637 1821 divina)
1690 1770 2101 1824 illuminationis
2155 1780 2209 1825 et

2306 580 2562 645 diluculo,
2586 582 2637 635 id
2665 590 2767 646 est,
2791 581 2962 635 taliter
3002 597 3100 636 nos
3122 582 3412 653 intelligere
3435 582 3562 638 fecit
3600 583 3707 638 hoc
3737 584 3858 638 utile

2307 671 2462 727 nobis
2490 687 2628 734 esse,
2649 674 2774 742 quia
2796 683 2915 742 post
2939 676 3133 729 multas
3163 674 3635 730 obtenebrationes
3664 675 3855 732 mentis

2305 768 2355 811 et
2388 759 2640 812 avaritias
2679 769 2734 812 et
2760 761 3007 814 crudeles
3037 761 3289 814 vitiorum
3330 770 3385 815 et
3429 761 3735 819 daemonum
3766 778 3855 831 pu-

2307 865 2459 917 gnas,
2485 849 2683 916 alllicti,
2704 861 2992 905 mmrcntes
3011 860 3065 906 et
3089 851 3376 918 humiliati,
3402 852 3561 907 iidem
3578 855 3857 910 incitamur

2307 954 2337 993 a
2369 942 2537 1010 gratia
2557 981 2571 1007 ,
2605 951 2659 995 ct
2688 942 2741 995 in
2774 943 2931 997 nobis
2959 944 3196 998 roborati
3231 943 3532 1004 ﬁrmamur.
3571 943 3708 999 Cum
3738 959 3855 1000 vero

2306 1032 2507 1087 emlesti
2536 1035 2965 1096 conversatione,
2989 1050 3084 1103 per
3120 1037 3379 1090 virtutum
3406 1036 3668 1100 habitum,
3697 1036 3853 1106 agiles

2306 1134 2360 1177 et
2388 1124 2551 1182 leves.
2584 1142 2611 1178 a
2644 1127 2872 1179 terrenis
2904 1115 3132 1196 elongati
3174 1123 3473 1191 fuerittius,
3503 1138 3628 1182 tunc
3658 1128 3853 1183 sedebit

2310 1211 2603 1277 Dominus,
2639 1224 2692 1268 et
2721 1216 3025 1284 requiescet
3055 1218 3106 1269 in
3138 1217 3461 1285 corporibus
3496 1226 3549 1272 et
3580 1217 3854 1272 animabus

2308 1304 2541 1369 nostris,
2581 1315 2633 1359 et
2678 1322 2707 1359 a
2746 1302 2983 1376 perfecta
3025 1307 3077 1360 in
3124 1308 3293 1383 nobis
3326 1309 3657 1364 habitatione
3688 1309 3854 1363 omnis

2309 1407 2491 1453 noster
2528 1410 2755 1457 conatus
2796 1410 2849 1455 et
2901 1416 3061 1455 omne
3117 1410 3361 1456 nostrum
3411 1402 3638 1456 mortale
3678 1414 3856 1469 sapere

2308 1490 2617 1559 absorptum
2661 1493 2728 1547 de
2771 1493 2945 1548 medio
2978 1494 3194 1548 tolletur
3217 1535 3230 1558 ,
3262 1501 3315 1547 et
3341 1501 3476 1548 tunc
3505 1508 3628 1546 vere
3658 1493 3855 1547 erimus

2310 1586 2403 1639 lilii
2430 1585 2553 1649 Dei,
2595 1602 2816 1657 regnum
2856 1598 2910 1642 et
2946 1590 3308 1643 sacerdotium
3340 1586 3481 1655 ejus.
3517 1586 3855 1653 Qua'rcttdttm

2310 1693 2423 1731 vero
2456 1679 2603 1732 nobis
2630 1690 2727 1738 est.
2760 1690 2905 1748 quot,
2938 1679 3186 1750 quibusve
3234 1679 3427 1733 modis.
3465 1677 3519 1731 In
3550 1678 3669 1748 luga
3702 1679 3855 1732 forni-

2309 1770 2540 1822 cationis
2577 1781 2626 1823 et
2671 1771 2909 1824 omnium
2960 1772 3387 1843 impugnantium
3431 1770 3765 1830 castitatem.
3806 1771 3855 1823 in

639 1864 895 1919 scientizc.
947 1860 1075 1915 Eam
1108 1876 1235 1915 vero
1263 1877 1384 1928 quae
1425 1869 1509 1915 est
1540 1875 1605 1912 ex
1649 1860 1953 1914 obedientia
1986 1862 2201 1917 virtutis
2235 1854 2274 1911 B
2305 1859 2428 1929 fuga
2455 1861 2867 1915 delectationem
2910 1864 3046 1932 gula:
3085 1873 3138 1916 et
3178 1861 3421 1920 omnium
3466 1859 3856 1915 adversantium

640 1968 697 2011 et
732 1955 1078 2016 humilitatis,
1122 1968 1343 2007 sensum
1383 1950 1633 2019 intelligit
1658 1965 1815 2015 esse,
1862 1966 2023 2020 quem
2058 1951 2206 2007 vitiis

640 2058 695 2101 et
723 2046 922 2102 mundo
945 2044 1213 2105 cruciﬁxi,
1244 2059 1274 2097 a
1306 2046 1415 2097 Deo
1439 2049 1627 2104 nostro
1656 2038 1785 2097 Iesu
1814 2042 2032 2097 Christo
2061 2045 2205 2100 acci-

634 2139 813 2209 piunt,
838 2151 1140 2205 novamque
1168 2152 1258 2204 per
1281 2135 1537 2189 cxslasim
1569 2134 1784 2189 Christo
1809 2136 2027 2190 exhibet
2055 2152 2203 2191 men-

640 2241 748 2285 tem
774 2229 1238 2300 supernaturalem
1287 2227 1703 2281 abstraCtionem
1764 2228 1820 2282 in
1874 2227 2041 2283 Deum
2072 2267 2087 2294 ,
2123 2230 2206 2284 di-

635 2323 731 2385 cit,
764 2336 858 2391 per
888 2317 1223 2373 fortitudinis
1251 2317 1448 2370 divina:
1472 2318 1789 2385 patentiam,
1820 2317 2017 2372 factam
2046 2337 2059 2373 :
2087 2334 2207 2389 qua:

638 2410 936 2483 symbolice
985 2410 1037 2462 in
1087 2422 1288 2462 manna
1324 2407 1640 2481 abscondito
1667 2415 1722 2463 et
1754 2406 2204 2465 stélla'matutina

638 2503 928 2572 ﬁguratur,
965 2507 1018 2554 et
1047 2501 1186 2554 hanc
1212 2513 1372 2553 nemo
1400 2500 1550 2553 novit
1582 2499 1684 2552 nisi
1725 2501 1819 2569 qui
1853 2500 2071 2569 accipit.
2101 2499 2208 2554 Sa-

636 2594 782 2662 piens
809 2593 981 2661 itaque
1010 2592 1173 2660 magis
1201 2599 1259 2642 ut
1290 2600 1486 2643 matres
1516 2592 1779 2659 acquirat.
1808 2590 2004 2647 Matres
2033 2593 2204 2647 virtu-

641 2699 754 2742 tum
784 2687 935 2755 dicit,
964 2684 1326 2755 prudentiam,
1354 2683 1747 2748 fortitudinem,
1776 2687 2206 2757 temperantiam,

635 2777 901 2848 justitiam
926 2816 941 2841 ,
981 2777 1160 2840 tidem,
1196 2792 1348 2846 spem
1374 2816 1390 2840 ,
1431 2776 1899 2840 misericordiam,
1947 2775 2207 2831 obedien-

638 2870 769 2921 tiam
796 2907 811 2929 ,
846 2868 1230 2922 discretionem
1259 2906 1274 2929 ,
1316 2865 1677 2919 humilitatem
1705 2903 1719 2926 ,
1759 2877 1815 2919 et
1844 2866 2163 2920 charitatem
2188 2883 2205 2931 ;

640 2960 779 3015 tilias
811 2974 958 3022 vero,
987 2974 1082 3013 eas
1108 2973 1228 3027 qua
1253 2958 1504 3011 oriuntur
1530 2971 1595 3012 ex
1630 2956 1732 3010 his.
1764 2954 1868 3025 Qui
1898 2972 2001 3011 non
2026 2949 2209 3026 pitlsa-

640 3061 726 3105 tur
750 3049 918 3105 bellis.
966 3050 1068 3116 Qui
1107 3050 1297 3105 vicerit
1326 3049 1600 3103 daemones
1628 3047 1905 3118 plagantcs
1933 3058 1984 3103 et
2013 3065 2207 3118 pereu-

638 3143 832 3197 tientcs
865 3158 1012 3216 tam,
1040 3141 1264 3195 viriliter
1291 3141 1371 3195 eis
1421 3138 1725 3194 resistendo
1753 3149 1808 3193 et
1844 3126 2275 3238 repercutien-vc

640 3235 712 3287 do
737 3249 831 3289 eos
865 3240 1025 3302 atque
1058 3230 1345 3305 plagando,
1377 3229 1503 3284 licet
1526 3229 1803 3300 plagetur,
1832 3228 2200 3284 coronabitur.

641 3326 829 3397 Plagas
862 3341 1092 3395 namque
1125 3323 1355 3393 suscipit
1384 3322 1477 3391 qui
1506 3330 1778 3386 tentatur,
1806 3331 1861 3375 et
1889 3321 2073 3392 plagas
2104 3322 2206 3375 tri-

638 3420 758 3475 buit
785 3418 879 3488 qui
911 3416 1234 3471 tentationes
1267 3421 1514 3484 potenter
1550 3414 1831 3483 impugnat
1872 3423 1927 3469 et
1957 3415 2202 3485 repellit:

639 3511 735 3581 qui
767 3523 892 3564 vero
921 3506 1210 3570 consentit,
1244 3522 1349 3559 non
1380 3514 1586 3559 tantum
1610 3505 1881 3575 plagatnr,
1910 3507 2002 3559 sed
2039 3505 2207 3561 mori-

642 3613 753 3667 tur,
785 3610 837 3657 et
868 3616 974 3655 non
1005 3607 1341 3655 coronatur:
1374 3599 1467 3668 qui
1508 3611 1637 3653 vero
1675 3612 1781 3651 non
1813 3599 2103 3663 consentit,
2140 3614 2206 3652 ex

643 3692 783 3747 virili
832 3690 1171 3755 tesistentia,
1221 3690 1399 3758 plagat
1432 3690 1728 3759 daemones.
1775 3687 1956 3753 Quare
1990 3703 2209 3759 propter

642 3782 925 3851 angustias
974 3789 1027 3833 et
1073 3771 1285 3833 labores
1327 3767 1481 3847 quos"
1518 3766 1786 3842 sustinet,
1836 3776 2207 3833 coronabitur.

645 3868 770 3924 Tres
800 3878 972 3923 noctes
996 3908 1014 3935 ,
1052 3868 1113 3921 'in
1144 3878 1320 3932 terra,
1370 3884 1487 3921 cum
1525 3868 1730 3945 fecisset
1770 3859 2004 3940 quidam.
2068 3869 2212 3940 Tres

640 3960 843 4031 quippe
864 4003 879 4027 ,
909 3960 1027 4017 sine
1058 3960 1164 4014 vita
1210 3960 1262 4013 in
1298 3970 1438 4015 terra
1476 3958 1604 4014 fecit
1634 3961 1691 4014 in
1727 3960 1986 4025 universo
2012 3963 2129 4041 dics
2155 3974 2212 4020 et

644 4065 754 4107 tres
798 4062 985 4106 noctes
1027 4051 1309 4107 Cliristus'.—
1344 4051 1488 4107 Deus
1535 4061 1721 4125 noSter
1748 4054 2091 4123 :-*qui-'-~vero
2141 4056 2210 4111 ad

645 4143 999 4198 imitationem
1027 4141 1229 4198 Christi
1267 4152 1543 4211 peccatum
1571 4136 1736 4198 trium
1768 4131 2029 4203 horarum
2056 4127 2209 4207 vice;

644 4237 738 4298 rit,
774 4251 881 4290 non
913 4236 1193 4291 morietur.
1234 4218 1392 4289 llorae
1420 4246 1528 4290 tres
1558 4248 1687 4292 sunt
1711 4278 1726 4304 ,
1765 4238 1820 4293 in
1850 4238 2055 4293 insulto
2092 4249 2213 4293 ten-

644 4328 865 4383 tationis
897 4336 948 4381 et
970 4327 1332 4397 suggestionis
1360 4327 1617 4398 receptio,
1651 4330 1957 4397 detestatio,
1991 4340 2048 4386 et
2080 4347 2212 4387 con-

654 4434 869 4486 sensus,
901 4435 1040 4490 quas
1070 4422 1308 4476 virtuose
1337 4423 1559 4478 vincens
1582 4462 1599 4489 ,
1648 4438 1755 4491 non
1802 4425 2081 4479 morietur.
2107 4422 2207 4480 Vel

2305 1952 2637 2020 paupertati,
2690 1954 2743 2006 in
2790 1951 2913 2023 fuga
2955 1954 3175 2007 honoris
3208 1964 3265 2007 et
3299 1955 3545 2008 omnium
3579 1968 3701 2025 qua:
3739 1965 3857 2008 Sunt

2305 2043 2549 2111 opposita
2581 2053 2634 2097 et
2659 2045 2927 2097 contraria
2956 2043 3270 2109 humilitati,
3296 2055 3349 2098 et
3382 2038 3434 2099 in
3465 2044 3589 2116 l‘oga
3616 2059 3857 2099 murium

2306 2132 2553 2196 rationis,
2572 2133 2921 2189 detractionis
2939 2135 3220 2203 etjudicii,
3250 2150 3442 2191 servus
3476 2136 3589 2202 Dei,
3620 2135 3856 2208 possidet

2306 2241 2582 2281 coronam.
2614 2224 2983 2283 Obtenebratio
3029 2229 3090 2296 ﬁt
3138 2244 3303 2282 causa
3346 2230 3674 2298 offensionis.
3714 2227 3857 2299 igneo

2305 2319 2479 2372 rantia
2508 2319 2761 2373 obscurat
2779 2361 2794 2385 ,
2822 2320 3255 2390 concupiscentia
3281 2320 3503 2376 oll‘endit
3528 2328 3585 2376 et
3606 2323 3854 2391 cespitat.

2305 2410 2587 2465 delectatio
2619 2411 2705 2465 cui
2751 2413 3127 2477 consentitur,
3174 2413 3319 2469 cadit
3355 2422 3409 2468 et
3455 2413 3720 2478 moritur,
3769 2427 3855 2482 per

2304 2514 2444 2571 Opus
2470 2516 2598 2556 vero
2629 2511 2684 2557 et
2703 2518 2797 2572 per
2823 2518 3004 2567 usum,
3039 2502 3183 2559 fetet.
3217 2504 3376 2558 Aliud
3412 2514 3491 2560 est
3518 2505 3852 2571 perturbatio.

2308 2590 2517 2648 Turbat
2552 2594 2986 2663 concupiscentia
3007 2637 3022 2661 ,
3051 2594 3302 2650 dill'undit
3329 2595 3555 2652 avaritia
3586 2605 3641 2651 et
3671 2594 3856 2650 solliei-

2310 2685 2437 2739 tudo
2474 2686 2765 2750 mundana,
2799 2697 2961 2741 ciecat
2981 2687 3230 2742 voluntas
3257 2688 3496 2757 propria.
3527 2687 3672 2742 Nam
3697 2686 3852 2742 omnis

2305 2792 2507 2845 quoque
2528 2777 2616 2845 qui
2647 2777 2700 2830 in
2727 2778 2907 2831 eadem
2931 2789 3144 2846 peccata
3170 2794 3274 2833 non
3305 2779 3513 2843 incidit,
3539 2778 3693 2849 digne
3710 2777 3855 2832 etiam

2306 2868 2665 2936 ptrnitentinm
2692 2870 2813 2938 egit.
2847 2867 3109 2924 Ptenituit
3143 2870 3235 2924 sed
3261 2885 3367 2925 non
3394 2870 3575 2940 digno.
3594 2870 3696 2937 Qui
3722 2869 3852 2923 enim

2308 2959 2467 3028 digne
2496 2958 2752 3029 paenitet,
2791 2974 2897 3012 non
2931 2963 3086 3014 iterat
3114 2959 3327 3029 lapsum
3351 3000 3366 3023 ,
3409 2962 3503 3016 sed
3533 2960 3806 3030 aqualiter
3828 2974 3856 3013 a

2308 3066 2367 3106 se
2386 3065 2598 3106 omnem
2629 3051 3052 3119 niortisrcpellit
3078 3068 3285 3108 casum.
3322 3050 3489 3106 Nobis
3547 3060 3716 3105 tamen
3754 3067 3854 3106 om-

2307 3158 2422 3197 item
2450 3142 2771 3197 hilaritate»:
2801 3143 3208 3201 ostendentibus.
3274 3144 3377 3212 Qui
3419 3147 3564 3203 enim
3598 3162 3667 3201 ex
3700 3144 3854 3216 pusil-

2306 3235 2604 3290 lanintitate
2631 3237 2887 3308 poenitet,
2925 3246 2981 3291 et
3009 3252 3040 3290 a
3072 3237 3211 3292 bono
3246 3240 3525 3309 proposito
3552 3237 3855 3293 obedientia:

2305 3326 2537 3393 recedit,
2572 3335 2631 3381 ut
2658 3327 2895 3382 solitaria
2919 3328 3101 3392 vivat,
3126 3328 3221 3384 hic
3248 3328 3389 3384 boiia
3414 3339 3767 3399 congregata,
3797 3343 3854 3381 ex

2304 3418 2614 3487 poenitentia
2645 3419 2737 3474 tali
2773 3419 2996 3474 resolvit
3016 3460 3028 3483 ,
3067 3435 3355 3490 quousque
3381 3420 3583 3475 sentiat
3612 3419 3854 3474 damnum

2304 3507 2389 3561 sui
2434 3522 2625 3577 sensus
2670 3522 2734 3562 ex
2772 3508 3142 3581 misericordia
3178 3509 3512 3564 revocatoris
3563 3507 3855 3562 cadentium

2303 3594 2433 3655 Jesu
2458 3594 2682 3652 Christi.
2714 3596 2857 3652 Sane
2877 3639 2892 3663 ,
2922 3600 3016 3668 qui
3044 3599 3113 3652 ad
3150 3598 3377 3653 meliora
3420 3614 3515 3669 per
3549 3597 3722 3668 magis
3748 3611 3855 3666 per-

2305 3684 2500 3743 fectam
2549 3689 2924 3759 paenitentiam
2976 3689 3251 3765 ascendit.
3293 3687 3438 3745 facta
3483 3690 3625 3743 mala
3669 3688 3853 3745 solvit:

2307 3780 2488 3849 itaque
2512 3788 2567 3834 et
2590 3780 2684 3850 qui
2716 3779 2782 3834 ad
2816 3776 2997 3849 pejora
3020 3780 3387 3857 progreditur,
3419 3781 3577 3836 malis
3602 3782 3739 3836 mala
3766 3795 3852 3851 ap—

2303 3885 2512 3941 ponens
2534 3912 2549 3937 ,
2587 3868 3329 3951 apostasiaé'ctintidelitatis
3367 3871 3573 3928 crimen
3617 3872 3851 3928 incurrit.

2306 3965 2458 4021 Unde
2501 3967 2827 4029 servandum
2848 3964 3037 4043 nobis
3058 3977 3197 4043 est,
3228 3966 3465 4037 wquando
3501 3976 3556 4022 et
3597 3964 3855 4037 quomodo

2294 4059 2407 4128 per
2436 4046 2675 4119 amaram
2696 4058 2771 4108 ‘et
2807 4040 3065 4122 asperant
3378 4054 3799 4118 institutionem,
3828 4065 3854 4104 a

2294 4146 2433 4202 felle
2443 4146 2667 4203 "vitiosa:
2701 4138 3363 4227 conversationis
3391 4140 3589 4215 poculo
3613 4140 3852 4214 sumpto)

2284 4234 2589 4305 sanentur,
2641 4254 2739 4293 nec
2790 4239 2895 4308 hoc
2934 4229 3448 4307 quidemfseoiper,
3488 4237 3584 4291 sed
3631 4244 3854 4306 tempore

2305 4344 2567 4401 congruo.
2602 4328 2863 4400 Malisque
2890 4326 3216 4385 sensibilium
3239 4316 3600 4398 rerum‘aﬂici.
3660 4328 3718 4382 Si
3743 4324 3853 4396 quis

2314 4438 2444 4495 ergo
2467 4438 2589 4477 vere
2624 4422 2944 4493 invariabiie
2978 4422 3174 4475 mentis
3214 4421 3546 4495 propositum
3570 4463 3586 4486 ,
3611 4435 3722 4491 .per
3746 4433 3854 4474 ora-

643 4508 804 4565 horas
840 4521 952 4566 tres
990 4511 1123 4566 dicit
1145 4552 1163 4577 ,
1194 4512 1571 4580 iuventutem,
1605 4513 1835 4567 mediam
1865 4523 2077 4571 aetatem
2103 4519 2124 4580 ,’
2155 4524 2216 4572 et
2242 4531 2289 4589 ο
2315 4516 2515 4572 tionem
2549 4514 2657 4570 Deo
2680 4524 3044 4581 vacantemet
3078 4513 3232 4567 circa
3246 4510 3344 4567 Dei
3376 4504 3728 4583 intelligibilia
3761 4510 3855 4565 ele-

561 4632 573 4645 ε
645 4611 998 4667 senectutem,
1031 4619 1169 4673 quas
1191 4616 1245 4657 ct
1275 4604 1483 4672 vigilias
1508 4617 1621 4661 tres
1651 4602 2210 4672 Evangeli‘um‘vocat.

646 4693 741 4748 γει
770 4694 1269 4761 concupiscentiam
1298 4694 1480 4748 carnis
1505 4734 1521 4755 ,
1556 4694 2055 4764 concupiscentiam
2081 4711 2214 4753 ocu-

645 4787 819 4841 lorum
842 4824 861 4857 ρ
890 4795 945 4840 et
974 4786 1282 4853 superbiam
1307 4788 1429 4841 vitae
1450 4827 1466 4851 ,
1509 4786 1559 4840 id
1584 4798 1667 4841 est
1690 4829 1702 4851 ,
1729 4804 1924 4843 vanam
1964 4789 2227 4861 gloriam,

647 4878 848 4947 gulam,
869 4887 923 4930 et
950 4878 1257 4943 avaritiam,
1287 4894 1446 4947 quas,
1473 4882 1595 4948 quis
1625 4881 1871 4947 vincens,
1903 4878 2215 4937 summatim

647 4973 827 5024 omnia
876 4972 1167 5039 prostravit
1198 4970 1346 5026 vitia.
1395 4972 1614 5028 Dicebat
1660 4988 1787 5028 vero
1838 4968 2058 5030 Patrum
2095 4974 2218 5045 qni-

648 5065 809 5115 dam:
840 5060 1105 5126 Quoniam
1142 5064 1242 5117 ista
1275 5064 1377 5118 tria
1409 5064 1571 5119 timeo
1591 5108 1605 5132 ,
1654 5067 2140 5136 peregrinationem
2186 5082 2219 5121 a

648 5170 904 5225 (Ul'porc,
940 5157 1403 5223 praesentationcin
1436 5158 1503 5212 ad
1531 5157 1696 5213 Deum
1723 5201 1741 5225 ,
1779 5169 1834 5213 et
1858 5156 2046 5227 iudicii
2091 5174 2217 5223 sen-

648 5249 890 5303 tentiam.
924 5246 985 5301 Si
1004 5247 1217 5319 quando
1246 5265 1309 5303 ea:
1336 5249 1627 5320 disciplina
1646 5290 1661 5315 ,
1690 5252 1904 5316 divina,
1938 5260 2042 5307 etc.
2074 5251 2218 5307 Ρωα

648 5340 793 5393 venit
818 5340 871 5393 in
903 5338 1364 5397 benedictionibus
1395 5344 1806 5413 gratiarservos
1829 5357 1981 5407 suos,
2008 5355 2233 5401 amator

568 5466 571 5467 ν
650 5432 928 5489 immittam
962 5434 1122 5501 Deus,
1146 5443 1203 5487 ut
1224 5449 1318 5489 eos
1351 5436 1542 5506 purget
1582 5453 1613 5491 a
1647 5436 1829 5502 vitiis,
1860 5445 1916 5491 et
1946 5434 2215 5506 perfectos

650 5526 939 5583 virtutibus
981 5526 1175 5595 l‘aciat.§
1208 5528 1384 5595 Quare
1427 5529 1781 5597 dicitePater,
1826 5530 1956 5602 quia
1995 5540 2215 5600 propter

653 5620 969 5692 pravitatem
988 5660 1002 5684 ,
1040 5619 1410 5677 inﬁrmitatem
1441 5630 1498 5679 et
1525 5622 1968 5696 ingratitudinem
1984 5622 2213 5692 dispen-

724 5794 769 5824 ‘-‘
805 5791 821 5845 Ι
873 5795 1026 5850 Joan.
1064 5814 1122 5861 ll,
1166 5796 1250 5848 ‘37.

2314 4618 2495 4662 vatum
2513 4608 2738 4665 sortitus
2764 4614 2850 4661 est
2875 4606 2945 4659 ab
2969 4602 3220 4660 omnibus
3243 4604 3590 4660 sensibilibus
3619 4603 3705 4658 hic
3723 4614 3852 4655 mar-

2315 4707 2442 4754 tuus
2470 4708 2572 4762 est,
2604 4711 2658 4753 et
2680 4697 3076 4753 delectabilium
3105 4696 3228 4763 vitae
3257 4695 3584 4752 oblivionem
3613 4692 3851 4764 possidet.

2297 4793 2461 4848 .Vivit
2494 4793 2706 4864 quippe
2746 4790 3004 4855 Christo,
3046 4791 3139 4861 qui
3199 4773 3547 4855 setiaibilibus
3600 4786 3847 4844 moritur:

2270 4877 2273 4879 ”
2318 4878 2624 4941 coruscatio
2648 4882 3002 4954 pra-insinuat
3031 4881 3252 4937 tonitrui
3285 4894 3476 4948 sonum
3497 4921 3514 4946 ,
3545 4887 3602 4935 et
3619 4874 3849 4947 superbia

2318 4977 2601 5032 annuntiat
2625 4975 2911 5029 adventrum
2943 4988 3093 5029 vanae
3123 4971 3325 5043 gloriae.
3361 4969 3475 5027 Nisi
3506 4970 3669 5026 fuerit
3690 4966 3848 5024 enim

2318 5068 2602 5138 inquinata
2632 5065 2885 5135 superbia
2906 5105 2921 5131 ,
2954 5080 3067 5119 non
3090 5063 3345 5118 illudetur
3364 5064 3671 5118 daemonum
3700 5046 3851 5130 phan-

2317 5160 2488 5217 tasiis.
2518 5160 2828 5225 Possumus,
2847 5174 2913 5213 ex
2953 5154 3287 5213 naturalibus
3318 5158 3489 5211 rebus.
3533 5154 3592 5209 Id
3621 5153 3687 5208 de
3712 5163 3851 5209 cervo

2319 5258 2377 5304 et
2412 5247 2666 5317 extemplo
2690 5243 3034 5317 proprietatis
3070 5243 3240 5313 ipsius
3264 5244 3468 5299 dictum
3505 5240 3767 5324 intelligo,
3802 5245 3850 5290 ut

2319 5343 2469 5397 etde
2500 5339 2768 5408 serpentis
2808 5337 3057 5406 exemplo
3085 5335 3225 5406 quod
3265 5335 3513 5404 sequitur
3549 5352 3565 5388 :
3612 5332 3731 5388 Nisi
3772 5343 3849 5397 per

2318 5444 2598 5505 angustam
2621 5440 2668 5485 et
2698 5442 2901 5507 arctam
2916 5429 3068 5499 jejun
3079 5427 3139 5483 ii.
3186 5426 3299 5494 Qui
3326 5441 3478 5487 vanae
3497 5426 3706 5499 gloria,
3731 5421 3850 5494 gula:

2315 5539 2372 5582 ct
2402 5526 2631 5581 luxuriat
2659 5516 2993 5583 (lasciviunt,
3011 5530 3066 5576 et
3090 5520 3183 5576 Dei
3217 5520 3374 5574 verba
3403 5517 3719 5589 praedicant,
3740 5520 3849 5570 sunt

2316 5620 2456 5679 sicut
2477 5616 2786 5675 meretrices
2807 5616 3160 5670 admonentes
3181 5610 3320 5668 alios
3346 5612 3413 5668 de
3435 5610 3697 5669 castitate.
3719 5606 3848 5664 Sicut
