4032 6340
92 410 278 528 ’1245

1299 468 1611 529 SCIIOIJA
1644 468 1726 528 IN
1748 467 2153 527 CLIMACUM.

3206 467 3337 530 1216

126 575 427 650 longinqua
452 585 535 631 est
557 577 624 632 ab
648 578 714 634 iis
742 578 833 648 qui
859 579 1099 650 quotidie
1126 579 1483 644 fornicamur,
1509 579 1675 634 casti-
1704 586 1749 640 Α
1778 576 2006 642 fuerint,
2044 576 2273 631 visibilis
2299 577 2616 631 obedientia:
2654 588 2707 629 et
2744 577 2924 628 utilem
2953 594 3003 629 Ct
3036 578 3333 633 nocituram

129 676 231 730 tas,
264 667 337 721 ita
368 676 427 723 et
459 668 530 723 ab
561 668 693 734 illis,
721 671 1077 740 spiritualium
1120 673 1376 727 virtutum
1405 683 1595 726 sensus
1625 679 1678 725 et

128 758 536 827 contemplatio.
561 758 663 826 Qui
689 761 929 815 continet
950 770 1215 825 ventrem,
1245 763 1494 815 diminnit
1520 762 1673 824 vitia,

128 858 184 903 et
205 851 300 919 qui
327 851 567 906 vincitur
592 853 659 905 ab
682 852 822 907 escis
842 893 857 916 ,
895 862 1055 922 auget
1098 854 1410 907 libidinosas
1444 853 1677 906 delecta-

130 940 340 997 tiones.
395 941 724 1013 Principium
768 945 987 1012 quidem
1031 946 1269 1014 gentium
1314 943 1674 1006 Amalech",

131 1033 479 1102 principium,
504 1046 683 1090 autem
721 1036 1009 1105 vitiorum,
1049 1037 1195 1105 gula.
1258 1036 1422 1104 Ligna
1448 1051 1679 1103 namque

129 1125 296 1179 multa
328 1126 566 1181 excitant
594 1125 890 1193 ﬂammam,
930 1128 1177 1181 ciborum
1212 1143 1337 1180 vero
1372 1127 1675 1189 tnultitudn,

130 1213 422 1271 luxuriam.
453 1216 896 1287 Concupiscentia
952 1234 1089 1273 escas
1135 1218 1337 1287 peperit
1369 1217 1679 1271 inohedien-

133 1302 300 1367 tiam;
330 1312 388 1357 et
411 1303 637 1359 dulcedo
686 1316 876 1373 gustus
927 1308 1087 1375 ejecit
1122 1306 1389 1359 hominem
1428 1306 1493 1358 de
1523 1320 1678 1373 para-

131 1390 298 1445 diso:
362 1393 433 1446 ita
481 1404 537 1448 et
584 1395 882 1451 monachus
932 1396 1155 1465 gulosus
1212 1396 1412 1465 frangit
1462 1393 1680 1448 castita-

130 1481 203 1537 tis
229 1480 431 1545 fwdus.
470 1491 525 1538 et
568 1500 599 1539 a
646 1485 1043 1556 pulchritudine
1089 1487 1555 1554 contemplationis
1584 1485 1680 1553 eji-

130 1574 324 1629 cietur.

481 1667 635 1723 CAP.
674 1665 858 1725 lX..—-
883 1666 964 1720 Ad
992 1668 1213 1736 gradum
1243 1669 1332 1721 27.

204 1754 327 1809 Non
364 1758 662 1825 ignorantes
687 1796 705 1822 ,
743 1774 923 1811 canem
951 1760 1243 1828 quemdam.
1292 1760 1491 1815 Canem
1548 1760 1679 1814 dicit

132 1861 282 1902 vana:
308 1847 496 1913 gloria:
519 1850 811 1905 daemonem
838 1891 852 1915 ,
890 1852 981 1920 qui
1016 1866 1112 1904 sua
1154 1852 1481 1921 impudentia
1506 1853 1681 1905 omni-

133 1937 233 1991 bus
270 1936 559 1990 insidiatur
596 1937 753 1993 bonis
770 1980 785 2004 ,
811 1949 864 1993 et
890 1941 1123 1994 eorrodit
1149 1941 1490 2005 curiositate,
1519 1949 1573 1993 et
1600 1941 1679 1993 lo-

131 2022 405 2088 quacitate
423 2062 439 2087 ,
461 2028 517 2078 et
540 2022 903 2091 superﬂuitate
921 2068 937 2089 ,
964 2035 1017 2081 et
1045 2028 1433 2091 ostentatione,
1476 2038 1529 2081 et
1562 2043 1678 2081 ma-

136 2112 410 2184 lignitate,
451 2124 610 2184 atque
660 2118 958 2182 corrumpit
995 2118 1201 2173 animas
1238 2118 1676 2187 imprudentium.

137 2202 339 2268 Quietis
364 2206 561 2258 anticus
582 2245 597 2269 ,
625 2216 700 2259 est
732 2207 882 2277 [ortis
908 2208 1143 2277 quidam.
1200 2207 1406 2273 Quietis
1428 2209 1682 2263 solitaria:

136 2305 346 2350 amator
370 2296 649 2367 egrediens
695 2297 763 2351 de
798 2300 929 2353 cella
977 2315 1096 2353 cum
1140 2301 1393 2362 silentio,
1433 2316 1683 2359 mansue-

139 2387 344 2452 tudine,
372 2387 613 2442 oratione
654 2390 872 2444 mentali
909 2400 963 2444 et
996 2391 1287 2455 charitate,
1326 2407 1431 2444 non
1463 2406 1682 2460 progre-

136 2475 278 2530 ditur
306 2495 326 2562 ,ε
374 2478 643 2547 verboque
670 2518 685 2541 ,
728 2497 757 2532 a
807 2480 1070 2548 spirituali
1107 2482 1297 2534 animae
1337 2480 1682 2536 consistentia

139 2582 242 2623 non
284 2567 521 2635 recedit,
554 2569 675 2623 licet
710 2570 954 2624 videatur
980 2581 1131 2626 extra
1169 2571 1402 2643 quietem
1434 2572 1684 2627 solitudi-

138 2656 255 2723 nis,
281 2672 513 2729 corpore
549 2660 715 2715 exire.
764 2659 1012 2715 Obseruat
1058 2663 1292 2731 quidem.
1333 2679 1530 2717 murem
1570 2679 1685 2732 qua:

138 2745 271 2799 hanc
320 2760 579 2814 unctor,
635 2760 739 2805 etc.
800 2750 1005 2805 Murem
1070 2751 1495 2822 intelligibilem,
1554 2755 1687 2808 dicit

140 2835 463 2893 homicidam
512 2840 781 2896 diabolum
812 2881 827 2906 ,
876 2858 1035 2912 quem
1081 2843 1307 2897 intentio
1353 2845 1685 2913 quiescentis

140 2927 418 2996 vigilanter
446 2929 719 2997 observat,
744 2934 885 2988 sicut
911 2944 1027 2988 cata
1058 2950 1287 2988 murem.
1318 2933 1684 2990 Utmonaclms

141 3018 296 3073 alteri
341 3021 591 3075 monacho
663 3023 942 3089 adiunctus
982 3042 1001 3080 :
1049 3025 1189 3080 Duos
1244 3026 1539 3081 monachos
1600 3028 1686 3081 hic

140 3108 295 3166 Pater
341 3112 493 3180 ponit
553 3128 821 3181 :unum,
868 3117 936 3192 ab
986 3116 1298 3172 hominibus
1344 3117 1684 3182 desolatam,

141 3196 231 3264 qul
259 3196 613 3266 corporaliter
642 3199 839 3254 dicitur
856 3210 910 3255 et
940 3211 1022 3256 est
1052 3204 1326 3258 solitarius
1358 3205 1682 3270 monachus;

141 3285 305 3347 alium
334 3303 465 3343 vero
499 3285 533 3343 a
575 3291 809 3360 propriis
838 3292 1202 3366 voluntatibus
1242 3304 1297 3349 et
1342 3296 1687 3367 cogitationi-

138 3374 244 3431 bus
275 3385 330 3432 et
354 3377 501 3433 vitiis
536 3391 841 3449 separatum
867 3423 882 3447 ,
917 3398 1074 3452 quem
1117 3384 1450 3452 spiritualem
1492 3400 1686 3440 mena-

142 3468 302 3523 chutn
328 3477 378 3524 et
416 3470 717 3525 solitarium
750 3474 1021 3541 nominat;
1054 3477 1196 3530 sicut
1226 3477 1292 3532 de
1318 3477 1383 3532 iis
1412 3494 1532 3543 quae
1564 3489 1692 3533 sunt

96 3600 101 3607 .
144 3560 513 3615 tantummodo
534 3562 757 3628 animas,
785 3565 1097 3633 sollicitum,
1130 3576 1185 3620 et
1215 3569 1538 3623 monachum
1572 3587 1690 3625 ino-

145 3652 321 3707 naeho
342 3691 359 3717 ,
399 3652 452 3707 id
480 3662 564 3708 est
584 3695 601 3718 ,
643 3655 743 3709 soli
772 3652 882 3709 Deo
908 3654 1271 3713 assistentem.
1294 3657 1437 3714 Sane
1468 3677 1571 3715 non
1612 3664 1692 3716 sic

146 3738 405 3795 liberatur
435 3756 466 3794 a
512 3742 697 3811 lapsu,
729 3744 819 3810 qui
846 3746 1198 3813 corporaliter
1224 3756 1307 3803 est
1340 3750 1518 3815 solus,
1554 3752 1692 3806 sicut

147 3830 476 3897 monachus,
510 3832 764 3899 pracdicto
795 3833 955 3889 modo
984 3850 1106 3889 cum
1133 3840 1399 3893 monacho
1422 3841 1689 3908 habitans,

146 3923 399 3993 quoniam
427 3941 493 3979 ex
522 3938 645 3982 octo
676 3928 891 3984 malitia:
920 3931 1197 3999 spiritibus
1220 3961 1235 3987 .
1267 3933 1507 4001 quinque
1540 3935 1689 4001 prin-

147 4014 421 4083 cipaliter,
469 4015 743 4073 solitarios
784 4018 1133 4090 impugnant,
1162 4018 1437 4082 videlicet,
1470 4021 1687 4085 acedia,

150 4104 399 4173 tristitia',
442 4106 550 4170 ira,
590 4122 727 4162 vana
771 4108 975 4177 gloria,
1000 4112 1068 4165 Set
1097 4110 1369 4180 superbia.
1405 4110 1539 4166 Tres
1566 4126 1693 4166 vero

150 4194 459 4253 obedientcs
480 4240 496 4264 ,
525 4199 677 4268 gula,
713 4198 923 4256 luxuria
946 4242 961 4267 ,
997 4213 1054 4256 et
1088 4204 1333 4259 avaritia.
1365 4202 1652 4259 Solitariam
1672 4246 1689 4271 ,

149 4298 223 4341 est
253 4286 426 4371 [arma
459 4291 718 4346 terrestris
746 4293 936 4371 angeli.
989 4292 1043 4348 ld
1068 4306 1184 4360 est,
1221 4295 1519 4351 secundum
1549 4296 1692 4367 quod

150 4385 230 4430 est
251 4369 535 4443 missione.
564 4396 688 4436 eum
717 4369 950 4453 se'quens
971 4425 988 4450 ,
1018 4386 1086 4439 ab
1113 4388 1261 4442 omni
1291 4387 1607 4457 negligentia
1637 4396 1693 4445 et

150 4466 587 4537 pusillanimitate
614 4487 768 4527 suam
801 4474 1035 4531 liberans
1057 4478 1379 4532 orationem.
1415 4477 1517 4544 Qui
1548 4480 1690 4534 enim

1776 666 2125 720 directionem
2152 706 2167 730 ,
2197 668 2299 720 sub
2327 666 2635 720 senioribus
2658 708 2673 728 ,
2720 668 2922 736 absque
2960 670 3334 723 emnohiorum

1778 746 2037 820 tumultu,
2064 760 2116 811 iu
2149 759 2327 827 quiete
2356 772 2477 810 cum
2511 759 2808 811 reverentia
2845 770 2899 810 et
2929 760 3162 827 perfecta
3190 776 3309 814 mor

1778 849 2071 903 tilicatione
2121 857 2362 903 tenentes
2415 864 2587 918 usque
2647 850 2697 901 in
2755 851 2940 903 linem.
3008 850 3153 905 Lit-et
3207 867 3337 921 ergo

1779 956 2029 1011 magnum
2065 942 2164 1004 sit,
2200 941 2393 1009 quietis
2434 941 2686 995 solitaria:
2722 941 3025 1009 angelicum
3061 957 3199 1011 Opus
3224 982 3237 1003 ,
3283 952 3339 996 et

1780 1033 1997 1102 majoris
2033 1033 2307 1103 profectus
2344 1047 2506 1102 quam
2541 1034 2786 1087 emnohia
2812 1072 2827 1098 ,
2876 1049 3001 1088 vere
3032 1036 3275 1105 purgatis
3308 1050 3337 1088 a

1782 1125 1921 1179 vitiis
1945 1167 1960 1189 ,
1992 1142 2097 1181 nou
2128 1127 2239 1177 vult
2270 1125 2371 1178 hoc
2406 1126 2586 1178 dicere
2623 1134 2839 1193 propter
2869 1126 3039 1193 magis
3066 1126 3336 1187 inlirmos,

1779 1229 1915 1283 quos
1960 1214 2147 1268 eadem
2186 1214 2525 1267 conversatio
2568 1213 2840 1282 liquel‘acit
2881 1224 3136 1282 tanquam
3170 1218 3338 1268 cann-

1780 1319 1881 1357 uus
1913 1302 2193 1371 plumbum
2224 1323 2235 1355 :
2278 1300 2420 1353 inest
2456 1302 2651 1369 quippe
2686 1300 2915 1353 inﬁrmis
2956 1310 3011 1352 ut
3050 1301 3339 1370 plurimum

1778 1393 2087 1447 lzmlentium
2119 1393 2389 1460 appetitus
2408 1430 2422 1451 ,
2456 1404 2626 1459 quare
2655 1392 2853 1458 srcpius
2886 1391 3181 1445 recidivant
3208 1408 3339 1444 con—

1778 1486 1940 1538 traria
1979 1493 2287 1547 sumentes,
2318 1482 2442 1550 quia
2487 1496 2593 1535 non
2622 1491 2705 1535 cst
2758 1484 3140 1548 parvulorum,
3186 1482 3340 1535 cibus

1779 1573 2162 1643 perfectorum.

1850 1663 1985 1725 lmo,
2014 1680 2092 1725 me
2131 1669 2239 1733 Ipse
2259 1664 2484 1731 quidem.
2511 1663 2617 1726 Ait,
2640 1654 2777 1729 i'ipse
2799 1662 3037 1729 quidem,
3073 1661 3199 1729 quid
3238 1662 3339 1714 sibi

1778 1755 2065 1823 expediens
2096 1765 2198 1817 est,
2239 1763 2546 1823 cognoscet,
2609 1756 2709 1807 nisi
2765 1753 3000 1809 studium
3048 1753 3343 1821 perlectum

1782 1845 2030 1897 habuerit
2058 1843 2418 1897 observantia:
2449 1844 2825 1897 mandatorum
2851 1853 2903 1895 et
2924 1842 3177 1895 viituosrc
3209 1856 3342 1893 eou-

1712 1922 1752 1977 Β
1782 1934 2120 1997 versationis,
2155 1922 2343 1987 Mortis
2369 1936 2684 2002 properatio.
2731 1934 2788 1988 id
2818 1943 2902 1987 est
2937 1951 3001 1987 ex
3026 1932 3343 2001 promptitu-

1779 2027 1905 2080 dine
1929 2037 1981 2081 et
2021 2027 2158 2078 bona
2187 2026 2482 2091 voluntate,
2511 2041 2603 2094 per
2626 2024 2977 2078 imitationem
3010 2025 3131 2077 novi
3171 2024 3342 2075 Immi-

1781 2118 1886 2181 nis,
1923 2117 2384 2169 mortiﬁcationem
2428 2116 2607 2169 carnis
2634 2126 2688 2168 et
2718 2115 2970 2168 vitiorum
3016 2122 3341 2175 monstrare,

1782 2208 2340 2278 nihilqne‘commuue
2367 2208 2562 2261 habere
2587 2223 2710 2261 cum
2772 2208 2993 2269 mundo,
3024 2207 3117 2260 sed
3152 2206 3342 2273 singu-

1780 2297 1847 2351 lis
1878 2297 2025 2351 horis
2065 2296 2369 2351 desiderare
2404 2298 2563 2358 mori,
2598 2307 2649 2350 et
2686 2311 2798 2349 esse
2826 2312 2944 2348 cum
2968 2294 3196 2350 Christo.
3244 2294 3345 2347 Im—
3418 2336 3425 2339 .

1836 2388 2036 2442 ‘ssihile
2064 2397 2147 2442 est
2170 2388 2409 2441 habitum
2438 2402 2579 2441 vera:
2614 2388 2895 2441 eharitatis
2928 2402 3049 2439 esse
3080 2386 3131 2437 in
3157 2399 3221 2437 eo
3253 2386 3346 2453 qui

1840 2480 1954 2549 tigit
1976 2479 2174 2548 aliquid
2215 2480 2423 2543 vitiose,
2450 2479 2538 2532 sed
2576 2495 2748 2545 neque
2776 2478 2974 2539 oratio,
3011 2479 3183 2546 magis
3222 2492 3347 2529 vero

1782 2571 2043 2625 orationis
2074 2572 2383 2631 macula,et
2428 2570 2479 2622 in
2505 2570 2747 2623 oratione
2791 2568 2937 2643 ejus,
2997 2576 3345 2635 augmentum

1785 2663 1897 2726 ira,
1928 2670 1981 2716 et
2030 2661 2249 2724 furoris,
2291 2670 2345 2714 et
2378 2661 2609 2724 timoris,
2651 2671 2703 2713 et
2761 2660 3011 2714 elationis
3048 2659 3347 2726 assumptio

1784 2753 1906 2807 erit.
1951 2752 2140 2806 Sciens
2174 2768 2236 2807 ac
2292 2752 2528 2822 prudens
2593 2751 2782 2805 tacebo
2813 2750 3017 2818 reliqua
3050 2767 3062 2801 :
3092 2749 3345 2811 subaudi,

1786 2847 1969 2915 lapsus
1990 2846 2193 2906 carnis,
2236 2858 2490 2899 excessus
2530 2830 2749 2903 meritis,
2803 2851 2856 2896 et
2888 2842 3192 2895 vexationes
3248 2840 3349 2893 Sa-

1786 2946 1944 2989 tanze.
1978 2933 2265 2987 Eximmito
2306 2935 2441 2986 cnim
2500 2932 2640 3001 felle,
2714 2933 2765 2986 id
2822 2940 2925 2993 est.
2982 2916 3241 2999 abnegata
3296 2941 3352 2984 et

1789 3027 2109 3080 mortiﬁcata
2134 3035 2186 3079 et
2214 3026 2339 3079 odio
2370 3025 2551 3080 habita
2577 3025 2792 3093 propria
2838 3024 3129 3084 voluntate,
3182 3022 3239 3075 lit
3266 3022 3345 3075 di-

1788 3117 2017 3169 minutio
2057 3116 2328 3169 vitiorum.
2368 3116 2499 3169 Cum
2535 3116 2761 3167 medium
2812 3114 2946 3165 illud
2987 3114 3345 3180 arripuissem.

1790 3203 1904 3256 Non
1948 3204 2087 3256 clare
2131 3202 2369 3256 narravit
2414 3202 2925 3269 contemplationem
2975 3210 3222 3264 sanctus,
3284 3215 3350 3253 eo

1788 3294 1931 3363 quod
1963 3294 2137 3348 noluit
2194 3294 2448 3347 omnibus
2506 3292 2628 3345 talia
2654 3293 2930 3345 revelare:
2962 3291 3090 3345 dicit
3147 3301 3349 3357 autem,

1788 3400 2089 3454 exsequens
2118 3386 2415 3440 orationem
2435 3385 2714 3454 vigilanter
2735 3393 2791 3437 et
2819 3384 2935 3437 sine
2955 3384 3353 3437 intermissione

1788 3486 1842 3531 et
1868 3477 2101 3547 pigritia,
2135 3476 2278 3546 quod
2313 3486 2397 3530 est
2444 3475 2679 3529 medium
2735 3475 2898 3527 trium
2955 3474 3365 3543 operationum.‘

1794 3568 2138 3624 lntermedius
2168 3569 2382 3636 effectus
2408 3584 2542 3620 sum.
2588 3566 2645 3622 ln
2670 3567 2859 3621 mediis
2881 3567 3099 3634 (inquit)
3121 3566 3352 3639 .ell‘ectus

1791 3676 1909 3714 sum
1940 3660 2183 3715 videlicet
2236 3659 2492 3730 angelicis
2537 3668 2591 3713 ct
2640 3658 3095 3712 intellectualihus
3150 3648 3352 3709 ordini;

1791 3752 1913 3815 bus,
1939 3752 2081 3820 quod
2109 3760 2194 3805 est
2216 3751 2471 3814 {medium
2509 3748 2597 3801 Dei
2640 3759 2694 3802 et
2718 3748 3016 3802 hominum.
3063 3748 3139 3799 Ac
3171 3748 3351 3798 sitien—

1792 3854 1893 3893 tem
1922 3856 2001 3892 me
2030 3840 2384 3893 illuminabat.
2438 3837 2505 3890 Et
2557 3837 2891 3891 illuminatus
2941 3836 3016 3889 fui
3049 3838 3118 3890 ab
3145 3853 3209 3891 eo
3241 3838 3349 3898 (iu-

1789 3931 1927 3999 quit)
1966 3928 2467 3998 supernaturaliter.
2511 3926 2573 3978 Et
2596 3943 2709 3999 ecce
2748 3943 2931 3981 rursus
2960 3937 3075 3981 erat
3130 3930 3182 3981 in
3217 3929 3348 3983 illis.

1791 4021 1856 4074 Et
1910 4035 2037 4075 ecce
2080 4020 2298 4089 (inquit)
2362 4020 2554 4072 iterum
2596 4034 2748 4079 mens
2784 4020 2975 4072 eratin
3036 4021 3141 4073 illis
3188 4036 3353 4089 super

1791 4110 2161 4182 spiritualibus
2188 4120 2243 4165 et
2272 4108 2698 4164 inuuissionibus
2721 4110 2939 4174 divinis,
2974 4119 3025 4165 et
3055 4112 3108 4164 in
3132 4126 3193 4165 ea
3231 4127 3353 4179 qua:

1790 4214 1874 4259 est
1935 4202 2077 4257 circa
2128 4203 2304 4271 ipsum
2360 4202 2847 4271 contemplatione,
2879 4218 2983 4255 non
3032 4202 3236 4264 valens,
3286 4201 3350 4253 ad

1792 4296 2093 4366 principem
2118 4295 2172 4349 in
2204 4295 2384 4350 omnis
2415 4302 2681 4370 creaturae
2699 4293 2975 4345 Christum
3006 4292 3192 4352 Deum,
3224 4305 3347 4358 pro-

1794 4398 1911 4456 pter
1936 4386 2363 4441 inaceessibilem
2396 4386 2593 4449 lucem,
2620 4396 2832 4437 sursum
2880 4380 2961 4449 agi
3021 4390 3075 4433 et
3108 4383 3348 4444 extendi,

1790 4495 1857 4532 ex
1894 4478 1999 4533 hoc
2033 4477 2406 4532 desiderabam
2451 4473 2823 4540 contemplari.
2857 4472 2995 4535 Quid
3040 4473 3248 4541 quidem
3297 4473 3350 4525 in

153 4556 375 4625 gratiam
417 4557 676 4615 Paraclcti
720 4579 824 4618 non
868 4567 1072 4635 accepit
1099 4604 1114 4631 .
1162 4582 1271 4621 non
1313 4568 1531 4624 habebit
1569 4586 1695 4624 ora-
1723 4573 1773 4640 ι)
1796 4586 1857 4623 eo
1874 4580 1987 4624 erat
2023 4579 2144 4622 ante
2173 4566 2445 4621 visibilem,
2474 4565 2719 4632 formum.
2790 4564 3142 4634 Interrogavit
3167 4580 3291 4616 vero
3321 4578 3351 4615 a

132 4648 314 4704 tionis
362 4648 781 4717 permaneu‘tiam
818 4663 872 4709 et
926 4658 1377 4727 perpetuitatem:
1412 4674 1535 4713 cum
1562 4674 1692 4714 vero

156 4737 461 4796 Paracletus
531 4738 697 4795 fuerit
757 4742 811 4795 in
867 4744 1082 4804 homine
1156 4756 1321 4813 tunc,
1388 4750 1581 4804 sedens
1643 4760 1698 4804 et

154 4829 473 4895 ambulans,
549 4830 826 4901 dormiens
873 4842 928 4887 et
1006 4837 1233 4907 vigilans
1310 4838 1564 4893 laborans
1644 4849 1698 4893 et

157 4923 470 4993 quiescens,
500 4921 647 4977 solus
665 4962 681 4987 ,
707 4922 789 4999 vel
814 4933 934 4979 cum
968 4929 1149 4994 sociis,
1179 4930 1406 5001 loquens
1429 4941 1485 4986 et
1511 4941 1698 4986 tacens

158 5023 273 5069 orat
307 5012 565 5083 angelus,
608 5019 695 5069 est
734 5012 1033 5071 substantia
1073 5019 1453 5079 intellectualis
1485 5039 1699 5093 semper

162 5104 401 5173 mobilixf;
428 5103 655 5160 arbitrio
678 5103 842 5160 libera
856 5143 872 5169 ,
904 5105 1025 5171 Deo,
1043 5110 1356 5169 ministrans
1374 5155 1389 5181 ,
1420 5115 1483 5171 in,
1502 5124 1697 5170 natura

161 5194 455 5252 immortale
476 5194 724 5275 quodest
748 5196 1017 5266 accipiens
1036 5209 1091 5253 et
1116 5200 1320 5259 habens
1342 5223 1358 5260 :
1384 5205 1541 5276 cujus
1568 5207 1699 5268 sub-

162 5286 369 5340 stantia
393 5286 757 5344 deﬁnitionem
790 5296 845 5342 et
872 5286 1099 5343 formam
1116 5328 1132 5351 .
1173 5292 1325 5349 solus
1350 5295 1577 5352 Creator
1599 5312 1699 5353 no-

162 5372 256 5447 vit.
282 5372 414 5441 Cur,
466 5392 643 5446 meo
661 5372 810 5445 {non
840 5389 937 5445 tot,
966 5378 1105 5446 apud
1134 5380 1515 5442 tabenneeiotas
1536 5426 1553 5452 ,
1592 5398 1697 5446 etc.

164 5462 298 5529 Quia
332 5467 553 5538 majoris
574 5470 809 5540 quietis,
851 5480 905 5525 et
943 5470 1221 5539 amplioris
1259 5477 1606 5544 retnotionis,
1645 5489 1702 5536 et

167 5550 420 5609 nuditatis
440 5595 457 5618 ,
496 5567 552 5613 et
580 5552 843 5617 orationis
862 5604 879 5628 ,
912 5572 965 5617 et
996 5560 1230 5629 silentii,
1260 5564 1612 5634 scythiothze,
1647 5579 1701 5624 et

170 5645 508 5717 intelligibilis
543 5650 861 5709 obedientia‘.
902 5662 1214 5724 operatores
1254 5663 1311 5711 et
1358 5668 1701 5723 possessores

239 5824 287 5859 “
308 5824 466 5882 Num.
497 5842 638 5895 xxiv,
675 5828 762 5884 20.

1798 4658 2034 4728 quodam
2080 4657 2393 4727 angelorum
2439 4656 2505 4710 de
2550 4654 2724 4709 Verbo
2753 4665 2878 4710 ante
2926 4655 3349 4724 assumptionem

1800 4750 2052 4803 humana:
2080 4756 2287 4801 natura;
2318 4766 2331 4801 :
2359 4762 2392 4799 a
2431 4762 2543 4815 quo
2571 4748 2849 4811 exclusus,
2887 4737 3079 4799 iterum
3106 4743 3352 4812 quwsivit

1798 4836 2072 4908 quomodo
2127 4850 2273 4890 nunc
2326 4836 2586 4891 exsistit?
2617 4836 2681 4890 Et
2714 4837 2921 4894 audivit
2955 4853 2967 4887 :
3004 4830 3069 4885 In
3124 4833 3350 4899 propriis

1799 4939 1847 4983 et
1875 4944 1979 4981 non
2009 4928 2064 4980 in
2090 4926 2229 4991 istis,
2258 4942 2289 4982 a
2322 4928 2562 4999 principe
2592 4928 2839 4989 visionis,
2892 4934 3080 4979 sancto
3136 4923 3352 4989 angelo,

1796 5012 2047 5076 subau'di.
2081 5018 2150 5071 Et
2177 5036 2270 5088 ego
2298 5034 2317 5073 :
2354 5021 2609 5087 Quaenam
2638 5017 2893 5088 (inquam)
2929 5024 3003 5069 est
3034 5015 3219 5067 dextra
3243 5026 3354 5068 sta-

1800 5108 1875 5159 tio
1902 5106 1927 5158 ?
1951 5115 2055 5160 etc.
2090 5104 2155 5160 Et
2196 5108 2391 5162 iterum
2425 5107 2773 5175 interrogavit
2802 5123 2817 5158 τ
2847 5105 2975 5169 Quae
3002 5116 3083 5159 est
3111 5108 3349 5169 dextera,

1800 5207 1853 5285 et
1884 5198 2145 5254 thronus?
2172 5207 2227 5253 et
2259 5200 2409 5254 audit
2449 5215 2638 5255 rursus
2683 5217 2697 5251 :
2730 5195 3061 5265 lmpossibile
3098 5210 3179 5254 est
3224 5216 3352 5252 auro

1742 5348 1747 5351 _
1802 5281 1905 5343 ista
1934 5288 2139 5346 doceri.
2170 5288 2369 5345 lterum
2390 5288 2653 5345 desiderio
2697 5297 2922 5351 tractus,
2956 5300 3107 5359 rogat
3154 5281 3349 5343 adilnei

1801 5382 1868 5434 ad
1894 5380 2021 5434 illud
2054 5390 2266 5454 tempus
2288 5380 2650 5453 perfectionis,
2678 5379 2733 5434 in
2756 5396 2865 5450 quo
2892 5382 3067 5436 videat
3091 5381 3348 5444 Verbum,

1803 5474 1960 5531 sicuti
1988 5478 2237 5548 est:qui
2262 5477 2439 5531 denuo
2461 5473 2612 5528 audit
2666 5491 2773 5529 non
2825 5492 2946 5532 esse
3010 5475 3205 5536 viantis
3251 5474 3351 5528 hoc

1802 5567 2054 5637 accipere
2084 5581 2139 5625 et
2170 5568 2486 5636 intelligere,
2520 5566 2627 5620 nisi
2652 5568 2802 5635 prius
2828 5566 3185 5622 absorbeatur
3209 5566 3350 5633 quod

1803 5657 2031 5716 mortale
2065 5669 2148 5717 est
2175 5673 2207 5714 a
2229 5658 2357 5723 vita,
2380 5662 2437 5712 et
2471 5654 2812 5727 impcriectid
2823 5663 3021 5711 nostra:
3043 5653 3349 5723 corruptio-
