4032 6340
671 375 801 441 1247

1410 380 1471 439 S.
1509 375 1823 438 JOANN'S
1860 376 2096 436 RAITH
2156 374 2471 446 SCIIOLIA
2508 378 2584 439 IN
2608 383 3010 444 CLIMACUM.

3684 315 3705 337 ο
3740 378 3875 443 1248

669 490 757 544 nis
781 487 1175 557 perliciatur'ab
1204 488 1325 558 igne
1363 485 1595 555 Spiritus
1631 486 1804 539 sancti
1845 486 2028 538 omnia
2094 498 2224 538 con-
2250 487 2301 545 Α
2326 486 2471 539 niam
2507 504 2612 543 non
2652 490 2812 545 habet
2834 490 3097 546 fervorem
3119 490 3245 545 boni
3265 489 3518 545 desiderii
3543 488 3876 544 etlestiuan—

669 588 931 633 sumente.
963 579 1055 636 Est
1075 572 1253 632 autem
1287 578 1398 632 haec
1422 577 1559 629 visio
1582 575 1930 644 relinquenda
1960 575 2025 628 ad
2053 576 2219 628 inter-

668 672 984 740 pretamlum
1010 710 1026 735 ,
1056 669 1311 739 expertis.
1341 666 1604 722 Praeterea
1628 682 1931 735 exsequens
1961 667 2222 731 medium,

668 762 927 816 orationis
985 777 1105 829 qua:
1166 769 1285 829 post
1338 759 1599 813 virtutum
1677 758 1919 812 habiturn
1966 758 2223 812 vitiorum

667 854 1051 908 emundatione
1098 854 1373 922 praemissa
1417 860 1595 905 mente
1620 850 1913 919 perﬁcitur,
1968 850 2023 904 in
2050 850 2227 904 medio

669 942 930 996 virtutum
975 951 1030 996 et
1074 942 1547 1011 contemplationis
1585 940 1763 994 factus
1810 955 1969 1002 sum,
2029 940 2226 1008 inquit.

670 1034 809 1087 Sunt
835 1035 975 1087 enim
1004 1034 1228 1087 virtutes
1248 1034 1503 1089 mortales
1516 1020 1566 1087 ct
1592 1032 1798 1100 purgati
1816 1032 2081 1087 animiseu
2101 1046 2229 1085 con-

671 1127 1440 1196 templativmcxemplaresseu
1484 1127 1892 1190 intellectuales,
1920 1128 2061 1181 sicut
2106 1136 2231 1181 sunt

670 1222 1148 1288 contemplationes
1162 1220 1751 1285 immediatznmtediata:
1762 1231 1813 1273 et
1824 1221 2076 1289 subjectae
2090 1238 2104 1283 ;
2118 1219 2232 1289 qui-

671 1308 773 1363 bus
790 1318 917 1363 sunt
932 1322 1180 1383 consona:
1195 1308 1571 1364 exsistentium
1592 1310 1796 1372 activae,
1811 1305 2233 1377 contemplativa

670 1402 752 1452 vel
791 1398 1177 1455 intellectuales
1205 1408 1259 1453 c't
1280 1401 1679 1453 transductivar.
1714 1398 1805 1453 Est
1831 1413 1955 1453 vero
1977 1398 2230 1452 virtutum

672 1490 977 1541 mortalium
999 1491 1138 1551 linis.
1160 1490 1329 1557 pietas
1344 1490 1426 1543 vel
1442 1490 1769 1558 compassio:
1788 1491 2038 1543 virtutem
2052 1500 2230 1543 autem

674 1582 839 1633 animi
864 1582 974 1650 jam
1005 1583 1211 1650 purgati
1238 1597 1331 1637 seu
1379 1583 1943 1651 contemplativarum,
1972 1583 2095 1635 linis
2150 1589 2235 1634 est

676 1672 1067 1726 irrcmissibilis
1116 1672 1181 1725 ad
1235 1673 1513 1741 passiones
1553 1682 1605 1726 et
1652 1672 1894 1742 corporis
1947 1672 2231 1740 depositio.

675 1759 1118 1816 Intellectualium
1169 1778 1296 1816 vero
1350 1778 1441 1817 seu
1492 1762 1898 1831 exemplarium,
1950 1760 2230 1815 deil‘ormi-

677 1862 760 1905 tas
786 1863 841 1905 et
865 1852 1056 1922 gratia.
1088 1850 1361 1906 Virtutum
1395 1854 1557 1922 igitur
1586 1853 1781 1922 gradus
1804 1852 2013 1906 medius
2038 1860 2142 1916 est,
2164 1852 2227 1905 il-

677 1940 959 1993 luminatio
980 1952 1032 1995 et
1059 1942 1437 1996 intellectualis
1458 1942 1746 2009 explicatio
1786 1958 1801 1995 :
1831 1941 1925 2001 ita,
1957 1948 2012 1994 et
2042 1940 2229 2009 cogni-

678 2031 882 2083 tionum
912 2032 1205 2085 mediarum
1252 2032 1487 2085 medium
1523 2042 1646 2084 sunt
1701 2030 2122 2099 contemplativa
2174 2038 2231 2084 et

679 2120 1080 2175 intellectualia.
1131 2121 1317 2190 Igitur,
1352 2122 1585 2181 medium
1620 2136 1921 2191 exsequens,
1945 2123 1998 2174 in
2042 2120 2227 2174 mediis

680 2212 854 2281 frctus
883 2229 1013 2275 sunt,
1059 2215 1263 2281 inquit,
1289 2214 1340 2267 id
1369 2223 1470 2279 est,
1519 2216 1801 2284 perliciens
1845 2224 1900 2268 et
1951 2224 2229 2284 transgre-

679 2302 833 2355 diens
864 2304 1064 2357 activas
1084 2313 1137 2356 et
1163 2305 1393 2358 morales
1439 2306 1683 2367 virtutes,
1707 2316 1759 2358 et
1789 2319 1818 2357 a
1843 2304 1985 2359 vitiis
2034 2318 2230 2371 purga-

678 2404 785 2457 tus,
815 2404 869 2446 et
898 2409 928 2446 a
956 2409 1182 2463 corpore
1208 2395 1506 2465 elongatus.
1553 2395 1611 2449 ln
1646 2396 1838 2450 mediis
1885 2395 2057 2450 lactus
2109 2412 2229 2450 sum

677 2484 1098 2550 cognitionibus,
1123 2485 1553 2553 contemplativis
1574 2496 1627 2539 et
1657 2486 2110 2541 intellectualibus
2144 2496 2228 2541 :et

679 2572 998 2627 illuminavit
1020 2575 1311 2638 sitientem,
1360 2575 1451 2628 ille
1478 2593 1513 2627 a
1550 2590 1651 2645 quo
1680 2592 1828 2629 omne
1873 2578 2055 2630 datum
2094 2579 2230 2645 opti-

680 2678 822 2715 mum
880 2675 928 2717 et
1006 2681 1155 2718 autne
1244 2666 1437 2717 donum
1504 2666 1789 2734 perfectum
1846 2665 1931 2732 “;
1980 2676 2035 2721 et
2104 2683 2233 2737 pur-

683 2756 830 2823 gavit
874 2771 960 2808 me
1006 2756 1154 2809 virus
1215 2771 1336 2824 quae
1389 2756 1585 2810 talibus
1618 2756 2017 2823 operationibus
2044 2758 2232 2826 praesi-

682 2844 791 2907 det,
830 2851 884 2897 et
901 2858 1114 2897 omnem
1139 2846 1209 2897 ab
1234 2846 1414 2899 anima
1436 2846 1717 2915 caliginem
1746 2862 2078 2917 persequens
2107 2849 2231 2904 illu-

681 2933 996 2987 minetionis
1025 2935 1451 2991 immissionibus
1494 2937 1870 2993 insatiabiliter
1901 2954 1987 2994 me
2043 2940 2232 2995 sitien-

679 3035 787 3079 tem
819 3026 1195 3105 circumlulsit.
1232 3029 1293 3083 Et
1332 3037 1452 3098 post
1485 3030 1583 3084 ista
1615 3030 1639 3082 ν
1666 3029 1862 3085 lterum
1881 3042 1999 3086 erat
2030 3032 2084 3087 in
2117 3034 2228 3090 illis

2324 579 2451 631 tiam
2473 588 2526 633 et
2558 582 2793 637 studium
2820 584 3009 638 salutis
3033 583 3245 637 animae.
3294 580 3467 635 Unum
3497 582 3747 651 spiritum
3790 583 3878 635 ob-

2323 687 2467 724 serva
2487 674 2805 743 vigilantius.
2864 674 3014 731 Unus
3035 676 3319 746 spirituum
3353 675 3446 745 qui
3469 688 3681 744 semper
3698 674 3878 741 impu-

2325 771 2470 833 gnat,
2490 774 2575 819 est
2606 765 2976 822 fornicationis
3006 768 3237 832 daemon,
3261 768 3493 821 maxime
3530 765 3585 820 in
3610 765 3873 834 incipiem-

2325 853 2488 919 tibus,
2512 863 2566 909 et
2590 855 3028 927 impugnantibus
3051 872 3146 911 seu
3186 855 3610 927 proﬁcientibus,
3635 862 3719 907 est
3764 867 3879 906 aer-

2325 943 2427 998 dia:
2449 945 2678 999 da-mon.
2706 945 2762 1000 In
2795 949 2860 1003 iis
2880 958 3057 1002 autem
3084 948 3176 1017 qui
3218 947 3651 1017 appropinquant
3699 942 3879 1014 perfe-

2328 1038 2516 1103 ctioni,
2546 1046 2629 1093 est
2656 1039 2862 1093 daemon
2886 1054 3035 1094 vana!
3056 1039 3257 1109 gloriae.
3289 1036 3443 1091 Nulli
3470 1039 3557 1091 cui
3584 1039 3775 1090 turrim
3802 1036 3878 1089 uel

2328 1124 2509 1177 collem
2542 1126 2729 1195 quietis
2787 1127 3073 1195 aediﬁcare,
3111 1136 3216 1181 etc.
3245 1124 3437 1181 Turris
3460 1125 3726 1195 signiﬁcat
3751 1139 3877 1193 per-

2331 1215 2613 1271 fectionem
2637 1222 2892 1273 virtutum
2915 1234 3037 1273 eum
3056 1219 3280 1273 scientia
3292 1218 3628 1273 aedificatam.
3644 1214 3881 1282 Quicun-

2331 1322 2435 1375 que
2458 1322 2585 1377 ergo
2601 1318 2858 1378 operatus
2881 1309 3108 1363 activam
3133 1308 3319 1371 vitam,
3344 1305 3657 1377 perfectead
3673 1305 3879 1374 impas-

2332 1397 2641 1451 sibilitatem
2694 1399 2854 1453 habet
2873 1396 3249 1469 aptitudinem,
3273 1408 3329 1453 et
3376 1397 3674 1473 dispositus
3692 1405 3784 1451 est
3811 1396 3882 1449 ad

2331 1489 2739 1557 acquisitionem
2759 1492 3082 1558 naturalium
3110 1489 3642 1560 contemplativarum
3679 1496 3737 1541 et
3794 1484 3883 1540 di-

2332 1580 2576 1634 vinarum
2604 1581 2887 1637 veritatum
2910 1592 2962 1637 et
2992 1584 3301 1648 rationum;
3330 1596 3425 1650 per
3444 1596 3581 1650 quas
3601 1578 3886 1649 perﬁcitur

2333 1672 2567 1740 perfecta
2593 1675 2838 1739 scientia,
2868 1683 2922 1727 et
2941 1674 3236 1742 completur
3261 1672 3545 1727 aediﬁcatio
3591 1672 3784 1734 turris,
3829 1680 3887 1725 et

2334 1762 2551 1834 quietis,
2582 1773 2637 1847 et
2655 1766 2913 1821 virtutum
2939 1764 3419 1821 Christil‘ormium.

2708 1898 2836 1952 Car.
2866 1895 2933 1951 Χ.
2956 1893 3121 1949 σὲ-Αά
3164 1896 3386 1967 gradum
3411 1894 3503 1950 28.

2408 2030 2556 2096 Volo,
2588 2032 2683 2097 ait,
2712 2032 2879 2101 magis
2908 2030 3060 2084 verba
3079 2029 3239 2083 menti
3262 2044 3390 2083 mea
3406 2028 3596 2092 dicere,
3618 2036 3718 2083 etc.
3747 2029 3891 2082 Sen-

2329 2140 2420 2179 sus
2441 2124 2634 2179 animte
2655 2133 2740 2180 est
2766 2124 3051 2179 ineﬂ'abilis
3074 2130 3265 2193 gustus
3304 2122 3499 2177 divina!
3545 2122 3889 2175 consolatio-

2328 2218 2413 2271 nis
2440 2233 2455 2281 ;
2481 2217 2572 2285 qui
2609 2232 2733 2271 eum
2770 2215 3052 2271 eharitatis
3078 2214 3483 2285 pulchritudine
3513 2213 3593 2267 lit.
3629 2212 3891 2283 Quinque

2328 2311 2491 2380 igitur
2511 2311 2673 2365 verba
2702 2325 2863 2366 sensu
2889 2324 2988 2363 suo
3024 2308 3287 2379 loquitur,
3333 2306 3427 2376 qui
3455 2306 3593 2376 (per
3618 2303 3889 2373 Spiritum

2328 2413 2573 2459 sanctum
2601 2402 2959 2468 sensillcatus)
2989 2401 3283 2455 secundum
3310 2398 3690 2469 proprietatem
3712 2397 3893 2451 dicta-

2327 2505 2447 2544 rum
2495 2493 2749 2544 virtutum
2799 2488 3258 2550 illuminationes.
3306 2486 3486 2541 divina
3537 2471 3790 2539 incendia
3835 2494 3893 2539 et

2328 2578 2682 2649 perfectiones
2712 2579 2976 2646 intelligit,
3003 2577 3286 2647 participat
3306 2585 3360 2631 et
3384 2584 3568 2646 gustat
3593 2575 3645 2629 in
3668 2575 3735 2630 iis
3759 2590 3891 2644 qua:

2329 2674 2479 2728 dicit.
2504 2672 2753 2741 Quinque
2776 2670 2939 2725 verba
2969 2669 3101 2723 dicit
3133 2666 3313 2724 omnis
3340 2667 3534 2723 doctor
3558 2668 3652 2737 qui
3675 2681 3890 2722 conve-

2332 2762 2535 2817 nientia
2560 2761 2791 2831 singulis
2814 2758 3064 2814 sensibus
3088 2758 3181 2828 qui
3204 2758 3257 2812 in
3282 2756 3439 2813 nobis
3474 2765 3602 2813 sunt
3629 2757 3890 2826 exemplo

2330 2850 2514 2920 operis
2536 2858 2591 2903 et
2612 2849 2774 2903 verbo
2810 2847 3074 2903 doctrina:
3091 2846 3326 2902 remedia
3369 2847 3609 2917 apponit.
3639 2843 3703 2900 Iit
3768 2847 3895 2915 ipse

2329 2943 2464 2996 enim
2512 2939 2813 3009 centuplum
2861 2940 3113 3008 accipient
3163 2938 3403 2992 monacTti
3424 2955 3444 2992 :
3470 2939 3522 2992 id
3564 2948 3647 2992 est
3694 2937 3895 2993 divina

2329 3034 2491 3088 dona.
2547 3032 2700 3099 Quod
2755 3046 2884 3086 vero
2937 3040 3021 3085 est
3063 3029 3499 3085 indezvideiicet
3544 3028 3726 3096 gratia
3764 3043 3900 3096 qua:

681 3118 702 3187 (
731 3119 971 3173 subaudi
1027 3120 1246 3190 mediis)
1315 3120 1493 3175 divina
1570 3120 1890 3175 illuminatio
1935 3125 2228 3179 secundum
2257 3134 2300 3191 c
2332 3138 2428 3192 per
2451 3123 2751 3177 orationem
2783 3120 3223 3176 misericordihus
3242 3119 3521 3173 monachis
3548 3117 3899 3173 distribuun-

681 3211 1102 3279 propositionem
1125 3212 1340 3267 mentis.
1368 3212 1432 3266 Et
1457 3211 1794 3267 ﬂantmantes
1814 3213 2059 3280 allectus,
2088 3230 2233 3271 cuin-

682 3302 888 3369 pellunt
925 3313 1193 3357 amantem
1226 3305 1557 3373 interrogare
1582 3320 1612 3355 a
1634 3305 1873 3374 principe
1893 3305 2141 3372 visionis,
2165 3306 2233 3361 de

684 3392 926 3445 veritatis
951 3394 1161 3448 visione
1223 3395 1336 3448 sive
1356 3394 1634 3463 symbolis,
1666 3404 1719 3447 et
1761 3395 1828 3448 de
1875 3394 2052 3449 Verbo
2105 3406 2232 3452 ante

683 3483 1107 3550 assumptionem
1134 3484 1382 3537 humanae
1404 3493 1629 3546 naturae,
1658 3493 1713 3538 et
1739 3500 1859 3554 qua:
1876 3501 2230 3556 consequun-

686 3583 775 3627 tur
796 3573 937 3626 sicut
965 3574 1211 3641 superius
1234 3570 1512 3643 leguntur!

756 3663 887 3717 Cum
941 3664 1175 3731 procedis
1234 3674 1541 3734 congregata
1593 3667 1817 3719 custodi.
1888 3667 1943 3720 Id
1998 3680 2101 3732 est,
2171 3684 2235 3724 os

683 3768 835 3811 tuum
864 3766 918 3809 et
947 3772 1041 3809 cor
1101 3765 1249 3810 tuum
1290 3758 1343 3811 in
1376 3757 1738 3813 locutionibus
1773 3759 2005 3823 custodi,
2038 3776 2235 3817 cavens

685 3851 965 3919 prepalare
998 3850 1219 3905 virtutes
1269 3853 1418 3921 quia,
1474 3867 1567 3907 ore
1614 3852 1896 3917 inutiliter,
1947 3853 2235 3910 indiscrete

685 3948 737 3993 ct
764 3956 896 3995 vane
920 3952 1127 4010 aperto,
1147 3934 1373 3999 virtutes
1396 3959 1516 4013 qua:
1542 3956 1774 4001 mentem
1799 3946 1865 4001 ad
1897 3945 2064 4001 Deum
2091 3948 2234 4002 exal-

686 4028 914 4096 tabant,
971 4035 1269 4100 perduntur
1329 4043 1383 4111 et
1432 4036 1614 4089 volant
1675 4044 1728 4089 et
1776 4037 2074 4107 disparem.
2137 4039 2235 4094 Ori

686 4124 825 4175 enim
868 4126 1075 4192 procaci
1129 4126 1510 4195 appropinquat
1559 4126 1715 4179 ruina
1752 4126 1797 4158 "
1855 4146 1869 4181 :
1947 4128 2231 4185 Silentium

688 4227 816 4265 vero
896 4225 985 4269 este
1060 4217 1319 4272 virtutum
1406 4218 1671 4273 custodia.
1746 4218 2060 4283 Patientia,
2148 4232 2229 4276 est

692 4304 977 4358 vexationis
1010 4310 1238 4374 quotidie
1275 4320 1580 4378 exspectata
1616 4310 1877 4378 deﬁnitio.
1930 4310 2238 4367 Secundum

691 4404 1001 4443 mensuram
1028 4392 1367 4460 humilitatis,
1398 4399 1557 4450 datur
1580 4397 1841 4466 patientia
1863 4396 1915 4449 in
1938 4397 2238 4451 tribulatio-

692 4482 852 4535 nibus
876 4490 930 4535 et
955 4484 1357 4549 tentationibus,
1384 4497 1437 4541 et
1462 4489 1757 4543 secundum
1792 4488 2123 4556 patientiam.
2158 4490 2238 4542 al-

693 4577 901 4629 levatur
937 4590 1075 4629 onus
1105 4576 1527 4640 tribulationum.
1561 4590 1614 4635 ct
1638 4582 2095 4645 consolationum,
2145 4599 2240 4653 per

689 4684 808 4722 eam
843 4682 1091 4737 pergens,
1126 4667 1425 4735 participat.
1465 4683 1518 4723 et
1572 4675 1866 4728 secundum
1912 4676 2239 4731 consolatio-

691 4775 811 4812 nem
841 4759 1212 4829 magnilicatur
1235 4757 1472 4813 charitas
1496 4760 1612 4828 ejus
1655 4765 1721 4818 ad
1752 4764 1939 4833 Deum,
1966 4775 2021 4820 et
2042 4783 2239 4822 secun-

692 4851 819 4903 dum
843 4851 1187 4914 eharitatem,
1212 4848 1449 4917 possidet
1469 4852 1739 4919 gaudium.
1763 4857 1904 4913 Sane
1924 4860 2238 4927 patientiam

692 4943 896 5010 peperit
922 4956 1043 5009 spes
1074 4953 1127 4997 et
1150 4942 1466 5010 luctus,,qui
1488 4957 1615 4996 vero
1641 4944 1757 4997 sine
1781 4947 1866 5001 his
1893 4950 2104 5007 duobus
2147 4966 2241 5006 cx-

693 5034 850 5098 stitit,
879 5033 1077 5088 acedire
1100 5039 1291 5087 tectus
1320 5041 1403 5087 est
1429 5033 1493 5085 ad
1522 5034 1702 5086 omnia
1731 5036 1896 5104 piger.
1929 5038 2046 5093 Non
2093 5043 2239 5096 enim

692 5124 788 5193 qui
816 5122 937 5176 talis
959 5133 1060 5184 est.
1096 5124 1332 5192 possidet
1362 5123 1721 5179 lcstinantiam
1745 5125 1896 5181 bonae
1927 5132 2237 5200 voluntatis,

695 5215 788 5269 scd
821 5214 1144 5277 in-omnibus
1169 5216 1421 5284 operibus
1447 5215 1562 5270 suis
1587 5216 1836 5270 anxiatur
1886 5229 1940 5273 et
1976 5225 2240 5293 impotens

698 5304 755 5357 lit
808 5315 864 5358 et
889 5312 1041 5373 putat
1101 5304 1498 5372 impotentiam,
1542 5305 1782 5371 taedium,
1827 5316 1881 5361 et
1921 5310 2237 5369 diserasium

700 5394 915 5458 acediw,
938 5394 1302 5449 inﬁrmitatem
1328 5396 1570 5465 corporis
1599 5410 1759 5460 esse;
1809 5406 1863 5450 et
1885 5398 1957 5451 ita
2003 5405 2237 5473 seipsum

701 5486 839 5540 sizut
866 5486 1137 5541 iulirmum
1186 5497 1427 5551 excusat,
1458 5488 1595 5559 gula
1626 5490 1867 5544 serviens
1886 5500 1940 5544 et
1966 5496 2076 5548 otio
2104 5514 2236 5567 quo-

771 5636 951 5694 “Jac.
994 5657 1030 5705 I,
1064 5642 1147 5694 Π.
1221 5642 1266 5672 ⁸⁸
1304 5643 1459 5698 Prov.
1490 5660 1630 5710 xxvr,
1669 5644 1757 5697 28.

776 5787 887 5861 (29)
912 5785 1074 5847 Vetus
1100 5794 1381 5863 interpres,
1409 5811 1514 5861 ore,
1549 5795 1725 5850 anima
1750 5801 1798 5849 et
1823 5793 2031 5864 spiritu.

2332 3231 2422 3270 tur
2444 3216 2499 3270 in
2531 3232 2597 3271 eo
2622 3217 2763 3283 quod
2785 3225 2891 3279 est,
2921 3215 2973 3269 id
3022 3224 3125 3280 est,
3166 3214 3274 3268 vita
3313 3226 3513 3267 aitet-na
3539 3222 3594 3265 et
3632 3212 3778 3265 bona
3809 3212 3897 3265 in-

2330 3308 2697 3377 corruptibilia
2728 3324 2850 3377 qua:
2876 3309 2957 3362 eis
3005 3306 3392 3361 retribuentur.
3416 3302 3529 3372 Ego
3555 3304 3704 3356 unius
3764 3306 3899 3356 sub-

2331 3399 2543 3453 stantia
2567 3398 2700 3449 duas
2749 3398 3018 3457 essentias,
3043 3405 3146 3450 etc.
3178 3393 3339 3460 Quasi
3361 3392 3507 3447 dicat
3527 3409 3543 3446 :
3562 3391 3693 3461 Ego.
3723 3391 3901 3447 dil‘e—

2333 3496 2515 3541 rentes
2537 3485 2683 3554 ipsas
2704 3485 3043 3553 exsistentes.
3071 3484 3233 3538 unius
3281 3483 3405 3537 dico
3432 3497 3556 3561 esse
3606 3484 3896 3552 operatio-

2333 3580 2420 3632 nis
2442 3587 2494 3631 et
2517 3576 2847 3632 substantiae.
2874 3575 3025 3639 Quod
3044 3575 3217 3629 uidens
3256 3575 3427 3644 ignem
3456 3585 3506 3628 et
3522 3590 3733 3641 aquam.
3805 3574 3898 3644 lg-

2334 3679 2457 3718 nem
2482 3666 2775 3726 ardentem,
2819 3677 2883 3715 ex
2914 3660 3023 3715 Deo
3050 3661 3427 3717 devotionem:
3461 3669 3517 3716 et
3560 3676 3756 3731 aquam
3809 3662 3897 3716 la-

2335 3768 2545 3825 crymas
2576 3752 2723 3807 dicit.
2758 3751 2870 3806 Uno
2894 3768 3028 3820 swpe
3060 3751 3209 3806 verbo
3224 3752 3490 3805 incautius
3518 3755 3725 3813 emisso,
3746 3767 3891 3822 pro—

2333 3840 2463 3911 pria:
2484 3839 2967 3894 commendationis
2992 3848 3046 3894 et
3071 3839 3435 3910 gloriationis.
3470 3839 3632 3894 Aliud
3655 3848 3733 3895 est
3761 3857 3892 3897 cre-

2335 3933 2497 3998 brius,
2527 3932 2679 3987 corde
2728 3932 3005 4001 speculari.
3058 3931 3273 3987 Visitari
3298 3931 3535 4001 quidem,
3560 3929 3728 3985 estad
3756 3946 3896 4001 pro—

2335 4024 2505 4092 priam
2524 4022 3009 4077 considerationem
3036 4038 3103 4077 ex
3126 4022 3449 4077 contritione
3471 4025 3902 4093 superveniente

2334 4116 2571 4169 converti
2585 4124 2635 4169 et
2650 4113 3074 4180 contemplari,et
3089 4123 3489 4183 congregare,et
3502 4129 3901 4182 curamgerere

2334 4207 2402 4259 de
2420 4206 2487 4259 iis
2514 4220 2633 4275 qua:
2647 4215 2773 4278 sunt
2790 4205 2854 4258 ad
2879 4202 3127 4268 Deum,in
3148 4204 3355 4273 seipso;
3382 4205 3601 4259 visitare
3619 4220 3751 4260 vero
3778 4217 3897 4273 est,

2338 4298 2563 4351 aliorum
2613 4295 2962 4365 principative
3019 4302 3072 4348 et
3138 4296 3541 4350 sacerdotaliter
3586 4298 3901 4355 emundare

2339 4386 2521 4449 corda,
2551 4394 2605 4439 et
2626 4384 2829 4439 hostias
2855 4384 3242 4453 accceptabiles
3285 4385 3483 4440 multas
3515 4385 3620 4439 Deo
3660 4384 3899 4456 oll‘erre,

2340 4479 2519 4545 verbo,
2539 4477 2780 4533 oratione
2824 4487 2878 4532 ct
2916 4477 3180 4547 exemplo.
3227 4477 3471 4543 Visitare,
3502 4488 3583 4533 est
3621 4479 3904 4537 continue

2339 4581 2390 4623 et
2412 4570 2514 4623 lixe
2539 4570 2764 4639 teipsum
2786 4570 3148 4633 considerare,
3171 4577 3226 4623 et
3282 4568 3399 4624 sine
3427 4561 3751 4624 remissione
3802 4570 3904 4626 in-

2340 4670 2611 4716 cessanter
2630 4662 2958 4731 conspicere,
2987 4672 3040 4715 et
3062 4675 3259 4715 census
3280 4670 3441 4730 atque
3471 4659 3733 4730 potentias
3764 4663 3902 4715 ani-

2340 4767 2442 4806 ma:
2465 4764 2518 4806 et
2542 4754 2780 4823 corporis
2804 4752 3149 4822 principative
3164 4765 3509 4821 congregare,
3536 4759 3589 4805 et
3606 4765 3698 4818 per
3722 4750 3903 4807 inde-

2339 4845 2595 4900 sinentem
2621 4847 2916 4900 orationem
2941 4844 3131 4898 devote
3162 4841 3273 4897 Deo
3295 4841 3508 4897 offerre.
3538 4838 3726 4903 Corde,
3767 4845 3904 4898 cui.

2341 4952 2423 4988 mo
2438 4946 2485 4989 et
2503 4938 2691 5005 spiritu
2708 4935 2819 5007 (29)
2845 4976 2857 4989 .
2874 4934 3119 4989 Animam
3136 4933 3290 4998 dicit,
3316 4932 3598 4987 sensitivas
3615 4938 3670 4985 et
3690 4930 3903 4990 vitales

2340 5029 2628 5096 potentias,
2670 5029 2916 5099 spiritum
2947 5040 3075 5081 vero
3099 5063 3114 5088 ,
3158 5024 3536 5079 deliberativas
3575 5014 3905 5080 voluntates

2341 5130 2395 5173 et
2418 5118 2801 5176 intellectuales
2829 5119 3161 5182 aﬂ‘ectiones,
3195 5115 3429 5186 Spiritus
3456 5114 3640 5180 etiam,
3665 5117 3905 5173 estani-

2343 5227 2429 5265 ma
2464 5214 2736 5269 rationalis
2764 5222 2817 5268 et
2862 5207 3255 5275 intellectualis,
3288 5216 3342 5261 et
3362 5215 3535 5261 totum
3585 5206 3776 5274 simul,
3811 5209 3904 5265 di-

2344 5303 2482 5357 citur
2514 5304 2764 5372 Spiritus.
3218 5368 3221 5369 ν
3379 5338 3384 5342 -

2345 5394 2644 5465 Expliciunt
2673 5396 2858 5467 glossa:
2886 5393 3056 5447 sancti
3080 5389 3148 5444 P.
3174 5388 3248 5444 N.
3280 5389 3504 5442 Joannis
3521 5388 3729 5445 abbatis
3746 5388 3902 5461 Rag-

2719 5494 2828 5557 tlm,
2856 5505 3008 5559 super
3038 5487 3259 5541 testibus
3279 5483 3517 5541 Climaci.
