4032 6340
627 495 765 566 1255
1934 485 2106 553 ῩΙΤΑ
2144 488 2519 554 ΑΒΑΤΗῙᾹΞ.
3703 486 3833 548 1256

642 632 3826 676 W

1333 793 1480 882 DE
1570 791 1852 882 Vl'l‘A
1946 790 2503 879 AGATHUE
2605 719 3181 925 MYBINAEl

1626 965 1956 1039 EJUSQUE
1987 966 2232 1026 LIBRIS
2264 964 2809 1026 HISTORLARUM.

700 1114 962 1185 Agathias
990 1121 1151 1167 natus
1181 1120 1267 1168 est
1297 1109 1519 1181 Myrina:
1542 1110 1617 1181 (α)
1649 1110 1703 1165 in
1734 1109 1954 1166 Eolide
1979 1111 2123 1166 Asiae
2150 1109 2227 1182 (b)
2257 1130 2271 1165 :
2320 1120 2473 1182 patre
2505 1110 2834 1173 Memnonio,
2865 1108 3086 1166 rhetore
3107 1108 3206 1181 (ο),
3234 1117 3411 1165 matre
3429 1108 3695 1174 Periclea,
3727 1126 3859 1169 ma-

650 1206 1174 1262 trona‘sanctissima
1196 1246 1214 1271 ,
1233 1218 1397 1273 quam
1422 1202 1647 1257 triennis
1670 1202 1852 1258 amisit
1882 1200 1982 1271 (ά).
2031 1200 2154 1257 Haec
2180 1217 2302 1256 cum
2348 1211 2562 1257 mortua
2591 1216 2655 1256 ac
2693 1201 2901 1272 sepulta
2950 1202 3025 1255 sit
3047 1199 3554 1272 Constantinopoli,
3586 1202 3857 1271 credibile

626 1308 713 1351 est
743 1307 945 1367 patrem
993 1312 1112 1353 sese
1165 1296 1293 1350 illuc
1324 1296 1377 1349 in
1402 1295 1589 1349 urbem
1620 1297 1823 1365 regiam
1853 1297 2169 1361 contulisse,
2210 1298 2276 1352 ad
2300 1313 2463 1368 quam
2497 1296 2737 1366 undique
2775 1312 2842 1352 ex
2871 1296 3167 1367 provinciis
3193 1295 3367 1352 Graeci
3416 1298 3681 1353 sermonis
3708 1312 3856 1352 eon-

630 1389 869 1442 fluehant
913 1389 1003 1458 qui
1033 1388 1295 1442 doctrina:
1346 1387 1667 1456 ingenioque
1698 1387 2054 1442 conﬁderent.
2114 1386 2358 1444 Fratrem
2389 1388 2583 1442 habuit
2613 1386 2788 1442 virum
2821 1388 3149 1443 honoratum
3174 1426 3191 1451 ,
3215 1387 3376 1457 cujus
3416 1398 3591 1441 tamen
3636 1401 3853 1442 nomen

632 1482 945 1551 ignoramus
974 1481 1044 1553 (ε)
1072 1500 1087 1535 :
1142 1495 1381 1535 sororem
1424 1478 1711 1550 Eugeniam
1735 1522 1750 1546 ,
1782 1482 1995 1534 doctam
2031 1482 2261 1549 puellam
2283 1522 2298 1545 ,
2324 1482 2558 1536 discordi
2603 1480 2945 1535 matrimonio
2980 1494 3102 1534 cum
3132 1477 3415 1534 Theodoto
3437 1477 3670 1549 quodam
3699 1492 3851 1533 con-

624 1570 870 1639 junctam
908 1562 1033 1643 (f).
1055 1570 1363 1641 Agatbiam,
1394 1571 1685 1639 penultima
1718 1571 1925 1645 syllaba
1954 1581 2221 1640 correpta,
2250 1588 2352 1627 nos
2382 1587 2681 1637 vocamus;
2714 1569 2885 1625 Graeci
2920 1571 3059 1624 idem
3091 1584 3308 1645 nomen,
3338 1583 3439 1638 pro
3466 1578 3727 1624 accentus
3755 1583 3848 1622 ra.

631 1664 799 1729 tione,
826 1664 1113 1731 Agatltiam
1163 1665 1483 1733 proferunt:
1521 1661 1682 1732 idque
1711 1676 1837 1717 eum
1874 1664 2047 1732 ipsum
2068 1704 2085 1728 ,
2111 1674 2442 1734 cazterosque
2465 1664 2611 1718 illitts
2640 1665 2739 1717 aevi
2790 1662 3058 1727 homines,
3097 1661 3312 1728 fecisse,
3347 1662 3421 1715 ita
3452 1671 3509 1715 ut
3546 1661 3861 1730 penultima

632 1756 788 1824 longa
818 1763 1117 1819 uterentur,
1148 1769 1212 1807 ex
1238 1753 1427 1829 lipsius
1452 1754 1857 1823 epigrammatis
1900 1764 2126 1824 apparet
2164 1756 2259 1826 (g).
2302 1756 2614 1827 Disciplinis
2654 1754 2992 1818 litterarum,
3042 1768 3203 1824 quas,
3244 1746 3345 1823 qui
3401 1752 3605 1808 liberali
3658 1752 3861 1807 animo

631 1858 831 1913 essent,
861 1848 1227 1918 percipiebant
1253 1859 1539 1916 antequam
1571 1864 1629 1903 se
1654 1850 1720 1902 ad
1754 1851 1934 1919 legum
1960 1848 2327 1905 Romanarum
2358 1850 2600 1905 studium
2631 1856 3027 1910 converterent,
3052 1847 3393 1902 Alexandriae
3418 1846 3619 1902 studuit
3645 1864 3661 1900 :
3699 1844 3861 1899 unde

632 1959 777 1998 anno
804 1942 911 1997 554
934 1982 950 2007 ,
990 1940 1282 1997 Iustiniani
1313 1944 1573 1998 vicesimo
1598 1952 1813 2012 octavo,
1862 1952 1985 2012 post
2019 1944 2332 2001 horribilem
2362 1955 2521 1999 terra;
2550 1952 2790 2008 motum,
2824 1957 2986 2013 quem
3017 1941 3339 1996 Alexandria
3387 1942 3532 2011 ipsa,
3562 1954 3861 2010 nunquam

633 2044 794 2089 antea
828 2035 1029 2089 moveri
1062 2034 1218 2089 solita
1238 2076 1253 2101 ,
1285 2043 1560 2100 senserat,
1588 2034 2112 2105 Constantinopolim
2151 2052 2434 2108 regressus
2460 2047 2544 2090 est
2568 2035 2666 2105 (It).
2705 2033 2874 2101 Quem
2906 2034 3210 2090 studiorum
3258 2034 3577 2104 jurenilium
3611 2045 3861 2088 cursum

630 2128 723 2197 qui
755 2127 1104 2197 repntaverit,
1139 2142 1244 2180 non
1284 2126 1553 2181 dubitabit
1579 2125 1864 2196 Agathiam
1895 2136 2023 2182 tunc
2045 2122 2313 2183 decimum
2334 2137 2585 2183 octavum
2608 2126 2782 2181 artatis
2802 2141 3005 2203 annum
3035 2140 3312 2197 egressum
3339 2140 3451 2179 non
3479 2124 3659 2188 fuisse,
3689 2124 3863 2193 ejus-

630 2234 738 2290 que
768 2219 999 2274 natalem
1044 2221 1098 2272 itt
1135 2232 1339 2271 annum
1365 2216 1488 2281 536,
1522 2217 1604 2270 vel
1643 2225 1955 2286 sequentem
1979 2260 1995 2285 ,
2040 2219 2296 2275 incidere.
2353 2218 2488 2273 Cum
2538 2231 2668 2271 vero
2700 2217 2926 2287 Berytus
2966 2215 3059 2270 illa
3092 2215 3249 2271 clade
3269 2215 3505 2284 collapsa
3530 2224 3691 2276 esset,
3723 2231 3859 2275 non

630 2311 853 2365 dubium
886 2318 972 2365 est
993 2324 1117 2363 eum
1162 2309 1217 2361 in
1248 2307 1382 2362 urbe
1413 2309 1560 2379 regia
1588 2320 1958 2365 antecessores
1989 2310 2279 2365 audivisse.
2319 2296 2452 2376 Quae
2490 2308 2667 2365 studia
2700 2323 2823 2363 cum
2852 2307 3092 2378 quinque
3116 2321 3292 2363 annos
3319 2306 3619 2377 implerent,
3654 2318 3836 2377 quart

634 2404 688 2457 in
725 2404 957 2473 quodam
986 2402 1371 2472 epigrammate
1400 2401 1645 2454 meminit
1668 2402 1732 2471 (i)
1755 2420 1770 2468 ;
1796 2410 1851 2457 et
1874 2402 2001 2457 alibi
2028 2401 2172 2472 leges
2201 2402 2476 2456 Romanas
2507 2410 2679 2455 artem
2713 2416 2868 2455 suam
2887 2414 3008 2455 esse
3037 2400 3153 2469 ipse
3179 2398 3458 2468 profitetur
3479 2397 3581 2469 (j);
3604 2413 3854 2467 quarm-

636 2496 993 2563 cognitionem
1048 2509 1170 2548 cum
1223 2490 1433 2547 dicendi
1483 2492 1738 2548 facultate
1793 2494 1866 2548 ita
1919 2494 2199 2564 conjunxtt
2254 2504 2316 2550 ut
2372 2510 2566 2549 causas
2615 2502 2741 2547 ante
2790 2491 3078 2547 tribunalia
3132 2501 3316 2545 oraret
3346 2507 3361 2545 :
3394 2490 3553 2559 idque
3576 2488 3865 2543 Constan-

637 2592 902 2661 tinopoli,
937 2590 1028 2644 ubi
1068 2592 1123 2644 in
1171 2590 1391 2644 basilica
1437 2589 1727 2645 clientibus
1766 2605 1983 2659 operam
2018 2591 2180 2645 dabat
2220 2591 2316 2660 (Ir).
2384 2590 2656 2645 Causidici
2709 2599 2841 2643 tunc
2877 2585 3195 2643 scholastici
3217 2585 3547 2641 vocabantur
3568 2583 3663 2655 (ι),
3697 2586 3863 2641 unde

632 2683 877 2752 Agathine
910 2696 1207 2751 cognomen
1241 2682 1416 2735 haesit.
1457 2679 1653 2735 Tenuit
1681 2690 1862 2735 autem
1896 2682 2036 2735 istud
2068 2682 2194 2736 vita:
2231 2697 2404 2752 genus
2445 2682 2667 2741 invitus,
2698 2694 2763 2734 ac
2795 2679 3122 2734 necessitate
3152 2687 3398 2743 coactus,
3428 2684 3488 2731 ut
3510 2676 3705 2731 victum
3737 2675 3862 2731 sibi

631 2783 899 2843 qumreret
923 2773 1060 2844 (in):
1100 2789 1225 2827 nam
1266 2774 1333 2827 ad
1372 2771 1671 2827 ammniora
1701 2773 1874 2828 studia
1922 2790 1981 2829 se
2009 2777 2233 2830 vocabat
2271 2774 2665 2830 adolescentem
2716 2772 2942 2826 honesta
2968 2771 3239 2826 voluntas.
3279 2769 3575 2825 Exaruerat
3601 2768 3861 2824 nondum

631 2866 834 2935 pessis,
867 2866 1224 2935 vivebantque
1254 2865 1431 2918 adhuc
1462 2865 1515 2918 in
1547 2881 1640 2919 ore
1668 2865 1952 2919 hominum
2001 2864 2199 2921 fabulae
2227 2866 2511 2921 vetustatis
2543 2882 2557 2919 :
2609 2864 2741 2934 quin
2788 2863 3053 2919 florebant
3104 2864 3158 2918 in
3200 2862 3327 2919 aula
3369 2863 3485 2934 ipsa
3515 2870 3675 2932 atque
3700 2862 3864 2921 inter

631 2969 883 3023 proceres
910 2956 1002 3023 qui
1032 2955 1277 3009 versibus
1306 2956 1601 3025 pangendis
1626 2956 1852 3025 gloriam
1880 2957 1984 3011 sibi
2009 2965 2342 3027 qumrerent:
2373 2971 2683 3026 quanquam
2709 2970 2816 3009 non
2836 2954 3151 3010 imminebat
3180 2954 3357 3009 solum
3381 2969 3585 3018 verum,
3612 2952 3859 3024 jamjzun

634 3045 1039 3116 ingravescebat
1067 3045 1364 3106 barbaries,
1392 3058 1511 3112 quae
1538 3059 1683 3109 mox,
1704 3045 1976 3100 exs‘incto
1999 3047 2213 3114 penitus
2238 3045 2577 3114 antiquitatis
2604 3044 2831 3107 lumine,
2855 3042 3202 3099 densissimis
3231 3043 3488 3110 tenebris,
3520 3058 3863 3115 morumque

637 3137 990 3200 immanitate,
1018 3133 1232 3189 Graecas
1259 3133 1506 3202 regiones
1535 3132 1775 3201 foedavit,
1803 3143 2189 3206 stuporemqne
2212 3151 2311 3205 pro
2334 3134 2616 3205 prudentia
2650 3134 2879 3190 induxit.
2919 3135 2999 3190 Ad
3032 3133 3196 3191 hasce
3217 3135 3441 3192 delicias
3464 3134 3717 3205 Agathias
3742 3137 3860 3191 de-

638 3233 799 3296 latus,
836 3233 1070 3302 primum
1100 3230 1364 3284 amatoria
1385 3230 1626 3284 carmina
1658 3231 1838 3285 brevia
1864 3231 2099 3300 scripsit,
2130 3247 2249 3300 qua:
2278 3232 2331 3285 in
2360 3246 2551 3285 novem
2587 3230 2774 3296 libros,
2804 3230 3116 3301 Daphniaca
3140 3230 3454 3300 inscriptos,
3479 3229 3687 3298 collegit
3715 3227 3817 3301 (ιι)
3837 3247 3857 3285 :

634 3324 899 3394 pluraque
927 3331 1184 3392 praterea
1205 3321 1448 3390 ejusdem
1476 3321 1687 3390 generis
1714 3323 1856 3376 alia:
1889 3336 2169 3391 equorum
2195 3337 2424 3376 numero
2449 3321 2616 3375 multa
2637 3330 2930 3392 supersunt
2948 3322 3361 3392 epigrammata,
3394 3335 3504 3375 non
3529 3320 3858 3376 invenusta.

634 3414 826 3471 Postea
849 3455 865 3479 ,
905 3413 998 3468 sed
1033 3424 1287 3483 regnante
1316 3413 1495 3467 adhuc
1520 3410 1826 3466 Jnstiniano
1856 3415 1961 3483 (ο),
1995 3413 2243 3483 collegit,
2275 3421 2441 3481 atque
2471 3413 2532 3467 in
2588 3421 2789 3481 septem
2816 3412 2985 3466 libros
3012 3412 3271 3481 digessit,
3298 3410 3719 3481 epigrammata,
3776 3412 3860 3467 si-

643 3510 859 3578 quidem
894 3506 1010 3575 ejus
1039 3506 1199 3559 verba
1228 3504 1294 3558 ad
1328 3505 1561 3557 litteram
1584 3504 1985 3573 interpretanda
2015 3511 2144 3559 sunt
2174 3504 2538 3581 recentiorum
2558 3544 2574 3568 ,
2602 3501 2844 3557 nondum
2873 3502 3017 3555 edita
3038 3502 3115 3571 (ρ)
3141 3518 3155 3554 t
3196 3501 3339 3570 quod
3366 3501 3413 3556 si
3453 3500 3529 3555 ita
3554 3510 3670 3567 est,
3692 3516 3863 3572 qua-

636 3605 855 3669 cu‘nque
909 3600 963 3652 in
1005 3600 1110 3651 hoc
1137 3613 1333 3667 genere
1357 3596 1665 3651 Iustiniano
1693 3599 2035 3666 antiquiora,
2079 3606 2205 3665 post
2257 3596 2562 3665 Philippunt
2594 3594 3130 3649 Thessalonicensem
3179 3593 3419 3663 scripta,
3463 3593 3707 3664 legimus.
3740 3596 3862 3651 alia

636 3704 837 3744 corona
860 3730 873 3751 ,
899 3688 1053 3757 cujus
1078 3689 1283 3740 mentio
1315 3686 1495 3739 omnis
1523 3687 1762 3755 perierit,
1789 3687 2177 3754 comprehensa
2210 3686 2378 3739 fuisse
2411 3699 2635 3739 necesse
2656 3692 2757 3737 est.
2798 3683 2916 3749 Qua
2940 3698 3101 3753 opera
3120 3725 3138 3751 ,
3164 3699 3330 3754 quam
3362 3674 3647 3739 Theodero
3672 3683 3863 3742 Decu—

639 3784 778 3837 t-ioni
810 3781 883 3851 (ιι)
927 3779 1239 3849 inscripsit,
1296 3779 1469 3849 palam
1507 3787 1591 3833 est
1620 3794 1745 3832 eum
1787 3780 2186 3848 potentiorum,
2221 3782 2410 3849 quales
2466 3778 2667 3833 Paulus
2696 3777 3039 3834 Silentiarius
3084 3776 3539 3849 lacedoniusque
3585 3784 3858 3839 exconsul

633 3885 813 3940 erant,
842 3888 1074 3943 quorum
1108 3871 1339 3942 plurima
1370 3871 1655 3940 colligebat
1684 3871 2006 3939 poematica,
2039 3870 2281 3926 favorem
2307 3879 2632 3939 aucupatum
2658 3883 2801 3924 esse.
2838 3868 2914 3923 Ex
2945 3868 3030 3925 bis
3059 3868 3287 3925 Paulum
3316 3869 3567 3943 laudibus
3594 3885 3703 3924 non
3743 3871 3857 3928 int-

638 3966 847 4023 meritis
876 3966 1107 4031 extollit,
1144 3975 1303 4032 atque
1333 3964 1547 4019 clientis
1575 3964 1764 4019 oﬂiciis
1794 3965 2024 4019 comiter
2052 3965 2233 4019 colere
2265 3964 2476 4018 videtur
2496 3962 2587 4033 (r).
2633 3960 2749 4017 lloc
2788 3961 2906 4033 ipso
2933 3961 3127 4029 Paulo,
3165 3964 3268 4018 nisi
3298 3967 3387 4017 nte
3409 3961 3721 4032 conjectura
3751 3964 3855 4020 de-

2294 4121 2397 4176 sub
2424 4118 3231 4191 PalmologisConstantinopoli
3255 4119 3575 4191 obtinuisse.
3608 4119 3723 4177 Hoc
3746 4123 3851 4191 qui

2293 4191 2626 4261 perspexerit
2641 4190 2798 4245 facile
2811 4189 3069 4260 intelliget
3080 4189 3364 4257 Agathiam
3394 4189 3641 4261 nostrum
3654 4189 3853 4259 Χερὶο-

2292 4261 2414 4323 νεὺς
2464 4260 2640 4329 prima
2699 4269 2945 4329 correpta
2975 4260 3285 4329 protulisse.
3338 4260 3891 4329 repudiandamque-

2290 4342 2411 4383 esse
2439 4328 2822 4399 conjecturam
2862 4328 2987 4398 quae
3030 4329 3203 4399 epigr.
3264 4328 3409 4399 £00.:
3442 4331 3647 4399 ᾳτῆσαν
3699 4328 3852 4383 Χαι-

2292 4396 2466 4478 proch
2488 4396 2896 4478 Bl’tlJﬂrﬁqEV'td
2920 4396 3173 4478 ξερώνίῦ
3194 4398 3359 4454 scribi
3379 4396 3551 4466 jubet.

2291 4675 2402 4739 cari
2436 4674 2597 4744 posse
2636 4674 2906 4731 videntur.
2949 4675 3208 4743 Agatltias
3241 4680 3394 4726 trans
3424 4682 3635 4742 portum
3657 4674 3709 4728 in
3736 4674 3847 4729 ’re-

2210 4803 2218 4813 ,
2292 4743 2449 4811 gione
2497 4743 2679 4800 Peraea
2734 4746 3069 4813 morabatur,
3122 4752 3182 4813 ut
3222 4744 3846 4813 postremorumdecetn

2292 4813 2551 4869 librorum
2582 4815 2935 4885 singularium
2970 4810 3370 4885 difﬁcultatibus
3404 4811 3673 4868 soluendis
3697 4827 3846 4883 ope-

2294 4897 2406 4935 ram
2428 4885 2600 4947 daret,
2629 4880 2818 4954 procul
2844 4884 2913 4937 ab
2935 4884 3085 4937 urbis
3111 4880 3338 4949 strepitu
3364 4892 3623 4936 remotus.

2367 4954 2434 5022 (ἱ)
2465 4954 2768 5022 Promm._l.
2798 4968 2849 5006 c.
2966 5019 3053 5022 __A
3124 4966 3127 4969 ‘

2362 5017 2435 5093 (Ir)
2475 5024 2611 5077 Hist.
2647 5020 2735 5085 ΙΙΙ,
2768 5022 2818 5087 l,
2862 5036 2917 5091 p.
2958 5019 3081 5074 £38.
3128 5017 3282 5086 Quod
3335 5018 3586 5093 βων-ηε
3630 5034 3839 5080 causas

2291 5088 2477 5163 orasse
2504 5088 2881 5163 conjecerunt,
2904 5100 3188 5163 propterea
3206 5088 3354 5158 quod
3379 5088 3677 5163 Σμυρναῖον
3708 5107 3845 5163 σιρ-

2290 5160 2541 5215 λαστικὺν
2595 5160 2651 5214 ίη
2704 5160 2859 5214 libris
2916 5160 3407 5225 corruptis_vocarl
3454 5160 3845 5225 vidissent,"id

2289 5244 2418 5285 vero
2470 5246 2643 5300 usque
2682 5232 2749 5285 ad
2792 5222 3140 5283 stoliditatem
3177 5222 3428 5298 argutum
3456 5222 3845 5286 ostentante.-

2290 5307 2424 5354 tum.

2362 5369 2422 5438 (ι)
2456 5368 2570 5424 Jac.
2594 5365 2842 5438 Gothofr.
2868 5364 2935 5419 ad
2949 5361 3014 5419 C.
3031 5360 3387 5432 Thcod.Vlll,
3408 5366 3494 5432 10,
3511 5365 3743 5424 231⁵011.
3767 5369 3841 5426 ιι.

2290 5453 2345 5508 p.
2367 5436 2491 5503 627,
2510 5440 2609 5508 εει.
2649 5436 2799 5508 Lips.

708 4126 786 4197 (οι)
836 4126 1083 4197 Promm.
1128 4121 1271 4197 llist.
1333 4137 1397 4197 ι).Δ
1430 4123 1496 4197 _§,
1530 4122 1627 4197 _9,_
1660 4122 1746 4177 ed.
1792 4120 1972 4197 Bono.
2008 4121 2198 4191 Smyr-

639 4192 790 4249 ntus
818 4195 1011 4247 vitiose
1035 4194 1235 4247 dicitur
1260 4193 1399 4261 apttd
1428 4192 1745 4257 Eudociam,
1771 4201 1933 4262 atque
1960 4192 2013 4245 in
2054 4207 2193 4245 non-

643 4266 806 4317 nullis
830 4264 1009 4316 Suidte
1037 4262 1339 4316 codicibus.

715 4332 785 4403 (ὁ)
822 4331 975 4403 pride
995 4333 1224 4400 Asianus
1236 4338 1473 4403 _vocatur
1499 4330 1552 4383 in
1579 4328 1899 4403 Antbologia
1919 4330 2190 4403 l’alatina.

714 4398 784 4469 (c)
821 4400 1049 4453 Pt'omm.
1083 4404 1119 4453 Ι.
1142 4398 1203 4454 ⁷ο.
1235 4398 1577 4470 Epigramma
1627 4398 1897 4455 Michaelii
1927 4400 2069 4454 inter
2110 4407 2193 4453 te-

641 4470 917 4528 stimonia.
1142 4514 1143 4517 η

715 4540 793 4609 (ά)
830 4538 1011 4609 Episr-
1044 4539 1131 4609 45-
1634 4606 1643 4609 ,
1756 4603 1809 4609 _-
1886 4580 1889 4609 ς

717 4603 785 4679 (ε)
825 4603 892 4661 Ei
922 4603 1080 4661 simul
1104 4623 1225 4679 cum
1250 4618 1405 4679 patre
1430 4616 1594 4679 atque
1618 4603 1849 4679 Agathia
1883 4603 2049 4679 fratre
2074 4612 2188 4659 sta-

642 4673 789 4738 tuam
827 4684 1122 4749 posueru‘n}
1174 4673 1440 4749 blyrinai:
1503 4673 1688 4745 Eping
1729 4673 2021 4749 Michaelii.

714 4752 799 4826 (f)
828 4743 1018 4826 Episr-
1173 4743 1261 4795 5‘-

715 4816 1205 4899 (ωερεεῑο
1596 4884 1609 4899 ,
1724 4882 1737 4899 ,

713 4880 1032 4957 Κάφνίᾳδῐῶν
1071 4880 1267 4950 βίϐλων
1310 4881 1559 4948 Ἀγαϐῐου
1593 4882 1777 4945 ὲννεάς
1803 4882 1919 4953 εἰμι
1948 4910 2019 4921 -

644 4961 825 5013 Ευίειτ.
856 4956 923 5008 72
954 4972 968 5005 :

691 4978 1108 5091 "galileae?
1148 5037 1215 5091 ge:
1256 5018 1809 5091 m’quOQEVaIMEa;
1842 5021 2177 5091 buceta;—

645 5098 797 5153 Hand
842 5096 996 5148 aliter
1048 5086 1099 5145 in
1149 5086 1314 5143 Latio
1341 5086 1661 5158 Prudentius
1692 5086 2068 5158 Αιείερὶάάεπι,
2103 5090 2192 5145 Si-

645 5169 841 5220 dottius
871 5163 1202 5231 Euripidem.
1234 5157 1524 5231 penultima
1559 5158 1812 5231 producta
1841 5157 2180 5231 posuerunt:

647 5238 756 5292 hic.
788 5249 956 5288 carm.
990 5227 1080 5295 lx,
1108 5227 1249 5284 25L
1283 5227 1634 5295 Orcltestrami
1656 5229 1825 5293 quatit
1844 5227 1984 5283 alter
2028 5230 2190 5283 Euri-

643 5307 809 5375 pides.
858 5294 1270 5375 illel’sristephg
1295 5294 1473 5375 Xa}?-
1491 5294 1946 5375 ﬁdaﬁda"
1970 5299 2187 5375 τξιςξάαι

646 5363 879 5429 milites:
904 5371 975 5425 cf.
1014 5372 1143 5424 ibid.
1175 5363 1298 5430 los,
1323 5365 1448 5427 392,
1489 5363 1613 5425 548,
1642 5363 1763 5423 687.
1802 5366 1924 5420 921.
1973 5369 2190 5423 Scilicet

644 5446 825 5499 cuncti
856 5444 958 5495 ista
998 5442 1069 5492 ita
1109 5432 1473 5507 proferebant,
1496 5432 1925 5507 atgdntt'oclu‘am,
1957 5438 2189 5491 Alazon-

645 5516 841 5575 ariam,
900 5502 1179 5572 Basiliam,
1244 5508 1431 5562 eadem
1468 5502 1673 5576 syllaba
1712 5517 1979 5574 correpta.
2012 5510 2189 5576 Atque

648 5586 705 5638 in
728 5572 1042 5637 universum
1102 5578 1391 5632 tenendum
1421 5572 1529 5637 est,
1570 5572 1755 5625 Greca
1800 5572 2187 5639 pronuntiandi

648 5654 933 5713 rationem,
988 5663 1152 5718 quam
1210 5645 1459 5716 permulti
1522 5641 1661 5694 inter
1697 5653 1962 5698 nostrates
2015 5647 2193 5718 medio

648 5722 793 5792 quod
831 5717 1029 5774 vocant
1060 5732 1175 5770 aevo
1207 5718 1388 5792 adulto
1432 5723 1605 5792 ortam
1626 5780 1640 5792 _
1661 5724 1783 5792 esse
1840 5717 2190 5792 contendunt,

652 5780 771 5860 qua:
827 5800 1031 5860 tamen,
1071 5794 1144 5860 _ut
1168 5800 1233 5839 ex
1270 5784 1568 5860 voluminis
1592 5780 1971 5860 chartaceisIet
1995 5785 2190 5860 inseri-

655 5848 930 5927 [itionibus
959 5848 1117 5927 pictis
1150 5862 1383 5927 constat2
1411 5850 1736 5927 in‘Angypto
1765 5848 1868 5903 sub
1892 5848 2192 5927 Qtesaribus

654 5918 865 5998 recepta
900 5918 1037 5991 erat,
1080 5931 1332 5993 regnante
1357 5918 1663 5979 Iustiniano
1696 5935 1803 5973 non
1858 5918 2014 5974 aliter
2030 5935 2191 5991 quam

2364 5511 2459 5577 (ut)
2498 5505 2791 5577 Hist.,_lll.
2827 5507 2863 5557 I.
2886 5518 2938 5557 c.
3057 5512 3063 5520 ‘

2362 5574 2449 5648 (ιη’
2480 5574 2737 5648 Epigri7.

2362 5640 2437 5716 (ο)
2476 5640 2539 5701 Id
2554 5640 2621 5699 e'x
2647 5640 2967 5716 [tralatione
2992 5653 3234 5714 apparet.

2368 5711 2444 5785 (ᾖ)
2481 5716 2802 5785 Promm._p.
2833 5711 2890 5785 ti.

2365 5779 2440 5857 (ξι)
2476 5786 2535 5839 S.
2576 5779 2801 5847 Palatii,
2830 5781 2897 5833 de
2933 5794 3045 5849 quo
3076 5779 3251 5837 ofﬁcio
3286 5784 3506 5840 consule
3534 5783 3585 5842 ι.
3619 5782 3845 5847 ϐοώσ-

2365 5860 2505 5906 :dum
2530 5855 2596 5906 ad
2625 5851 2688 5906 C.
2716 5849 2818 5903 Th.
2842 5846 2933 5906 Vl.
2965 5850 3060 5906 23.
3088 5866 3138 5906 ιε
3169 5851 3236 5906 ll.
3269 5868 3323 5906 u.
3359 5853 3481 5906 126.

2296 5851 2505 5911 fredum
2530 5855 2596 5907 ad
2625 5851 2688 5906 C.
2716 5851 2818 5903 Th.
2842 5851 2933 5912 Vl,
2965 5851 3060 5915 23,
3088 5866 3138 5920 ις
3169 5851 3236 5921 ll,
3268 5868 3323 5925 ι).
3359 5853 3481 5911 Iw.

2367 5926 2437 5995 (τ)
2478 5922 2619 5977 Hist.
2646 5921 2711 5986 Ἴ,
2735 5921 2791 5986 9,
2808 5934 2864 5989 p.
2891 5918 3029 6005 297.
