4032 6340
175 463 298 528 1255
1479 459 1514 515 V
1527 458 1650 516 ITA
1690 456 1767 513 Af.

1794 454 2064 512 ATIIIII.
3251 452 3384 515 1956

172 579 334 651 cipit,
391 578 838 650 Eutychianoque
867 575 1103 645 quodam
1157 573 1499 629 hortantibus
1540 575 1644 642 (ε),
1679 583 1891 626 mortuo
1915 570 2220 625 Iustiniano
2254 571 2571 639 imperatore
2609 572 2698 639 (t),
2739 571 2804 624 ad
2839 569 3116 623 historiam
3159 574 3258 622 :cvi
3302 573 3385 622 sui

171 671 502 729 scribendam
531 672 773 724 animum
800 670 1037 740 adjecit:
1075 683 1199 722 cum
1236 670 1302 721 ad
1334 666 1670 721 tricesimum
1715 674 1860 720 certe
1901 665 2077 717 aztatis
2109 679 2308 715 annum
2340 663 2688 730 pervenisset.
2729 661 2902 716 Credo
2925 674 3100 714 tamen
3140 675 3265 714 eum
3294 661 3387 714 diu

170 767 477 837 colligendis
524 765 899 820 tantummodo
930 763 1336 818 narrationibus
1362 777 1584 832 operam
1616 761 1827 814 dedisse
1858 778 1870 813 :
1919 774 2154 827 namque
2179 774 2313 827 opus
2339 758 2484 826 quod
2519 759 2582 812 ad
2619 773 2717 811 nos
2742 759 2989 827 pervenit
3019 759 3155 812 adeo
3180 757 3390 826 exigam

170 858 321 913 molis
347 867 468 921 est,
531 867 626 920 ut,
675 873 800 911 cum
834 871 896 911 ca
925 871 1047 927 qua:
1074 854 1142 910 de
1168 854 1436 911 Cbosrois
1469 857 1615 909 exitu
1649 864 1942 908 narrantur
1963 854 2258 907 acciderint
2298 868 2441 906 anno
2473 853 2596 916 577,
2637 869 2794 908 nemo
2827 854 2927 908 sibi
2963 854 3282 922 persuadeat
3311 853 3389 906 illi

169 954 555 1011 muscribendo
586 956 908 1009 decennium
937 953 1182 1023 potuisse
1209 953 1444 1022 impendi
1481 970 1494 1006 :
1529 952 1638 1004 imo
1666 965 1732 1005 eo
1760 950 2012 1018 amplius.
2057 949 2186 1001 Nam
2209 964 2274 1001 ne
2315 949 2416 1002 ista
2449 949 2668 1019 quidem
2696 950 2762 1004 dc
2792 949 3077 1004 Persarum
3102 949 3242 1019 regis
3266 948 3388 1016 fuga

170 1057 221 1103 et
263 1056 436 1101 morte
479 1062 604 1100 mox
640 1057 763 1116 post
791 1055 1044 1102 eventum
1095 1046 1298 1114 scripta
1351 1060 1507 1110 esse,
1557 1044 1846 1113 perspicue
1884 1041 2161 1110 apparebit
2215 1039 2582 1094 consideranti
2617 1043 2714 1110 (τι).
2772 1041 2927 1095 Haud
2977 1050 3155 1095 tamen
3200 1040 3391 1095 debilis

170 1139 473 1208 conjectura
499 1148 600 1202 est,
628 1139 846 1208 quando
879 1139 1144 1209 Agathias
1167 1139 1233 1194 de
1257 1138 1503 1194 Mauricii
1550 1136 1715 1208 gestis
1754 1135 2034 1196 narrabat,
2071 1133 2213 1187 hunc
2243 1135 2420 1187 adhuc
2451 1136 2719 1202 privatum
2746 1134 2944 1201 fuisse;
2976 1136 3174 1204 quippe
3206 1150 3390 1205 quem,

172 1232 376 1301 absque
406 1236 513 1288 ulla
544 1232 742 1288 summi
797 1229 1001 1302 fastigii
1048 1231 1598 1291 commemoratione,
1633 1227 1786 1283 Pauli
1831 1228 2000 1282 filium
2027 1269 2042 1292 ,
2073 1225 2392 1295 magistrum
2442 1226 2707 1290 militum,
2737 1236 2908 1280 vocat.
2967 1225 3020 1280 Id
3049 1241 3179 1280 vero
3207 1225 3274 1280 ad
3303 1241 3391 1279 re-

172 1312 454 1382 fellcndam
481 1327 716 1382 Fabricii
757 1326 1065 1395 Opinionem
1100 1324 1400 1398 sulliceret;
1439 1323 1531 1393 qui
1563 1324 1665 1377 sibi
1697 1330 2044 1392 persuaserat
2071 1320 2356 1390 Agathiam
2378 1360 2393 1384 ,
2421 1335 2529 1389 quo
2562 1330 2802 1389 tempore
2824 1318 3085 1391 Evagrius
3109 1319 3393 1374 historiam

171 1418 392 1474 absolvit
415 1460 430 1483 ,
466 1419 671 1474 scilicet
714 1433 859 1472 anno
887 1416 1010 1481 593,
1044 1418 1283 1469 nondum
1309 1415 1585 1470 edidisse:
1619 1421 1673 1466 at
1707 1413 1828 1476 illa,
1858 1414 2168 1467 accuratius
2200 1413 2459 1482 inspectis
2489 1413 2666 1467 verbis
2692 1428 2812 1481 qua:
2839 1413 2920 1467 vir
2956 1428 3233 1481 nunquam
3270 1413 3392 1466 sine

173 1512 320 1566 laude
341 1510 848 1567 commemoraudus
878 1490 1225 1563 festinantius
1246 1508 1390 1576 legit,
1412 1508 1527 1576 ipsa
1549 1521 1642 1576 per
1671 1521 1729 1561 se
1757 1506 2105 1575 concidit(u).
2127 1506 2313 1576 Itaque
2338 1506 2640 1576 Agathiam,
2665 1503 2884 1560 Tiberio
2901 1505 3081 1559 adhuc
3111 1514 3394 1574 regnante.

172 1615 291 1659 ante
315 1620 518 1658 annum
557 1603 693 1668 582,
727 1617 839 1672 quo
867 1618 1013 1656 anno
1039 1600 1336 1656 Mauricius
1387 1599 1677 1670 imperium
1710 1598 1938 1668 adeptus
1974 1610 2088 1666 est,
2116 1616 2147 1653 e
2177 1601 2280 1654 vita
2307 1600 2606 1655 decessisse
2634 1599 2886 1654 arbitror.
2928 1599 3062 1652 Nam
3097 1599 3245 1652 obitu
3275 1597 3396 1667 ejus

173 1694 368 1750 factum
398 1711 517 1750 esse
546 1696 692 1765 quod
739 1696 984 1750 historia:
1005 1709 1143 1764 opus
1169 1695 1236 1748 ad
1263 1697 1423 1747 ‘inent
1454 1707 1563 1746 non
1595 1692 1667 1746 sit
1706 1693 2058 1761 perductum,
2095 1691 2352 1746 Meauder
2374 1693 2586 1756 innuit,
2616 1691 2860 1745 oratione
2893 1707 3024 1745 usus
3055 1705 3246 1755 parum
3274 1690 3400 1759 qui-

172 1792 288 1845 dem
313 1800 437 1860 apta
468 1791 544 1861 (y)
569 1830 584 1854 ,
630 1791 723 1845 sed
764 1805 942 1861 pravae
981 1789 1416 1858 interpretationi
1444 1785 1668 1841 minime
1699 1786 1971 1841 obnoxia:
2027 1787 2188 1841 modo
2214 1787 2632 1841 meminerimus
2654 1785 2918 1840 Chosrois
2949 1795 3178 1839 mortem
3212 1784 3400 1854 viginti

173 1879 279 1934 fere
297 1883 460 1935 annis
492 1891 616 1950 post
649 1882 969 1935 Hunnorum
998 1879 1292 1932 adventum
1329 1879 1382 1933 in
1414 1874 1726 1941 Thraciam,
1752 1877 1846 1932 ubi
1873 1877 2050 1946 quinti
2095 1877 2218 1931 libri
2251 1879 2491 1932 narratio
2513 1878 2879 1946 abrumpitur,
2910 1878 3193 1931 accidisse.
3230 1880 3305 1930 Ac
3335 1894 3403 1933 ne

170 1979 291 2046 quis
333 1976 472 2031 forte
503 1978 811 2046 suspicetur
859 1977 926 2030 ad
973 1975 1288 2030 molestiora
1329 1969 1810 2045 negotia‘delatum
1832 2011 1848 2037 ,
1885 1981 2045 2044 atque
2074 1972 2146 2027 ita
2177 1975 2291 2026 otio
2323 1973 2467 2042 quod
2520 1973 2766 2026 historia:
2809 1974 3108 2027 scribenda:
3141 1974 3404 2025 tribueret

171 2070 434 2138 privatum
473 2086 614 2136 esse,
655 2073 710 2125 in
751 2071 942 2126 eodem
974 2069 1096 2126 vita
1131 2084 1329 2142 genere
1369 2069 1734 2140 permansisse
1775 2069 1860 2124 vel
1885 2069 2210 2140 cognomine
2248 2077 2385 2124 teste
2417 2078 2755 2139 compertum
2798 2078 2900 2122 cst.
2966 2069 3088 2133 Quo
3118 2083 3402 2132 concesso,

169 2166 290 2235 quis
319 2168 504 2222 credat
533 2168 647 2223 ﬁeri
677 2170 918 2239 potuisse
944 2177 1007 2224 ut
1053 2177 1246 2238 sponte
1273 2167 1550 2222 omitteret
1606 2175 1821 2238 gratum
1855 2165 2096 2220 laborem
2139 2181 2170 2220 a
2200 2181 2310 2235 quo
2338 2165 2488 2218 omni
2533 2165 2582 2218 vi
2640 2175 2804 2234 atque
2830 2164 2988 2217 unice
3034 2163 3407 2232 persequendo

169 2262 398 2330 negatiis
421 2261 728 2319 forensibus
755 2279 814 2319 se
844 2263 1095 2319 distineri
1122 2263 1374 2334 queritur
1395 2261 1512 2334 (2)?
1541 2277 1665 2332 qua:
1698 2271 1877 2316 tamen
1911 2261 2188 2316 cumulate
2214 2259 2399 2316 offerri
2429 2260 2563 2316 alias
2593 2260 2880 2315 ltetandum
2903 2260 3005 2314 sibi
3029 2275 3150 2314 esse
3181 2257 3404 2322 fatetur,

169 2367 236 2407 ne
263 2355 442 2424 in0pia
474 2366 764 2424 prematur.
820 2352 991 2410 Nemo
1019 2365 1199 2409 tamen
1233 2353 1363 2409 hinc
1389 2353 1680 2408 concludat
1707 2352 1993 2421 Agathiam
2024 2353 2494 2408 annumerandum
2520 2369 2642 2410 esse
2679 2354 2988 2409 infelicibus
3018 2354 3124 2408 illis
3173 2356 3266 2423 qui
3288 2395 3304 2416 ,
3338 2369 3406 2406 ne

170 2444 312 2500 fame
340 2454 624 2512 vexentur,
654 2463 684 2500 a
728 2446 922 2501 litteris
958 2446 1212 2502 recedere
1235 2444 1412 2500 coacti
1452 2451 1600 2499 sunt.
1655 2440 1790 2496 Nam
1831 2443 1920 2497 illa
1951 2454 2067 2498 erat
2094 2445 2546 2500 scholasticorum
2573 2446 2813 2501 conditio
2857 2456 2916 2500 ut
2960 2462 3148 2500 eorum
3179 2446 3404 2499 avaritia

169 2537 379 2607 legibus
393 2548 537 2594 esset
561 2539 948 2608 compescenda
967 2558 983 2594 :
1002 2553 1179 2610 neque
1200 2541 1491 2596 clientibus
1534 2540 1777 2597 caruisse
1811 2541 2096 2597 credemus
2122 2544 2299 2597 virum
2325 2543 2419 2612 qui
2450 2542 2649 2614 insigni
2681 2542 2949 2598 facundiae
2974 2544 3143 2614 gloria
3165 2552 3222 2596 et
3249 2542 3408 2597 vivus

169 2635 225 2680 et
255 2637 378 2696 post
408 2637 638 2682 martem
665 2628 864 2684 floruit.
907 2630 1115 2700 Itaque.
1158 2630 1264 2687 nisi
1302 2632 1458 2686 lusus
1479 2638 1564 2687 est
1609 2633 1714 2687 ista
1744 2631 1814 2687 de
1843 2649 1942 2688 sua
1977 2643 2124 2689 sorte
2153 2634 2372 2702 querela
2399 2674 2415 2698 ,
2457 2633 2563 2688 illis
2601 2635 2972 2689 accensendus
3003 2633 3106 2690 erit
3135 2635 3397 2705 Agathias

167 2723 286 2792 qui,
313 2720 418 2778 nis’i
447 2724 735 2778 admodum
762 2723 908 2780 laute
943 2726 1122 2781 vivere
1148 2726 1378 2797 aliisque
1402 2726 1584 2798 largiri
1616 2737 1866 2796 possunt,
1897 2741 2056 2798 egere
2080 2726 2183 2781 sibi
2205 2726 2480 2782 videntur.
2500 2725 2631 2791 Quae
2656 2727 2874 2795 quidem
2907 2726 3095 2805 opinio
3122 2729 3395 2795 epigram-
3459 2798 3464 2802 Ι

170 2827 318 2871 mate
359 2816 718 2872 confirmatur
744 2833 855 2887 quo
893 2819 1021 2884 ille,
1051 2830 1204 2890 pater
1227 2822 1408 2891 oppidi
1448 2823 1658 2886 dictus,
1705 2823 1762 2877 in
1811 2823 2109 2893 municipio
2151 2837 2253 2877 suo
2292 2822 2506 2886 locum,
2559 2833 2717 2878 antea
2759 2822 3014 2877 obscenis
3045 2822 3405 2878 immunditiis

167 2910 376 2965 foedum
400 2920 561 2979 atque
579 2911 977 2978 detestabilem,
1010 2927 1288 2983 purgasse,
1316 2924 1479 2983 atque
1500 2914 1733 2985 eleganti
1759 2915 2012 2980 aedilicio,
2041 2917 2228 2972 nescio
2249 2932 2382 2986 quo.
2417 2930 2642 2969 ornasse
2662 2916 2861 2970 dicitur
2888 2919 2988 2984 (a).
3019 2916 3133 2968 Alia
3164 2916 3398 2968 fortasse

168 3012 429 3073 praeterea
468 3003 683 3071 pietatis
711 3003 882 3057 officia
924 3004 978 3058 in
1015 3006 1243 3071 patriam
1288 3006 1578 3061 contulit:
1633 3023 1756 3076 qua:
1797 3022 1902 3061 non
1945 3010 2127 3064 minus
2157 3018 2377 3078 propter
2425 3009 2566 3063 hanc
2592 3009 2846 3061 virtutem
2887 3024 3047 3075 quam
3075 3009 3397 3076 eloquentiae

165 3111 337 3152 causa
357 3136 374 3159 ,
401 3110 524 3149 eum
551 3110 674 3148 cum
703 3105 855 3164 patre
883 3094 1196 3152 Memnonio
1221 3105 1276 3152 et
1303 3097 1467 3154 fratre
1495 3109 1674 3154 statua
1701 3102 1918 3156 ornavit
1949 3103 2024 3170 (by
2052 3121 2066 3156 :
2128 3101 2288 3171 cujus
2323 3102 2545 3156 honoris
2564 3140 2579 3162 ,
2621 3118 2742 3154 cum
2772 3102 2902 3155 olim
2934 3084 3124 3154 fuisset
3150 3101 3408 3169 vulgatis-

168 3187 344 3241 simus
364 3226 379 3248 ,
408 3185 502 3238 illo
537 3194 795 3253 tempore,
823 3185 876 3238 in
906 3186 1142 3254 privatos
1178 3188 1400 3252 collati,
1429 3189 1517 3243 vix
1542 3189 1684 3243 aliud
1710 3201 1957 3260 superest
1986 3193 2317 3260 exemplum.

237 3280 440 3335 Mansit
465 3289 646 3333 autem
675 3279 790 3332 viro
817 3279 1034 3334 laudato
1060 3282 1223 3336 etiam
1259 3291 1384 3351 post
1416 3283 1578 3336 funus
1601 3282 1792 3354 eadem
1831 3284 2062 3354 insignis
2086 3284 2231 3338 fama
2281 3284 2607 3353 eloquentiae
2653 3300 2667 3334 :
2715 3282 2780 3335 ad
2834 3298 2998 3353 quam
3052 3283 3399 3338 referendum

164 3387 296 3430 esse
322 3371 535 3428 videtur
556 3370 700 3441 quod
727 3368 1022 3426 Menander
1044 3413 1059 3435 ,
1093 3371 1190 3441 qui
1226 3373 1346 3443 ejus
1379 3373 1659 3429 historiam
1705 3353 2082 3438 continuavit,
2123 3375 2406 3430 infantiam
2439 3390 2592 3427 suam
2631 3383 2736 3426 tam
2776 3374 3122 3428 vehementer
3153 3386 3395 3430 excusat.

172 3467 365 3538 Itaque
395 3479 544 3528 cum,
581 3463 783 3518 renatis
807 3463 910 3518 sub
933 3462 1294 3519 Basilidarum
1323 3466 1548 3537 imperio
1583 3465 1797 3528 litteris,
1830 3445 2076 3520 eam'dcm
2106 3467 2319 3520 laudem
2352 3477 2667 3536 appeterent
2693 3467 2873 3535 pusilli
2906 3468 3106 3537 ingenii
3133 3469 3402 3539 homines,

166 3561 460 3629 Agathiam
492 3559 812 3613 imitandum
840 3558 943 3614 sibi
973 3558 1207 3628 sumpsit
1235 3556 1343 3613 Leo
1373 3559 1668 3622 Diaeonus,
1698 3569 1759 3614 ut
1789 3559 1985 3616 Hasius
2019 3576 2070 3616 v.
2109 3561 2186 3614 ill.
2225 3561 2484 3616 indicavit
2514 3580 2527 3616 :
2560 3564 2647 3617 cui
2677 3565 2822 3633 quod
2859 3565 3122 3633 pIaCuerit
3149 3565 3201 3618 in
3234 3567 3406 3636 hujus

165 3650 479 3719 scriptoris,
510 3662 621 3718 quo
646 3650 792 3704 edito
819 3648 1174 3719 permagnum
1202 3659 1348 3706 certe
1372 3652 1514 3719 cepit
1551 3652 1778 3706 historia
1806 3653 2223 3718 incrementum,
2256 3669 2508 3708 sermone
2540 3656 2877 3725 exquirendo
2913 3654 3253 3726 splendidum
3287 3659 3408 3727 phi-

164 3743 386 3813 lologia:
407 3743 792 3799 documentum
818 3745 1008 3810 edere,
1039 3743 1092 3799 id
1129 3743 1549 3802 facundissimos
1588 3761 1838 3817 quosque
1861 3748 2102 3814 Atticos,
2133 3750 2180 3804 si
2221 3748 2344 3817 quis
2377 3749 2442 3803 ad
2471 3765 2659 3804 manes
2685 3751 2753 3803 de
2785 3747 2942 3805 factis
2976 3752 3179 3806 nostris
3221 3767 3436 3817 rumor}

166 3847 389 3903 manat,
419 3854 527 3892 non
558 3839 676 3893 sine
708 3839 907 3894 invidia
937 3830 1075 3895 ferre
1102 3841 1378 3896 existimo.
1420 3841 1593 3897 Hodie
1620 3842 1881 3914 Agathias
1911 3845 2000 3898 vix
2030 3845 2285 3914 cuiquam
2315 3845 2455 3898 ultra
2488 3845 2914 3898 mediocritatem
2944 3860 3228 3914 assurgere
3258 3846 3406 3900 vidc-

161 3933 320 3987 bitur
349 3947 362 3982 :
399 3929 526 3984 licet
558 3925 628 3985 ‘G.
655 3930 698 3985 I.
725 3929 991 3997 Vossius,
1027 3933 1172 3986 haud
1200 3934 1335 3988 levis
1365 3936 1708 3990 auctoritatis
1739 3939 1853 4001 vir,
1886 3922 2090 3992 tersum
2124 3937 2244 4005 ejus
2274 3946 2440 4006 atque
2469 3935 2719 3989 floridum
2764 3936 2976 3989 dicendi
3007 3951 3176 4004 genus
3210 3936 3404 4002 praedio

162 4035 273 4080 cet.
303 4022 467 4076 Certe
502 4021 616 4090 ipse
638 4037 820 4077 sermo
844 4021 1066 4078 Graecus
1087 4038 1118 4076 a
1145 4024 1399 4092 puritate,
1432 4041 1553 4092 quae
1584 4035 1764 4082 tamen
1797 4028 2019 4082 minima
2049 4029 2168 4082 laus
2192 4036 2336 4083 esset
2359 4068 2374 4091 ,
2404 4028 2565 4096 longe
2591 4029 2779 4090 abest;
2820 4040 2903 4089 ac,
2945 4041 3012 4080 ne
3044 4043 3074 4079 a
3105 4026 3249 4080 vitiis
3281 4027 3406 4095 qui-

159 4116 290 4170 dem
325 4113 700 4186 grammaticis
739 4111 1024 4174 immunis,
1058 4111 1199 4165 haud
1229 4127 1354 4165 raro
1383 4113 1672 4184 degeneris
1701 4115 1931 4184 loquelae
1964 4125 2093 4170 nota
2125 4115 2360 4170 fmdatur
2388 4134 2401 4168 :
2446 4126 2560 4168 tum
2590 4130 2717 4168 vero
2740 4114 2973 4174 admista
3002 4115 3357 4170 dialectorum
3387 4157 3402 4180 ,

161 4207 372 4264 Ionica
412 4206 711 4278 przesertim
730 4243 747 4268 ,
773 4205 1166 4275 epicorumque
1193 4206 1481 4265 verborum
1511 4208 1804 4273 varietate,
1840 4208 1955 4263 sive
1977 4209 2204 4274 quaesita
2232 4209 2349 4261 sive
2375 4209 2744 4276 imprudenter
2767 4219 3040 4279 assumpta
3060 4251 3075 4273 ,
3109 4210 3408 4278 sa-pissime

160 4300 421 4355 offendit.
448 4299 582 4368 Quae
609 4308 669 4352 ut
693 4299 1084 4354 condonaveris
1108 4301 1205 4354 aevi
1242 4299 1541 4355 infelicitati
1566 4341 1582 4364 ,
1617 4301 2010 4370 praecipua’que
2037 4303 2337 4357 diflicultati
2383 4301 2653 4356 scribendi
2681 4301 2859 4372 lingua
2887 4301 3184 4356 emoriente
3202 4342 3217 4365 ,
3252 4313 3405 4357 ante-

159 4408 339 4462 quam
368 4393 550 4447 adulta
580 4391 653 4446 sit
685 4400 848 4461 atque
871 4407 903 4445 e
931 4390 1123 4444 matris
1151 4391 1430 4445 consortio
1463 4391 1658 4445 exierit
1682 4392 1952 4463 vulgaris,
1983 4407 2090 4460 qua
2120 4391 2234 4461 jam
2267 4391 2507 4461 quotidie
2537 4400 2801 4456 utuntur;
2848 4401 3025 4443 tamen
3052 4432 3067 4455 ,
3109 4400 3166 4444 ut
3194 4391 3402 4447 Iaudeu

158 4487 388 4542 tribuas
418 4485 677 4542 historico
697 4529 713 4552 ,
760 4486 1084 4556 sapientiam
1117 4488 1549 4556 gravitatemque
1579 4484 1861 4555 requires:
1910 4495 1966 4541 at
2005 4487 2055 4540 id
2101 4503 2207 4541 non
2239 4488 2420 4541 minus
2451 4487 2651 4539 frustra
2683 4484 2736 4538 in
2783 4484 3010 4565 Agatbia
3041 4493 3247 4538 nostro.
3291 4483 3406 4538 Imo

160 4585 358 4655 potius
381 4585 628 4652 jejunum
659 4584 934 4653 ingenium
963 4585 1015 4637 in
1043 4586 1327 4640 sententiis
1346 4584 1525 4655 prodit
1553 4599 1693 4653 quas
1720 4583 2022 4652 sapissime
2055 4583 2291 4654 profert,
2326 4585 2481 4637 tritas
2506 4581 2797 4634 admodum
2839 4590 3000 4644 atque
3029 4594 3062 4635 e
3084 4580 3224 4648 locis
3254 4583 3394 4649 peti-

160 4687 254 4732 tas
288 4673 680 4730 communibus
706 4693 720 4727 :
754 4675 844 4729 ubi
870 4691 1002 4729 vero
1029 4684 1220 4749 argute
1257 4677 1404 4746 loqui
1434 4676 1653 4746 satagit,
1681 4674 2078 4744 frigidissimas.
2098 4674 2211 4729 Viri
2241 4676 2366 4730 boni
2397 4677 2638 4741 animum
2661 4689 2784 4727 cum
2816 4672 3178 4726 ostentatione
3205 4688 3313 4739 pra:
3337 4687 3394 4725 se

161 4773 273 4842 fert
307 4787 324 4823 :
357 4781 534 4835 neque
563 4777 776 4825 tamen.
806 4776 1072 4836 quantum
1105 4769 1432 4838 dignoscere.
1467 4769 1624 4833 licet,
1667 4768 1843 4823 falso:
1891 4771 2150 4824 immunis
2187 4773 2254 4823 ab
2315 4772 2671 4826 insectatione
2715 4771 2918 4839 pariter
2949 4781 3112 4840 atque
3149 4769 3218 4821 ab
3260 4769 3398 4820 adu-

167 4864 388 4923 latione
413 4877 510 4931 per
547 4861 862 4913 universum
897 4875 1034 4930 opus
1063 4880 1078 4915 :
1110 4865 1288 4933 cujus,
1329 4879 1667 4934 qumcunque
1698 4864 1750 4916 in
1801 4880 1866 4917 co
1904 4866 2314 4934 reprehenderis
2337 4907 2351 4929 ,
2388 4867 2453 4919 ad
2488 4870 2890 4935 cognoscendas
2930 4882 3016 4921 res
3038 4875 3217 4936 gestas
3252 4879 3403 4934 sum-

164 4972 326 5013 mum
362 4953 594 5024 pretium
627 4962 789 5018 atque
823 4953 979 5005 unica
1018 4954 1224 5010 utilitas
1251 4967 1356 5012 est.
1390 4956 1575 5010 Italica
1603 4965 1783 5010 tamen
1814 4959 2025 5025 negotia
2053 4973 2242 5025 parum
2272 4962 2486 5027 cognita
2525 4959 2781 5012 habuisse
2806 4959 3034 5019 videtur,
3067 4958 3120 5010 in
3161 4955 3401 5008 orienta-
3489 4945 3492 4949 ’

160 5053 320 5108 libus
366 5049 524 5118 longe
550 5046 832 5100 versatior.
863 5043 1035 5122 Quem
1072 5050 1119 5101 si
1158 5051 1427 5120 Procopio
1463 5066 1586 5105 cum
1642 5050 1858 5118 ingenio
1891 5061 2004 5102 tum
2049 5051 2192 5102 civili
2231 5052 2561 5120 militarique
2588 5053 2869 5120 prudentia
2905 5054 3062 5119 longe
3091 5049 3404 5104 inferiorem

158 5160 296 5200 esse
329 5142 582 5197 Gibbono
613 5139 772 5192 facile
796 5141 1167 5207 concesseris;
1193 5145 1430 5200 fatebere
1457 5155 1637 5200 tamen
1665 5144 1852 5198 eadem
1889 5145 2105 5199 ratione
2133 5149 2298 5212 super
2330 5156 2554 5218 caeteros
2580 5161 2790 5210 omnes,
2814 5148 2906 5215 qui
2937 5147 3215 5200 consecuti
3241 5158 3363 5200 sunt
3389 5205 3403 5222 ,

157 5239 458 5291 eminere:
495 5235 670 5287 virum
696 5241 874 5286 autem
905 5232 1075 5286 multo
1107 5238 1385 5293 meliorem
1417 5254 1540 5296 esse
1563 5238 1844 5308 Procopio.

235 5393 318 5460 (ε)
365 5392 616 5446 Prooem.
662 5408 716 5462 p.
752 5391 806 5444 7.
832 5391 886 5446 8.
1845 5393 1910 5445 de
1940 5406 1996 5444 re
2025 5390 2429 5462 interpretanda
2460 5405 2582 5457 qua!
2630 5390 2872 5448 Mauricii
2900 5392 3141 5447 animqu
3195 5409 3406 5445 movere

269 5469 326 5543 t)_
365 5463 502 5543 Ibid.
534 5461 728 5543 patr.”
864 5528 970 5543 AM
1847 5464 2078 5543 potuerit
2108 5471 2164 5513 ut
2199 5461 2428 5541 supplici
2469 5462 2576 5543 regi
2614 5463 2873 5543 ausiliuiu
2896 5465 3213 5543 denegaret.

265 5528 990 5603 nigrai.‘iv,2s.p.272.
1104 5598 1117 5603 _
1227 5547 1268 5603 -_
1360 5599 1403 5603 __
1849 5528 1857 5532 ‘

1849 5528 1861 5532 _
1918 5534 1988 5602 Ἦ)
2033 5531 2094 5583 V.
2126 5533 2476 5603 testimonia:
2523 5528 3081 5603 ὡρμήθηννᾶρξαςοάι
3137 5533 3272 5603 μετὰ
3307 5529 3401 5598 τὴν

242 5597 322 5668 (ιι)
377 5597 577 5652 Locum
617 5597 957 5669 posui—inter
997 5597 1326 5652 testimonia.
1360 5599 1534 5656 Verba
1568 5607 1615 5657 εξ
1650 5609 1744 5659 καὶ

1208 5597 1326 5651 mia.
1360 5599 1534 5656 Verba
1568 5607 1615 5657 εἰ
1650 5609 1744 5659 καὶ
1846 5597 2152 5658 ἁπῦὅίωσιν
2205 5602 2476 5668 ’ΔγαΟίου.
2575 5597 2620 5602 Π
2670 5597 2680 5600 -
2739 5597 2750 5603 ’
2798 5602 2800 5604 ’

163 5674 354 5742 μήπω
395 5670 587 5738 ἔτυχον
611 5671 987 5742 exessum;
1044 5670 1108 5721 ad
1161 5670 1453 5737 scriptores
1473 5688 1614 5742 quos
1649 5693 1744 5730 no-

1044 5670 1108 5721 ad
1161 5670 1453 5737 scriptores
1473 5688 1614 5742 quos
1649 5693 1744 5730 no-
1922 5676 1990 5742 (z)
2037 5673 2173 5726 Hist.
2201 5671 2288 5735 III,
2325 5674 2375 5734 I,
2406 5690 2457 5740 p.
2488 5674 2602 5726 I38.

163 5738 487 5796 iniriaverat
544 5738 729 5813 referri
783 5755 887 5813 non
930 5749 1204 5813 possunt:
1263 5755 1392 5813 qua:
1440 5738 1738 5812 stvagrii
1921 5738 1997 5811 (α’)
2047 5744 2336 5813 Εμὶςικῖξξ.

165 5826 338 5864 11143118
384 5816 552 5884 esset,
593 5811 812 5884 ratione
858 5809 1106 5884 jnbeme,
1133 5879 1144 5884 μ
1169 5810 1478 5876 scripsisset
1536 5809 1738 5884 τυιάά-
1923 5809 1992 5881 (ᾖ)
2034 5809 2213 5884 Epigr.
2244 5814 2529 5869 IlIichm-lii.

161 5896 385 5935 νουσιν.
418 5876 557 5928 Sunt
592 5878 678 5928 illa
723 5879 949 5931 omnino
989 5879 1247 5932 mendosa
1269 5921 1283 5941 ,
1320 5890 1372 5934 ct
1398 5882 1588 5933 .ncsciu
1619 5876 1737 5951 "qua

422 5993 687 6063 Partica.
731 5993 846 6054 GR.
885 5993 1255 6055 LXXXVIII.
2937 5993 3010 6055 40
