4032 6340
671 463 802 527 1257
1975 454 2146 513 VITA
2185 449 2559 512 acuum.
3742 445 3849 515 ηδε

741 575 1080 630 Christianus
1115 589 1182 626 an
1219 571 1410 636 fuerit,
1463 573 1517 626 in
1557 581 1841 640 utramque
1874 579 2079 640 partem
2115 570 2452 638 disputatum
2491 575 2611 622 est:
2654 579 2844 620 verum
2885 564 3028 620 edito
3076 564 3461 636 epigrammate
3499 578 3611 636 quo
3645 566 3849 622 tabulam

670 671 993 740 archangclo
1030 668 1242 723 dedicat
1292 670 1361 736 (ε)
1387 708 1401 730 ,
1445 667 1588 720 illam
1619 667 1929 736 religionem
1958 663 2261 734 professum
2295 677 2416 717 esse
2447 670 2598 716 extra
2629 661 2853 715 dubium
2887 667 2992 714 est.
3024 660 3070 713 Α
3110 673 3220 729 quo
3253 658 3300 714 si
3347 658 3702 723 discesseris,
3738 659 3851 714 inter

673 770 864 818 czetcra
889 775 1010 829 quae
1036 757 1262 828 proferri
1301 766 1523 826 possent
1559 755 1924 810 ﬁrmissimum
1956 753 2197 822 ejusdem
2233 745 2508 820 Opinionis
2553 760 2930 822 argumentum
2975 759 3160 816 esset,
3211 749 3353 820 quod
3388 751 3769 828 apophthegma
3798 765 3848 806 ex

674 871 810 910 novo
837 853 1039 909 findere
1074 853 1176 907 sibi
1207 861 1396 907 notum
1426 865 1546 906 esse
1573 851 1748 920 prodit
1774 849 1872 920 (ά).
1907 846 2091 918 Neque
2116 847 2168 901 id
2193 855 2374 902 tamen
2404 857 2612 902 certum
2642 845 2779 902 foret
2806 845 3067 900 indicium
3092 861 3108 898 :
3142 843 3341 900 etenim
3363 885 3380 910 ,
3410 841 3720 897 dominante
3747 838 3851 893 reli-

672 949 830 1017 gione
856 945 1174 1004 .Christiana
1197 983 1214 1007 ,
1262 932 1464 1012 paucos
1497 943 1616 998 illos
1650 942 1876 1014 gentiles
1902 941 1994 1011 qui
2019 940 2485 1008 Constantinopoli
2525 938 2789 1008 degebant
2829 937 2956 992 talia
2988 944 3115 990 nota
3159 935 3421 990 habuisse
3463 949 3572 988 non
3614 940 3696 986 est
3732 931 3852 1000 quod

674 1037 1020 1101 dubitemus;
1060 1043 1217 1106 atque
1249 1034 1340 1088 ubi
1393 1034 1442 1087 id
1481 1033 1684 1103 profert
1706 1032 2073 1087 Christianum
2104 1033 2410 1101 loquentem
2439 1029 2663 1084 inducit.
2690 1026 2870 1083 Mitem
2899 1043 3029 1082 vero
3067 1025 3309 1080 animum
3339 1025 3392 1080 in
3429 1022 3852 1095 reprehendendis

676 1127 868 1182 alienis
891 1126 1098 1191 sacris,
1131 1127 1233 1180 nisi
1265 1127 1508 1196 improba
1534 1127 1642 1180 sint
1666 1134 1826 1194 atque
1854 1124 2143 1189 immania;
2177 1133 2232 1179 et
2257 1122 2646 1191 indulgentiam
2673 1135 2792 1189 quae
2818 1120 2989 1173 errori
3021 1118 3074 1172 iu
3117 1117 3426 1187 huiusmodi
3461 1117 3655 1178 rebus,
3690 1123 3850 1183 utpote

676 1236 783 1275 non
808 1219 1130 1285 voluntario,
1160 1220 1367 1273 veniam
1402 1218 1591 1273 tribuit
1613 1217 1716 1286 (e);
1748 1219 1886 1270 inter
1913 1231 2083 1271 saevos
2110 1217 2257 1271 illius
2285 1216 2383 1271 ειενί
2420 1215 2632 1270 furores
2661 1213 2747 1266 vix
2776 1212 2902 1267 alibi
2928 1223 3272 1282 exspectares
3301 1225 3464 1281 quam
3493 1209 3633 1279 apud
3659 1224 3746 1264 eos
3776 1208 3852 1275 qui

675 1312 1064 1366 dominantium
1093 1311 1404 1366 crudelitate
1439 1318 1493 1364 et
1529 1310 1728 1364 saevitia
1762 1316 2081 1363 vexarentur
2111 1307 2232 1376 ipsi.
2264 1305 2449 1375 Itaque
2486 1304 2765 1375 probabile
2806 1313 2889 1358 cst
2927 1302 3108 1371 gentili
3135 1307 3288 1372 patre
3327 1308 3700 1370 procreatum,
3727 1296 3854 1352 Gra-

675 1401 982 1472 canicisque
1011 1400 1204 1455 studiis
1226 1398 1543 1454 innutritum
1572 1406 1626 1453 et
1655 1398 1999 1459 delectatum,
2040 1411 2109 1450 ne
2139 1396 2316 1465 legum
2347 1396 2522 1465 ptenis
2550 1395 2938 1464 hominumque
2969 1394 3239 1448 violentiae
3273 1389 3545 1446 obnoxius
3570 1398 3729 1454 esset,
3762 1400 3854 1440 non

687 1496 964 1566 opinionis
997 1495 1400 1558 vivadductum,
1436 1491 1760 1548 Christianis
1786 1505 1846 1546 se
1871 1489 2209 1559 adiunxisse.
2986 1565 2990 1566 γ
3133 1554 3136 1557 _

749 1584 1104 1638 Historiarum
1146 1583 1264 1638 libri
1305 1585 1464 1654 vulgo
1498 1598 1566 1637 ex
1603 1583 1791 1637 codice
1845 1580 2192 1649 Lugdunensi
2242 1581 2341 1635 inst

2265 1580 2611 1635 nscrihuntur
2645 1579 2776 1650 περὶ
2837 1578 2937 1647 τῆς
2961 1565 3340 1630 ’ἰθυπινιανοῦ
3381 1573 3655 1644 βασιλείας
3679 1590 3693 1605 ·
3738 1573 3850 1627 vitio

677 1677 967 1732 manifesto
998 1696 1010 1730 :
1060 1692 1181 1730 cum
1222 1676 1453 1745 scriptor
1487 1690 1549 1730 se
1593 1675 1662 1730 de
1689 1682 1862 1728 morte
1883 1674 2082 1728 Justini
2111 1673 2366 1729 Germani
2395 1673 2434 1728 f.
2455 1704 2523 1716 —-
2541 1672 2632 1743 qui
2658 1672 2882 1742 iubente
2907 1668 3122 1724 Justino
3143 1666 3268 1722 Jun.
3302 1667 3431 1736 imp.
3463 1676 3684 1721 necatus
3711 1674 3858 1720 cst-

680 1769 745 1822 IV
766 1810 780 1833 ,
809 1770 880 1822 22
902 1807 917 1832 ,
950 1785 1001 1838 p.
1033 1769 1138 1823 255
1170 1788 1184 1822 :
1235 1777 1397 1838 atque
1421 1768 1489 1822 de
1511 1766 1770 1822 Chosrois
1800 1766 1905 1821 line
1939 1767 2086 1836 (577)
2117 1765 2185 1820 IV
2208 1807 2224 1832 ,
2251 1767 2334 1832 ’39
2353 1806 2369 1832 ,
2401 1782 2454 1835 p.
2489 1765 2594 1819 272
2613 1802 2628 1828 ,
2659 1764 2929 1842 dicturum
2957 1776 3078 1816 esse
3107 1760 3409 1830 promittat.
3449 1758 3686 1812 At‘idem
3712 1759 3858 1813 codex

681 1871 844 1926 recte,
877 1877 974 1932 pro
1017 1862 1162 1916 illius
1222 1861 1396 1916 anatis
1424 1875 1595 1926 more,
1621 1874 1780 1931 quem
1807 1860 1876 1915 ab
1903 1859 2158 1929 Evagrio,
2184 1858 2392 1914 Joanne
2416 1856 2798 1929 Epiphaniensi
2820 1897 2836 1923 ,
2869 1854 3098 1924 aliisque
3119 1861 3389 1908 servatum
3417 1851 3688 1916 videmus,
3714 1850 3859 1904 libros

681 1953 876 2022 τόμους
905 1963 1084 2010 vocat.

749 2041 975 2098 Codices
999 2042 1186 2113 scripti
1206 2041 1460 2113 perpauci
1488 2048 1797 2111 supersunt.
1826 2039 1900 2094 De
1928 2030 2303 2108 Rehdigerano
2333 2045 2389 2094 et
2415 2037 2762 2109 Lugdunensi
2781 2076 2796 2101 ,
2836 2037 3037 2107 quibus
3065 2051 3196 2092 usus
3224 2049 3376 2102 sum,
3402 2034 3533 2088 dixi.
3563 2030 3858 2086 Vaticanum

682 2138 1153 2192 membranaceum
1185 2151 1306 2192 esse
1326 2175 1342 2200 ,
1381 2137 1659 2206 antiquum
1681 2175 1698 2201 ,
1731 2135 1866 2189 mihi
1900 2133 2221 2204 signiﬁcavit
2255 2133 2392 2203 Ang.
2423 2132 2596 2188 Maius
2634 2148 2686 2186 v.
2721 2132 2798 2186 ill.
2841 2135 2932 2201 qui
2971 2131 3241 2186 variantes
3283 2131 3578 2196 scripturas
3604 2141 3671 2181 ex
3699 2130 3857 2194 quarti

685 2231 808 2285 libri
847 2229 1002 2284 initio
1034 2228 1295 2283 delibatas
1326 2227 1634 2296 speciminis
1662 2227 1783 2280 loco
1813 2223 1963 2278 misit
1991 2262 2007 2277 .
2038 2221 2127 2276 Ere
2150 2237 2273 2276 cum
2300 2220 2675 2292 Rehdigerano
2701 2222 2840 2276 libro
2883 2223 2958 2274 ita
2984 2220 3314 2275 conveniunt
3343 2229 3401 2272 ut
3424 2218 3583 2273 valde
3610 2216 3865 2286 probabile

685 2325 758 2380 sit
789 2327 932 2380 hunc
967 2325 1088 2378 inde
1117 2321 1448 2391 exscriptum
1481 2335 1620 2375 esse.
1653 2320 1970 2387 Exseriptus
2004 2325 2183 2373 autem
2213 2326 2294 2371 est
2329 2331 2397 2371 ex
2424 2315 2609 2378 codice
2642 2315 2852 2386 integro
2885 2333 2900 2370 :
2942 2325 3004 2369 ut
3028 2313 3321 2370 Vaticanus
3345 2352 3362 2379 ,
3408 2326 3659 2372 monente
3701 2319 3862 2384 Maio,

686 2435 830 2475 nunc
861 2417 1076 2486 quidem
1116 2425 1232 2478 est,
1283 2411 1542 2482 suppletis
1579 2425 1610 2464 a
1639 2409 1939 2464 recentiore
1971 2422 2133 2461 manu
2164 2405 2370 2476 aliquot
2399 2404 2543 2462 foliis
2565 2444 2581 2470 ,
2627 2405 2722 2460 sed
2752 2404 3009 2475 quoniam
3038 2419 3101 2460 ca
3131 2403 3424 2474 aliquando
3461 2406 3717 2474 deerant,
3756 2409 3865 2463 inde

688 2521 818 2567 ortae
845 2517 972 2564 sunt
1000 2509 1204 2562 Iacunze
1233 2505 1286 2559 in
1321 2504 1568 2559 versione
1597 2501 1848 2555 Personae
1867 2540 1885 2566 ,
1934 2500 2061 2554 licet
2091 2499 2263 2553 codici
2295 2513 2404 2568 quo
2442 2499 2491 2553 is
2521 2512 2655 2553 usus
2680 2505 2764 2552 est
2794 2511 2917 2550 cum
2955 2495 3330 2567 Rchdigcrano
3365 2499 3614 2567 proxima
3657 2499 3866 2556 interce-

688 2606 780 2658 dat
806 2601 1058 2656 afﬁnitas.
1085 2599 1286 2653 Tamen
1318 2597 1405 2651 hic
1426 2595 1719 2650 Vaticanus
1744 2593 1910 2649 codex
1942 2601 2000 2646 ut
2027 2593 2317 2662 aliquando
2342 2592 2658 2663 inspiciatur
2676 2631 2692 2657 ,
2717 2589 3011 2660 optandum
3035 2599 3152 2656 est;
3184 2605 3292 2660 quo
3315 2591 3475 2660 plane
3503 2591 3572 2647 de
3599 2592 3702 2647 ﬁde
3725 2604 3868 2664 atque

690 2695 1009 2749 auctoritate
1044 2691 1402 2762 Rehdigerani
1437 2698 1688 2746 constare
1722 2675 1916 2758 possit.
1957 2687 2224 2742 Praeterea
2271 2702 2338 2741 ex
2366 2685 2780 2742 Montefaloonlo
2818 2685 3095 2742 Harlesius
3124 2684 3378 2762 Fabricio
3426 2688 3678 2757 ascripsit
3701 2728 3717 2754 ,
3746 2691 3869 2744 inte-

693 2801 845 2855 grum
885 2801 1020 2853 opus
1063 2793 1277 2839 exstare
1307 2784 1492 2836 Graece
1519 2784 1660 2836 inter
1686 2781 1900 2835 codices
1929 2779 2161 2849 scriptos
2196 2777 2626 2845 Ottobonianos;
2670 2787 2834 2848 atque
2876 2780 2930 2832 in
2961 2778 3085 2832 cod.
3139 2776 3332 2855 MMIVA
3354 2778 3696 2834 bibliotheca
3733 2781 3870 2835 Vati-

693 2853 841 2934 came
889 2885 1123 2948 antiquae
1170 2877 1451 2945 Agathiam
1489 2875 1557 2930 de
1590 2873 1738 2929 Bello
1763 2873 2062 2930 Gothorum
2101 2889 2117 2926 :
2161 2888 2192 2944 c
2250 2874 2526 2939 contrario.
2575 2872 2630 2927 in
2671 2871 2941 2927 Marciana
2973 2872 3216 2928 Venetiis
3263 2853 3384 2928 cod.
3431 2873 3674 2942 DCCIIII,
3721 2875 3872 2931 libros

695 2971 1046 3039 posteriores,
1080 2968 1451 3024 deﬁcientibus
1475 2952 1652 3038 primo
1677 2975 1744 3048 et
1779 2964 2000 3021 secundi
2028 2973 2177 3035 parte
2209 2983 2222 3018 :
2264 2964 2502 3031 scilicet,
2542 2974 2598 3017 ut
2628 2964 2836 3019 videtur
2859 3002 2874 3030 ,
2907 2965 2996 3019 illa
3026 2964 3140 3036 ipsa
3167 2965 3236 3019 de
3267 2964 3507 3022 Narsetis
3537 2967 3678 3023 bello
3706 2967 3871 3022 Italico

697 3059 1024 3114 narratione.
1677 3045 1680 3048 ’

765 3150 899 3206 Cum
947 3159 1126 3203 autem
1167 3148 1426 3219 Agathias
1475 3147 1530 3201 in
1582 3162 1764 3200 eorum
1815 3162 2038 3202 numero
2081 3147 2239 3202 fuerit
2278 3149 2654 3203 historicorum
2701 3163 2837 3218 quos
2887 3145 3270 3203 Constantinus
3309 3127 3791 3221 Forphyrogenitus
3826 3151 3870 3205 in

693 3243 905 3312 eclogas
932 3239 1100 3309 redigi
1121 3239 1302 3308 jussit,
1328 3239 1579 3308 leguntur
1610 3253 1676 3291 ex
1706 3238 1797 3293 illo
1827 3240 1927 3292 tria
1951 3239 2018 3292 de
2047 3239 2400 3309 legationibus
2438 3248 2684 3308 excerpta
2715 3240 2769 3292 in
2803 3238 2990 3294 codice
3013 3237 3239 3302 Bavaro,
3270 3254 3502 3310 quorum
3531 3242 3746 3297 collatio
3763 3257 3871 3298 cuiu

694 3339 853 3391 editis
883 3336 1106 3389 debetur
1127 3334 1440 3388 doctissimo
1473 3318 1776 3402 Spengélio.
1811 3332 1976 3387 Multo
2013 3335 2134 3404 plus
2153 3333 2300 3388 idem
2330 3334 2563 3402 scriptor
2592 3333 2658 3386 ad
2687 3332 2902 3387 titulum
2931 3331 2998 3385 de
3029 3332 3311 3387 sententiis
3361 3331 3608 3388 conferre
3644 3333 3870 3399 dedebat,

697 3443 856 3502 quem
900 3425 1208 3512 nuperrime
1255 3427 1309 3478 in
1343 3422 1560 3478 luminis
1589 3437 1714 3477 oras
1751 3423 1964 3478 reduxit
2004 3425 2081 3479 ill.
2117 3423 2300 3477 Μαίης
2333 3439 2351 3477 :
2388 3424 2470 3478 vir
2501 3422 2755 3492 iuvandis
2799 3415 2992 3489 litteris
3016 3419 3275 3478 divinitus
3315 3411 3510 3477 seculo
3544 3433 3732 3480 nostro
3759 3440 3875 3481 coii-

636 3509 644 3513 ’
699 3534 902 3582 cessus,
933 3530 987 3572 et
1017 3537 1035 3568 ι
1073 3509 1158 3572 cui
1185 3532 1343 3571 nemo
1362 3519 1560 3572 civium
1600 3533 1776 3586 neque
1799 3519 1975 3574 hostis
1995 3518 2170 3587 quibit
2189 3531 2288 3586 pro
2315 3517 2474 3571 factis
2501 3517 2722 3571 reddere
2747 3530 2924 3585 opera:
2954 3521 3218 3585 pretium.
3244 3537 3264 3570 ι
3291 3518 3396 3574 Sex
3424 3519 3555 3574 folia
3581 3521 3648 3575 de
3681 3520 3766 3575 his
3791 3536 3876 3573 ex-

703 3608 901 3677 cerptis
932 3623 1214 3676 speresse
1248 3610 1294 3662 is
1321 3623 1422 3664 nos
1452 3611 1643 3664 edocet
1680 3611 1836 3678 (Coll.
1885 3608 2157 3663 Vaticana:
2179 3609 2501 3677 scriptorum
2540 3607 2847 3662 Graecorum
2869 3607 2938 3674 ll,
2971 3625 3028 3679 p.
3070 3611 3217 3680 464.)
3245 3629 3261 3667 :
3294 3616 3522 3680 quorum
3553 3613 3876 3668 collationem

703 3701 773 3756 ab
802 3702 920 3771 eius
949 3702 1184 3755 amicitia
1216 3703 1492 3772 petissem,
1531 3703 2050 3772 impetraturumquc
2082 3701 2249 3756 fuisse
2273 3711 2419 3757 certe
2450 3701 2584 3768 scio,
2623 3716 2807 3757 verum
2830 3718 2992 3773 opere
3015 3705 3126 3774 iam
3151 3703 3432 3777 proﬂigato
3464 3707 3610 3762 nolui
3634 3709 3878 3767 molestus

700 3811 822 3852 esse
848 3797 962 3850 vim
994 3797 1211 3850 minimc
1243 3796 1434 3851 otioso.
2154 3861 2156 3869 ι
2599 3860 2609 3868 _
2688 3862 2697 3866 _

777 3888 1041 3942 Praeterea
1070 3897 1313 3957 superest
1344 3889 1398 3942 in
1424 3886 1686 3942 Parisinae
1710 3886 1872 3958 regite
1910 3885 2031 3941 cod.
2067 3884 2228 3940 MDC!
2259 3885 2687 3952 membranaceo,
2727 3885 3194 3955 Fonteblandensi,
3231 3888 3420 3945 folium
3460 3893 3701 3958 unicum,
3736 3893 3878 3961 cuius

703 3981 960 4036 lectiones
991 3994 1109 4049 quae
1135 3979 1362 4045 variant,
1402 3977 1544 4035 dedi.
1593 3977 1786 4034 Iisdem
1821 3977 2049 4042 fortasse
2091 3976 2336 4031 terminis
2373 3975 2678 4030 continetur
2712 3974 3068 4047 fragmentum
3099 3979 3166 4033 de
3200 3978 3424 4035 Francis
3470 3979 3877 4036 Laurentianunt

702 4069 834 4135 LIX,
879 4071 964 4136 I7,
995 4071 1048 4136 9,
1081 4102 1150 4113 —
1180 4072 1269 4126 ubi
1293 4073 1346 4126 in
1375 4071 1506 4140 plut.
1540 4069 1768 4136 LXXIV,
1798 4070 1885 4138 I5,
1911 4070 1998 4136 61,
2027 4070 2175 4123 varia
2201 4083 2264 4123 ex
2285 4070 2523 4138 quinque
2552 4068 2706 4124 libris
2736 4079 2985 4138 excerpta
3009 4058 3257 4140 inveniri,
3288 4071 3563 4128 Harlesins
3595 4073 3876 4132 adnotavit,

3985 663 3998 1168 γ

706 4160 1025 4215 Bandinium
1064 4172 1300 4229 secutus,
1345 4174 1449 4216 cat.
1481 4161 1758 4245 coderr.
1800 4160 1865 4225 Il,
1891 4177 1944 4230 p.
1982 4161 2122 4226 530;
2153 4159 2237 4224 Ill,
2267 4174 2322 4228 p.
2368 4159 2489 4224 115,
2521 4160 2665 4228 quod
2715 4175 2850 4230 opus
2887 4159 3174 4238 inspicient
3219 4163 3416 4231 quibus
3452 4163 3546 4218 illo
3582 4161 3690 4218 frui
3734 4175 3882 4232 posse
3996 4157 3997 4166 “

709 4254 989 4320 contingit.

780 4343 1081 4400 Hadrianus
1125 4344 1321 4398 Junius
1358 4342 1896 4396 Animadversionum
1924 4340 2036 4405 1,4,
2071 4348 2131 4392 ut
2168 4339 2471 4406 interpretis
2511 4340 2849 4417 oscitantiam
2883 4350 2936 4394 et
2962 4341 3266 4396 vecordiam
3305 4341 3627 4404 confutaret,
3679 4343 3875 4411 aliquot

712 4434 950 4505 Agatbite
971 4435 1114 4489 locos
1141 4434 1322 4488 Graece
1350 4430 1708 4498 transcripsit,
1737 4430 1917 4482 multis
1946 4429 2100 4482 annis
2134 4436 2257 4481 ante
2289 4427 2582 4509 principem
2607 4429 2894 4493 editionem
2925 4431 3184 4487 Grecam.
3211 4432 3286 4486 Ac
3306 4431 3523 4501 planum
3548 4432 3766 4502 quidem
3791 4443 3866 4488 est

713 4522 931 4575 Jun-ium
974 4524 1138 4574 videri
1175 4538 1238 4577 sc
1269 4523 1346 4575 uti
1390 4519 1680 4587 exemplari
1714 4518 1901 4571 Graeco
1930 4518 2166 4571 voluisse
2195 4533 2210 4569 :
2241 4531 2360 4586 quae
2389 4524 2568 4571 tamen
2599 4517 2768 4585 allert,
2790 4534 2850 4574 ea
2883 4530 3077 4576 cuncta
3109 4537 3180 4575 ex
3211 4520 3373 4576 Suida
3404 4524 3684 4592 desumpta
3712 4534 3867 4587 sunt;

715 4613 1070 4666 terminantur
1092 4613 1230 4666 enim
1262 4614 1419 4684 plane
1449 4609 1638 4665 iisdem
1671 4604 1866 4662 ﬁnibus
1894 4609 2090 4677 quibus
2122 4609 2265 4662 illius
2286 4605 2556 4679 excerpta,
2586 4611 2810 4687 eiusque
2848 4615 3167 4686 scripturam
3195 4614 3597 4672 dissentientem
3626 4632 3658 4670 a
3691 4619 3879 4674 codici-

714 4706 816 4760 bus
843 4712 1239 4769 repraesentant.

785 4795 1066 4849 Editioncs
1095 4802 1202 4844 tres
1226 4791 1457 4859 Graecas,
1489 4808 1594 4864 quc
1618 4791 1897 4862 hucusque
1927 4788 2253 4858 prodierant,
2274 4805 2430 4859 supra
2458 4793 2511 4847 in
2533 4794 2852 4868 Praefationc
2880 4793 3108 4848 iudicavi
3141 4813 3155 4848 :
3185 4794 3275 4849 ubi
3299 4796 3457 4850 etiam
3481 4798 3548 4852 dc
3569 4782 3760 4855 Latina
3779 4803 3902 4855 γετί

719 4891 870 4946 sione
895 4884 1000 4954 egi,
1038 4896 1199 4951 quam
1231 4880 1648 4951 Christophorus
1662 4882 1933 4940 Persona,
1975 4879 2122 4948 prior
2150 4877 2207 4931 S.
2243 4878 2494 4950 Balbinte,
2521 4883 2754 4938 Confecit
2781 4902 2794 4943 ;
2823 4884 2916 4951 qui
2948 4883 3127 4939 itidem
3171 4894 3373 4954 partem
3407 4887 3668 4944 librorum
3699 4891 3884 4948 Proco-

719 4982 791 5052 pii
825 4977 1121 5033 transtulit.
1148 4973 1280 5026 Eam
1313 4973 1366 5026 in
1397 4973 1620 5030 Fabricii
1651 4976 2001 5058 Bibliotheca,
2030 4973 2098 5026 ab
2117 4972 2360 5029 Harlesio
2388 4971 2678 5048 recognita,
2713 4977 2928 5032 invenio
2955 4979 3271 5048 impressam
3311 4995 3432 5038 esse
3459 4980 3645 5038 Romae
3670 5002 3757 5057 ap.
3778 4986 3883 5043 Jac.

716 5071 1054 5144 Mazochium
1092 5066 1247 5121 I5I6.
1280 5065 1372 5119 fol.
1413 5063 1687 5135 repetitam
1717 5069 1909 5125 dein-Ie
1932 5068 2186 5138 Augusta:
2223 5067 2308 5122 Vit

2291 5071 2618 5127 ndelicorum
2653 5087 2749 5140 per
2776 5070 2994 5142 Sigism.
3029 5072 3234 5128 Grimm
3267 5082 3320 5128 et
3346 5074 3416 5128 II.
3454 5075 3716 5152 Wirsung
3741 5083 3881 5146 I5I9,

720 5163 777 5224 Il,
828 5171 881 5214 et
910 5171 1090 5229 postea
1138 5172 1261 5212 cum
1295 5155 1553 5227 Procopio
1597 5170 1757 5230 atque
1798 5159 2091 5224 Jornande,
2127 5159 2352 5228 aliisque
2381 5161 2551 5237 allinis
2598 5164 2900 5232 argumenti
2939 5163 3111 5229 libris,
3151 5166 3426 5233 praemissa
3469 5167 3609 5224 beati
3657 5171 3882 5228 Rhenanis

722 5251 1056 5321 prtefationc,
1088 5249 1311 5304 Basileze
1328 5265 1421 5318 ap.
1446 5251 1764 5325 Hcrvagium
1798 5257 1956 5322 15⁸51,
1985 5256 2080 5310 fol.
2107 5265 2161 5309 ct
2184 5254 2314 5324 ἔλυε(

2385 5258 2542 5322 1594,
2577 5258 2610 5312 8
2639 5275 2654 5312 :
2683 5288 2752 5313 -τ
2781 5256 3451 5316 dedicationem'Personat
3465 5263 3531 5318 ad
3570 5263 3784 5322 Sixtum
3808 5265 3884 5327 IV,
3955 5265 3957 5276 '

718 5343 881 5397 Pont.
910 5338 982 5392 bl.
1006 5340 1202 5394 editam
1236 5355 1354 5395 esse
1386 5342 1440 5393 in
1478 5341 1941 5402 dissertationibus
1967 5346 2094 5401 Zeni
2139 5343 2437 5414 Vossianis,
2470 5346 2533 5409 II,
2573 5364 2627 5418 p.
2658 5349 2755 5404 141
2785 5381 2855 5392 --
2883 5350 3005 5404 144.
3410 5393 3413 5395 -
3531 5360 3535 5366 ·

791 5432 902 5502 Ego
935 5447 1066 5486 usus
1091 5447 1208 5485 sum
1242 5432 1475 5486 editione
1510 5450 1628 5503 qua:
1664 5451 1694 5490 a
1737 5436 1984 5493 Fabricio
2015 5439 2212 5492 dicitur
2242 5438 2507 5505 prediisse
2527 5426 2684 5494 anno
2715 5439 2872 5504 I576,
2904 5441 3122 5496 Basileae
3144 5457 3230 5512 ap.
3258 5443 3318 5499 P.
3347 5443 3569 5501 Pernam
3597 5468 3612 5504 :
3651 5451 3745 5507 sed
3773 5450 3888 5507 anni

722 5541 906 5588 notam
935 5530 988 5583 in
1014 5527 1256 5597 exemplo
1287 5528 1431 5599 quod
1456 5529 1588 5582 mihi
1616 5532 1764 5586 adest
1786 5531 1983 5589 frustra
2009 5532 2254 5605 quaesivi.
2286 5531 2365 5587 Ib:
2383 5529 2622 5604 Agathiae
2649 5535 3045 5606 praemittuntur
3065 5535 3314 5596 Zosimus
3339 5555 3370 5604 a
3393 5537 3738 5614 Lcunclavio,
3766 5544 3890 5602 Pru-

791 5705 1319 5848 ἷὲ))ἓ31ἓῖ1ιΐ’12,ι).
1344 5771 1460 5828 I65.
1483 5771 1566 5827 Cf.
1586 5773 2000 5832 IndicemGrtcc.
2019 5783 2074 5834 's.
2092 5795 2144 5834 v.
2174 5775 2365 5848 ζηλόω.
2443 5776 2512 5849 (e)
2550 5777 2684 5834 HiSt.
2725 5777 2765 5843 I,
2810 5778 2860 5842 7,
2885 5793 2938 5849 p.
2974 5776 3060 5835 28.
