4032 6336
238 441 1278 463 W—

993 597 1270 692 BON.
1333 602 1902 691 VULCANII
1978 604 2598 697 EPIS'I‘OLA.

1278 981 1426 1023 ηας
1443 983 1453 1017 Ι
1471 984 1620 1022 Ιιιιςιῑδ
1657 987 2085 1032 μηδιιεδικιιδοη
2125 989 2281 1031 νιιιις,

1666 1139 1944 1177 οιιιιιδιπις

1052 1300 1362 1345 Ποιιωωιὶ
1396 1302 1462 1339 ll'l'
1495 1303 1856 1342 ιγιοᾳςιιΊιιειψῖ.
1887 1304 2098 1340 IHHIINIS
2132 1302 2220 1338 1⁸οῚ
2238 1301 2548 1339 ΕΝΙῚΞὸΗΙΙΞ.
2621 1286 2633 1299 ς

264 1608 392 1665 Cum
427 1608 595 1664 varia:
627 1608 739 1665 sint
778 1618 920 1664 artes
955 1623 1019 1664 ac
1059 1608 1315 1673 scientia},
1352 1610 1593 1663 societati
1632 1609 1842 1680 generis
1884 1610 2103 1663 humani
2138 1608 2508 1662 Ctutducibilcs
2550 1624 2610 1661 ac
2635 1608 2968 1671 llCtt’fSSﬂl'itl‘,
3025 1609 3259 1663 illustres
3310 1625 3407 1665 am

202 1702 532 1771 plissimique
557 1700 676 1765 viri,
706 1702 994 1755 maximam
1024 1701 1264 1770 profecto
1285 1702 1493 1763 laudem
1538 1711 1813 1757 merentur
1841 1704 1876 1755 ii
1904 1703 1994 1771 qui
2020 1701 2087 1755 ad
2111 1718 2203 1757 cas
2245 1702 2629 1770 perdisceurlas
2658 1711 2708 1755 et
2740 1702 2803 1754 ad
2827 1702 3101 1768 publicam
3140 1703 3417 1754 ιιιίιῑιιιινηι

201 1795 681 1850 acconrmodandas
714 1809 874 1848 omne
916 1809 1075 1849 suum
1116 1794 1353 1849 studium
1404 1804 1567 1863 atque
1600 1809 1821 1862 Operam
1873 1785 2183 1848 conferunt.
2234 1793 2483 1846 Proxima
2530 1802 2612 1846 est
2639 1808 2824 1846 eorum
2853 1794 2969 1846 laus
3014 1810 3243 1861 quorum
3275 1795 3421 1845 lalmt‘

200 1886 367 1940 onntis
396 1894 564 1954 atque
614 1883 881 1938 industria
912 1892 1159 1937 versatur
1201 1884 1252 1938 in
1288 1884 1487 1953 linguis
1534 1883 2199 1952 auetorilutsque'quibus
2234 1882 2337 1935 illm
2384 1882 2511 1949 ipsm
2539 1894 2680 1934 artes
2721 1892 2845 1935 sunt
2894 1890 3131 1935 tractatae
3160 1882 3421 1949 nobisque

200 1980 401 2034 tradita:
424 1979 739 2034 excolendis
768 1988 931 2049 atque
953 1979 1309 2043 illustrandis,
1340 1979 1539 2049 quique
1567 1980 1650 2032 vel
1678 1989 1884 2033 veteres
1915 1979 2211 2045 scriptores
2239 1976 2459 2030 Graecus
2488 1993 2517 2029 e
2548 1979 2650 2029 sitit
2678 1986 2728 2027 et
2777 1976 3032 2043 squalore
3059 1984 3257 2027 eruunt
3284 1987 3335 2026 et
3369 1977 3419 2027 in

198 2068 361 2121 lucem
392 2065 698 2135 proferunt,
741 2066 822 2119 vel
848 2066 961 2134 jam
991 2073 1148 2119 antea
1186 2066 1381 2128 editos,
1426 2066 1519 2119 sed
1552 2065 1688 2119 male
1728 2066 1794 2118 ab
1828 2065 2057 2118 indoctis
2091 2064 2481 2132 interpretibus
2517 2064 2750 2124 habitos,
2780 2066 3067 2129 relingunt,
3108 2074 3161 2115 et
3194 2066 3422 2131 pristino

195 2173 393 2228 suoque
432 2157 595 2211 nitori
627 2156 1025 2225 integritatique
1050 2156 1354 2210 restituunt.
1384 2156 1538 2220 Quod
1570 2157 1787 2224 quidem
1823 2156 2061 2209 studium
2101 2154 2312 2208 tametsi
2342 2150 2411 2208 ob
2439 2155 2687 2222 exiguam
2716 2170 2836 2221 qua:
2865 2154 2995 2207 inde
3025 2153 3244 2222 all'ulget
3286 2155 3415 2207 lucri

195 2262 334 2315 spem
357 2261 659 2318 perpaucos
691 2246 849 2301 hodie
877 2246 1037 2299 habet
1062 2255 1356 2301 sectatores
1389 2246 1654 2315 (plerique
1688 2246 1831 2300 enim
1864 2260 1955 2299 eas
1986 2254 2128 2298 artes
2161 2253 2462 2313 sequuntur
2490 2259 2520 2297 c
2549 2244 2749 2311 quibus
2783 2243 2956 2296 facilis
2985 2254 3068 2296 est
3107 2245 3172 2296 ad
3211 2260 3339 2311 opes
3368 2254 3422 2296 et

194 2341 420 2396 honores
454 2340 691 2413 cursus),
732 2340 861 2395 mihi
897 2348 1096 2403 tamen,
1127 2342 1218 2409 qui
1248 2340 1552 2395 studiorum
1593 2342 1905 2410 dignitatem
1940 2356 2044 2393 non
2078 2342 2287 2409 privato
2321 2348 2554 2408 quaestu,
2593 2338 2683 2392 sed
2718 2339 2929 2407 publica
2972 2340 3202 2390 utilitate
3236 2340 3411 2391 tnutiri

194 2431 358 2495 soleo,
388 2432 618 2487 miriﬁce
639 2447 852 2501 semper
885 2433 1107 2501 placuit.
1140 2433 1431 2487 Utilitatem
1468 2448 1594 2487 vero
1616 2449 1778 2502 quam
1816 2435 1917 2487 hoc
1954 2434 2116 2487 studii
2159 2449 2328 2497 genus
2356 2448 2537 2485 secum
2568 2431 2732 2483 trahit
2762 2432 2915 2499 longe
2948 2431 3239 2483 maximam
3273 2432 3414 2497 quis.

190 2518 437 2586 obsecro,
468 2529 554 2575 est
580 2521 715 2575 adeo
755 2522 908 2576 rudis
935 2531 995 2575 ut
1022 2522 1074 2574 in
1112 2521 1337 2575 dubium
1370 2524 1562 2576 vocet?
1588 2524 1643 2575 Si
1673 2524 1817 2577 enim
1854 2525 1954 2578 hoc
1987 2524 2039 2576 in
2073 2523 2327 2577 con-fesso
2352 2533 2434 2575 cst
2465 2538 2527 2575 ex
2571 2532 2809 2575 veterum
2840 2521 3152 2573 (iraa-orum
3192 2521 3423 2572 fontibus

192 2616 490 2682 doctrinam
524 2632 739 2672 omnem
786 2631 907 2672 esse
939 2617 1329 2684 hauriendam;
1364 2619 1487 2687 quis
1524 2634 1630 2672 non
1660 2620 1806 2673 videt
1850 2621 2038 2689 quanti
2091 2620 2301 2671 intersit
2342 2629 2399 2671 ut
2434 2618 2505 2670 illi
2543 2617 2643 2685 ipsi
2677 2617 2854 2671 fontes
2889 2618 3005 2685 puri
3036 2625 3197 2683 atque
3232 2616 3423 2667 illitm's

190 2708 613 2761 conserventur?
641 2706 982 2777 Quantopere
1022 2721 1149 2764 vero
1177 2724 1272 2764 eos
1292 2710 1675 2764 contaminarit
1695 2722 1858 2778 atque
1883 2710 2133 2779 polluerit
2160 2724 2345 2762 crassa
2378 2709 2759 2761 nonnullorum
2796 2708 3147 2774 interpretum
3186 2706 3419 2757 inscitiav

192 2809 345 2849 nemo
384 2806 473 2852 est
502 2798 662 2853 etiam
694 2798 835 2852 intra
889 2798 1316 2853 mediocritatem
1367 2797 1559 2853 doetus
1586 2798 1677 2867 qui
1720 2800 1962 2863 nesciat;
1995 2800 2246 2867 sensique
2278 2800 2390 2867 ipse
2417 2815 2540 2852 eum
2582 2800 2634 2850 in
2682 2799 2800 2851 aliis
2845 2799 3028 2851 multis
3075 2797 3413 2859 auctoribus.

196 2890 307 2937 tum
337 2901 469 2940 vero
498 2889 765 2957 principue
792 2890 845 2943 in
881 2888 1066 2961 Cyrilli
1097 2890 1448 2945 Alexandrini
1471 2890 1771 2950 Thesauro,
1794 2900 1846 2944 et
1876 2892 2073 2944 divinis
2096 2890 2201 2943 illis
2230 2891 2296 2943 de
2322 2888 2587 2943 Trinitate
2621 2890 2795 2952 libris,
2829 2889 2878 2940 in
2908 2888 3106 2955 quibus
3140 2886 3275 2938 nihil
3311 2886 3423 2936 fere

189 2986 423 3042 agnosco
456 2976 641 3049 Cyrilli
667 2990 858 3050 praeter
885 2983 1085 3037 nudum
1111 2984 1257 3038 illius
1285 2998 1505 3037 nomen.
1534 2984 1685 3038 llane
1708 2985 1887 3053 itaque
1914 2983 2186 3053 Spartam,
2215 2993 2273 3036 ut
2305 2983 2374 3035 ita
2404 2984 2601 3045 dicam,
2637 2982 2981 3051 linguarium,
3008 2982 3108 3031 huc
3143 2986 3225 3033 est
3259 2978 3423 3030 inter-

190 3071 433 3136 pretandi
457 3072 674 3130 Graecos
700 3086 948 3131 auctores
973 3088 1028 3132 et
1054 3079 1107 3132 in
1142 3078 1387 3133 Latinam
1410 3080 1649 3150 linguam
1674 3082 2017 3137 convertendi
2056 3081 2339 3142 rationem,
2367 3080 2528 3133 veluti
2552 3080 2710 3150 genio
2740 3089 3051 3146 natur-teque
3074 3093 3204 3164 mea:
3232 3088 3421 3128 eouve-

189 3161 516 3217 nientiorem
546 3165 715 3219 semel
745 3166 1048 3235 amplexus,
1082 3169 1205 3223 dedi
1226 3184 1444 3239 Operam
1480 3171 1743 3226 hactenus
1776 3181 1835 3224 ut
1864 3188 1961 3241 pro
1995 3172 2133 3225 virili
2165 3187 2452 3236 ornarent;
2485 3181 2537 3223 et
2571 3170 2789 3237 quidem
2833 3187 2936 3222 non
2971 3161 3154 3238 pauca
3181 3179 3421 3219 veterum

191 3264 488 3309 auctorum
527 3257 849 3328 theologica,
889 3261 1286 3331 philosophica,
1318 3262 1573 3317 historica
1596 3265 1916 3334 poetieaque
1941 3266 2139 3333 scripta
2165 3266 2358 3333 partim
2390 3274 2544 3317 antea
2579 3280 2683 3317 non
2718 3265 2861 3316 edita
2894 3264 3084 3316 Latine
3116 3262 3272 3324 verti,
3300 3276 3425 3327 par--

190 3344 281 3397 tim
315 3346 462 3399 edita
509 3346 750 3414 quidem,
785 3348 879 3403 sed
923 3349 997 3403 ita
1030 3362 1089 3404 ut
1121 3351 1426 3414 ἀνεκδότοις
1457 3351 1740 3419 ἐναλίγκια

1826 3355 1979 3407 terito
2018 3354 2227 3407 censeri
2276 3364 2516 3422 possent,
2551 3368 2688 3406 nova
2733 3353 3174 3422 interpretatione
3205 3351 3418 3404 tiOlltni’

187 3433 294 3489 non
320 3436 526 3506 exiguo
554 3437 631 3491 uti
658 3452 817 3507 spero
838 3441 916 3494 rei
946 3441 1219 3496 litterariae
1247 3443 1410 3497 bono.
1446 3441 1683 3497 Tametsi
1715 3460 1781 3497 ex
1817 3444 1885 3500 iis
1913 3444 2181 3514 quaedam,
2216 3444 2398 3498 nescio
2423 3460 2533 3512 quo
2564 3445 2704 3498 malo
2734 3444 2883 3506 fato,
2908 3454 3105 3509 magno
3133 3452 3278 3496 certe
3305 3458 3423 3493 meo

186 3540 307 3581 eum
336 3528 548 3596 dolore,
580 3547 755 3602 neque
785 3536 991 3590 minore
1023 3551 1148 3593 cum
1199 3537 1540 3592 incommodo
1580 3539 1817 3607 publico,
1852 3556 2171 3605 summoque
2202 3540 2494 3592 multorum
2526 3541 2967 3595 doctissimorum
2999 3539 3237 3591 virorum
3281 3537 3415 3589 desi-

186 3619 358 3684 derio,
410 3630 560 3677 totos
579 3623 692 3692 jam
736 3628 1044 3694 quindecim
1082 3643 1258 3683 annos
1298 3630 1440 3697 apud
1489 3630 1883 3700 typographum
1943 3630 2028 3683 cui
2063 3645 2125 3682 ea
2171 3630 2483 3683 excudenda
2536 3631 2786 3684 dederam
2828 3632 3049 3683 luerent.
3096 3626 3250 3680 Nunc
3298 3644 3424 3679 γει-η

168 3712 476 3781 'Agatbiam
531 3716 848 3772 historicum
883 3721 1147 3789 optimum
1182 3723 1273 3791 qui
1319 3721 1610 3777 Justiniani
1663 3724 2004 3793 imperatoris
2036 3739 2119 3775 res
2165 3712 2343 3790 gestas
2383 3732 2505 3791 post
2545 3723 2868 3790 Procopium
2901 3721 3289 3775 CtlfSﬂl'iCllelll
3336 3728 3429 3769 est

187 3814 532 3869 persecutus,
556 3804 741 3861 Graece
772 3818 899 3862 ante
928 3812 1028 3866 hac
1056 3810 1333 3881 ttuanam
1360 3814 1501 3882 typis
1529 3814 1755 3879 editum,
1786 3815 1839 3867 in
1872 3814 2042 3867 lucem
2075 3813 2264 3866 emitto
2289 3831 2302 3877 ;
2342 3811 2643 3880 Agathiatn,
2676 3814 2920 3879 inquatu,
2950 3813 3123 3863 virum
3155 3826 3266 3864 sua:
3296 3816 3422 3859 teta‘

185 3892 256 3947 tis
286 3896 694 3959 doctissimum,
726 3900 928 3967 quique
980 3917 1122 3957 unus
1149 3904 1294 3958 illam
1331 3904 1524 3973 δίζυγα
1555 3904 1799 3973 εὐεπίην,
1833 3906 1934 3958 hoc
1966 3915 2048 3958 est
2081 3905 2325 3971 poeticen
2377 3918 2501 3956 cum
2558 3904 2814 3965 oratoria,
2866 3904 2938 3954 ita
2999 3900 3303 3967 conjunxit,
3367 3908 3422 3946 ut

186 3984 413 4038 dubium
443 3986 516 4041 sit
547 3988 601 4041 in
637 3998 755 4043 utra
786 3993 957 4059 magis
986 3993 1334 4059 excelluerit;
1366 3995 1423 4047 in
1463 4003 1691 4061 utraque
1727 4003 1872 4047 certe
1906 4010 2013 4046 non
2060 3994 2278 4046 dubiam
2306 3994 2371 4047 de
2414 3992 2667 4045 omnibus
2697 3993 2781 4045 sui
2818 3981 2914 4043 arri
2948 3991 3304 4058 scriptoribus
3335 3987 3411 4037 vi

184 4081 415 4134 ctoriam
452 4083 762 4152 reportavit.
800 4084 842 4138 E
879 4085 1038 4155 cujus
1089 4086 1326 4141 editione
1355 4088 1649 4156 plurimum
1689 4096 1743 4141 et
1787 4086 2036 4141 llistOria:
2079 4096 2133 4139 et
2180 4087 2379 4141 Graeca-
2424 4088 2619 4156 linguae
2648 4086 2964 4139 incrementi
3009 4086 3423 4149 urnamentiqm:

185 4179 266 4224 est
293 4186 671 4228 accessurum.
701 4174 835 4227 Cum
867 4174 1012 4228 enim
1052 4176 1199 4229 varia
1228 4176 1653 4245 gravissimaque
1678 4175 1811 4229 bella
1839 4174 2098 4228 adversus
2144 4175 2593 4243 populosissimas
2626 4177 3137 4243 poteltlissitnasqtte
3161 4177 3420 4229 ttatiuttcs.

188 4258 433 4318 Francos
478 4264 708 4328 scilicet,
734 4264 984 4333 Gotthos,
1010 4265 1300 4331 Vandalos,
1329 4255 1551 4320 llunnos
1578 4278 1631 4320 ct
1655 4265 1850 4335 Persas
1876 4276 2023 4335 gesta
2054 4267 2354 4324 describat;
2388 4277 2500 4319 tum
2523 4283 2650 4320 vero
2680 4268 2745 4321 de
2771 4284 2962 4320 eorum
2990 4268 3231 4319 inoribus
3262 4277 3423 4332 atque

187 4354 479 4422 institutis,
511 4371 577 4411 ac
612 4357 881 4427 praecipue
913 4358 979 4412 de
1010 4356 1351 4414 Persicorum
1388 4373 1572 4427 regum
1612 4357 1919 4427 genealogia
1951 4374 2012 4410 ac
2058 4357 2261 4425 politia,
2302 4358 2467 4410 multa
2500 4368 2888 4411 commemorat
2926 4359 3062 4411 scitu
3106 4356 3418 4423 dignissima

187 4461 309 4514 qua:
348 4448 493 4516 apud
518 4449 654 4502 alios
677 4451 967 4518 scriptores
993 4465 1259 4518 nusquam
1285 4450 1645 4517 reperiantur.
1686 4447 1869 4517 Stylus
1895 4449 2007 4515 ipse
2042 4450 2198 4517 plane
2233 4461 2317 4502 est
2346 4451 2569 4503 Iloridus
2598 4459 2757 4518 atque
2792 4465 3062 4508 alumnus,
3089 4448 3272 4498 multis
3300 4466 3422 4499 st-u-

189 4536 488 4591 tentiarum
528 4539 822 4594 luminibus
852 4541 1174 4596 illustratus.
1213 4540 1402 4595 Verbis
1440 4554 1567 4591 vero
1598 4540 1763 4591 utitur
1792 4540 2185 4602 selectissimis,
2211 4550 2263 4593 et
2296 4540 2607 4607 frequenter
2636 4554 2665 4591 a
2703 4544 2979 4590 communi
3024 4553 3120 4588 usu
3155 4555 3217 4589 ac
3249 4539 3417 4605 signi-

188 4623 452 4680 ﬁcatione
491 4630 751 4695 remotis;
783 4630 916 4684 adeo
946 4638 1006 4684 ut
1039 4629 1235 4686 Suidas
1258 4632 1487 4701 diligens
1516 4630 1941 4702 glossographus
1975 4630 2307 4696 potissimam
2334 4627 2517 4679 Lexici
2546 4628 2627 4678 sui
2665 4637 2864 4693 partem
2907 4644 2969 4679 ex
3006 4614 3165 4695 hujus
3204 4630 3419 4694 scriptis

187 4717 557 4773 concinnarit.
583 4718 737 4773 Hunc
780 4720 962 4790 itaque
983 4723 1261 4793 Agathiam
1296 4720 1613 4791 seliptorem
1652 4720 2159 4780 luculentissimtun,
2194 4733 2350 4785 quem
2394 4717 2521 4769 olim
2553 4716 2790 4770 Persona
2836 4719 2903 4771 ita
2955 4721 3210 4771 lutularat
3240 4718 3412 4770 aede.

189 4806 480 4873 fonnarat,
519 4818 579 4862 ut
619 4810 928 4880 quicunque
971 4827 1093 4867 eum
1133 4814 1418 4883 attingeret
1457 4812 1649 4865 merito
1701 4810 2025 4863 exclamaret
2051 4825 2063 4858 :
2090 4809 2290 4876 Aquam
2331 4808 2610 4869 manibus;
2650 4809 3002 4879 εὐπρόπωπον
3058 4812 3417 4876 nitidiorcqttr:

191 4898 383 4954 habitu
418 4914 452 4953 a
484 4914 569 4953 me
599 4899 854 4952 donatum
885 4900 1078 4966 vobis,,
1112 4903 1349 4957 illustres
1373 4901 1801 4970 at'nplissitniqne
1826 4898 1949 4959 viri,
1982 4898 2172 4949 tnerito
2206 4897 2609 4951 inscribendum
2641 4901 3039 4967 dit-anulumque
3068 4900 3370 4952 existimavi
3401 4919 3409 4927 ·

191 4988 459 5055 primum,
495 4987 637 5057 quod
666 5002 731 5040 ex
757 4994 935 5040 vestra
957 4988 1231 5042 academia
1262 4992 1314 5043 in
1353 4990 1527 5043 lucem
1563 4988 1785 5058 prodeat
1811 5002 1825 5050 ;
1859 4987 1910 5039 in
1940 5001 2045 5054 qua
2073 5001 2194 5038 cum
2222 4984 2333 5050 jam
2368 4989 2625 5041 tredecim
2659 4990 2873 5043 circiter
2904 5004 3076 5043 annos
3104 4998 3284 5040 vestro
3326 4991 3416 5042 be-

190 5079 392 5134 neticio
434 5078 821 5133 honestissimo
854 5077 957 5131 hoc
1000 5079 1113 5132 Otio
1154 5081 1418 5135 litterario
1448 5081 1617 5144 fruar,
1652 5080 1991 5133 vehementer
2020 5093 2104 5131 me
2136 5077 2480 5133 ollicio‘meo
2512 5082 2825 5134 del'uturum
2859 5082 3057 5149 putari,
3084 5080 3187 5131 nisi
3229 5080 3414 5134 darem

192 5185 421 5241 Operam
452 5179 513 5225 ut
529 5178 762 5225 exstaret
797 5168 1065 5238 publicum
1092 5170 1310 5239 aliquod
1345 5173 1636 5242 singularis
1662 5187 1797 5225 mea)
1810 5188 1936 5240 erga
1963 5186 2058 5223 vos
2084 5169 2439 5226 observantia:
2469 5176 2715 5243 gratique
2744 5173 2906 5226 animi
2950 5185 3363 5226 monumentqu
3402 5196 3413 5227 :

192 5264 417 5328 deinde,
458 5264 603 5330 quod
626 5277 733 5317 non
783 5260 1061 5330 indignum
1091 5262 1245 5316 vobis
1273 5264 1374 5316 hoc
1398 5265 1801 5318 munusculum
1843 5262 2158 5315 litterarium
2192 5261 2508 5329 indicarem,
2541 5281 2660 5317 cum
2694 5264 2762 5317 ob
2786 5271 3062 5315 auctorem
3109 5264 3288 5331 ipsum
3320 5269 3415 5335 qui

197 5357 343 5425 apud
365 5357 563 5411 doctos
588 5371 775 5431 omnes
799 5369 1012 5409 summo
1041 5369 1254 5421 semper
1294 5355 1394 5407 l‘uit
1424 5355 1476 5408 in
1508 5357 1694 5424 pretio.
1740 5366 1851 5409 tum
1876 5369 2003 5407 vero
2032 5354 2208 5424 magni
2237 5354 2378 5410 illius
2407 5354 2746 5425 imperatoris
2782 5354 2939 5422 cujus
2972 5356 3252 5410 historiam
3280 5360 3418 5412 srri-

197 5448 276 5502 bit
306 5432 641 5513 nomine;in
664 5463 768 5518 qua
790 5447 1006 5516 quidem
1039 5445 1262 5499 historia
1284 5446 1452 5499 multa
1485 5452 1899 5500 conscribuntur
1931 5446 2203 5511 sapienter
2239 5447 2305 5500 ab
2332 5448 2422 5500 illo
2452 5448 2849 5515 prudenterque
2878 5450 3198 5517 excogitata,
3222 5447 3419 5501 felicis-

198 5542 454 5612 simeque
473 5544 740 5613 perfecta;
768 5544 1014 5613 equibus
1034 5540 1310 5605 nonnulla,
1336 5541 1409 5593 uti
1438 5556 1614 5609 spero,
1644 5544 1694 5595 in
1725 5558 1852 5595 usus
1879 5552 2087 5593 vestros
2126 5551 2438 5596 convertere
2471 5539 2709 5609 poteritis
2734 5538 2798 5593 ad
2827 5540 3255 5594 ﬂorentissimam
3278 5559 3418 5594 rem-

198 5634 486 5701 publicam
510 5644 743 5688 vestram
772 5634 1145 5690 stabiliendam
1184 5641 1237 5686 et
1268 5633 1503 5686 nominis
1528 5636 1691 5687 vestri
1723 5634 2107 5695 celebritatem,
2151 5650 2272 5700 qua:
2297 5650 2474 5687 rerum
2525 5648 2619 5699 pro
2650 5632 2893 5687 libertate
2920 5636 3111 5687 tuenda
3150 5644 3419 5700 gestarum

199 5723 583 5791 magnitudine
612 5725 773 5795 longe
801 5727 1014 5794 lateque
1045 5734 1126 5779 est
1167 5731 1475 5793 prepagata,
1524 5725 1694 5792 magis
1725 5724 2003 5792 magisque
2036 5726 2355 5794 augendam.
2400 5723 2526 5775 Mihi
2559 5722 2760 5778 interea
2782 5726 2915 5778 nihil
2942 5724 3142 5793 gratius
3179 5725 3421 5778 :tt‘citIt-t'e

201 5815 435 5890 poterit,
467 5830 628 5885 quam
659 5818 703 5872 si
736 5817 1028 5886 intelligam
1061 5817 1293 5872 studium
1320 5814 1419 5869 hoc
1459 5829 1638 5869 meum
1667 5814 1839 5881 vobis,
1889 5814 2125 5871 illustres
2159 5815 2583 5885 anrplissituique
2614 5815 2734 5879 viri,
2769 5816 3019 5884 probari;
3055 5829 3419 5883 magnumun
