4032 6336
273 416 417 480 ιὲϊῖε]

1456 425 1988 485 HISTORIARUM
2013 424 2242 484 LIBER
2278 424 2327 484 Ι.

3362 423 3499 488 1280

260 532 438 601 ὶέσίιη
463 549 474 562 ·
513 533 624 600 ἐγὼ
657 533 715 585 δὲ
749 536 805 597 ἐς
835 536 900 589 τά
937 536 1166 606 ἐχόμενα
1197 537 1419 599 τούτων,
1459 538 1542 605 ἐφ’
1576 538 1718 606 ἆπερ
1742 536 1835 589 καὶ

1935 548 2040 604 que
2095 543 2307 589 sextum
2353 544 2408 588 et
2450 533 2766 587 vicesimum
2817 534 2965 603 regni
3032 532 3323 590 Justiniani
3371 549 3500 592 sunt

260 625 372 694 τὴν
401 627 576 695 ἀρχὴν
626 625 887 698 ὡρμήθην
943 629 1095 690 ἰέναι,
1149 628 1243 682 καὶ
1269 629 1334 698 δὴ
1369 631 1460 682 ἐπὶ
1487 629 1655 682 ταῦτα
1702 624 1840 698 εἶμι,

263 718 372 768 καὶ
397 717 460 786 δὴ
489 717 681 786 ἔχομαι
711 717 819 769 τῶν
852 720 1208 789 πραγμάτων.

1948 636 2119 695 gesta.
2159 631 2234 681 Ac
2262 627 2555 696 Proc0pius
2595 627 2809 695 quidem
2849 628 2902 680 in
2960 627 3064 693 his,
3125 629 3200 682 ttti
3245 630 3496 686 arbitror.

1950 718 2110 772 linem
2139 718 2375 773 historia:
2418 733 2531 773 sua:
2560 717 2704 772 facit.
2760 718 2872 788 Ego
2931 735 3056 774 vero
3109 721 3193 776 his
3259 723 3500 790 proxima

263 819 329 862 ct
362 809 770 876 consequentia,
809 820 868 862 ut
921 812 1076 865 initio
1135 811 1267 865 mihi
1323 813 1660 882 propsitum
1719 810 1842 874 fuit,
1875 823 2229 880 persequens,
2263 825 2352 864 res
2401 810 2545 879 ipsas
2584 809 2883 879 aggredior.

349 902 435 970 (Λ.
463 900 524 955 C.
553 900 680 966 532)
713 902 784 978 α’.
831 903 1044 972 Ἐπειδὴ
1068 903 1226 966 Τεΐας
1253 905 1444 978 ὁκμετὰ
1472 905 1712 958 Τώτιλαν
1734 903 1842 956 τῶν

261 991 488 1045 reret.»
523 992 747 1064 ἡγεμὼν
779 994 1070 1059 καταστάς,
1109 991 1576 1067 ἀνακαλεσάμενος
1629 995 1712 1067 [Ρ.
1750 994 1840 1066 it]

261 1087 372 1150 τὰς
392 1087 437 1118 τ’
456 1085 713 1157 δυνάμεις
731 1087 820 1140 καὶ
836 1087 1089 1159 πόλεμον,
1112 1089 1370 1142 πανσυδεὶ
1389 1089 1524 1159 πρός
1540 1105 1598 1140 τε
1617 1088 1844 1158 Ναρσῆν

271 1177 377 1228 καὶ
405 1176 705 1246 Ῥωμαίους
724 1178 1180 1248 παραταξάμενος
1196 1179 1405 1250 ήσσήϐη
1420 1196 1477 1231 τε
1497 1178 1633 1232 κατά
1645 1178 1844 1249 κράτος

266 1264 372 1317 καὶ
397 1263 558 1317 αὐτοῦ
587 1265 833 1336 πολεμῶν
859 1266 1144 1339 διεφθάρη,
1171 1268 1223 1321 οἵ
1245 1285 1304 1320 τε
1323 1263 1711 1339 περισωθέντες
1734 1267 1840 1320 τῶν

265 1353 512 1417 Γότθων,
537 1355 872 1425 ἐγκειμένων
903 1356 1055 1424 σφίσι
1096 1357 1380 1426 Ῥωμαίων
1410 1356 1504 1408 καὶ
1527 1355 1626 1408 οὐκ
1659 1354 1838 1406 ἀνιέν-

264 1459 406 1509 των,
433 1441 743 1513 πιεζόμενοι
774 1447 894 1508 ταῖς
926 1462 986 1498 τε
1009 1446 1330 1517 ἐπιδρομαῖς
1358 1447 1453 1501 καὶ
1481 1447 1564 1499 ὅτι
1590 1447 1649 1498 ἐν
1678 1443 1840 1516 χώρῳ

265 1533 488 1606 ἀνύδρῳ
532 1533 827 1605 ἐτύγχανον
873 1533 1290 1607 ξυνειλεγμένοι,
1337 1536 1564 1599 σπονδὰς
1603 1535 1840 1589 τίθενται

267 1625 413 1696 πρὸς
445 1624 694 1696 Ναρσῆν,
727 1626 812 1695 ἐφ’
844 1620 888 1692 ᾧ
916 1627 1013 1697 τὴν
1045 1628 1141 1696 μὲν
1169 1625 1374 1680 οἰκείαν
1399 1626 1567 1689 ἀδεῶς
1596 1626 1841 1696 νέμοιντο

267 1717 478 1788 χώραν,
525 1718 735 1788 βασιλεῖ
763 1717 822 1770 δὲ
838 1717 884 1750 ⁸ο
923 1717 1031 1769 τῶν
1066 1716 1348 1786 Ῥωμαίων
1379 1717 1636 1789 κατήκοοι
1665 1716 1839 1768 τολοι-

2018 901 2072 957 1.
2110 900 2270 956 Teias
2301 900 2603 956 Gothorum
2631 911 2752 971 post
2775 900 3002 956 Totilam
3026 901 3156 970 dux,
3189 902 3504 960 instauratis

1947 991 2117 1061 copiis
2141 1007 2265 1046 cum
2291 992 2489 1047 bellum
2515 993 2644 1047 totis
2665 993 2869 1047 viribus
2897 992 3108 1048 Narseti
3138 993 3504 1066 Romanisque

1948 1082 2239 1148 intulisset,
2275 1085 2475 1154 insigni
2517 1084 2668 1139 clade
2713 1094 2951 1154 accepta,
3001 1085 3054 1138 in
3105 1087 3220 1142 acie
3258 1088 3506 1156 prtelians

1948 1175 2123 1242 periit.
2160 1174 2320 1230 Gothi
2352 1177 2445 1247 qui
2483 1187 2789 1245 evaserant,
2840 1176 3098 1232 Romanis
3150 1179 3358 1248 absque
3396 1179 3503 1234 ulla

1947 1267 2351 1322 intermissione
2373 1269 2843 1338 persequentibus,
2875 1270 3042 1340 pressi
3067 1271 3299 1325 assiduis
3328 1270 3502 1325 insul-

1945 1357 2091 1412 tibus
2138 1365 2188 1412 et
2227 1357 2470 1413 siccitate
2514 1359 2775 1424 locorum,
2827 1362 2882 1415 in
2905 1376 3026 1431 quae
3067 1375 3125 1416 se
3170 1371 3501 1430 receperant,

1943 1445 2094 1513 pacis
2125 1445 2460 1501 conditiones
2501 1461 2624 1501 cum
2666 1446 2892 1502 Narsete
2938 1449 3156 1514 ineunt;
3200 1455 3258 1501 ut
3297 1448 3507 1503 scilicet

1943 1550 2074 1591 suas
2096 1536 2172 1590 illi
2205 1546 2378 1592 terras
2407 1536 2670 1608 intrepide
2697 1539 2961 1603 habitent,
2991 1540 3212 1610 regique
3235 1539 3505 1594 Romano-

1945 1641 2066 1679 rum
2105 1628 2358 1697 deinceps
2396 1638 2639 1697 pareant.
2689 1629 2822 1684 Haec
2859 1645 2985 1684 eum
3031 1632 3105 1685 ita
3149 1632 3216 1687 iis
3267 1631 3320 1686 in
3373 1632 3506 1687 locis

1946 1716 2259 1781 cessissent,
2288 1718 2606 1772 videbantur
2631 1719 2884 1773 omnibus
2911 1720 3045 1774 bella
3077 1722 3130 1774 in
3162 1720 3314 1775 Italia
3344 1721 3504 1776 ﬁnem

391 1807 436 1838 ⁸¹
469 1784 621 1871 ὄντες
646 1806 941 1861 διατελοῖεν
973 1821 988 1837 ο
1037 1784 1222 1877 ἐπειδὴ
1253 1803 1426 1860 ταῦτα
1454 1784 1581 1877 τῇδε
1623 1806 1840 1876 ἐχώρει,

1943 1813 2102 1859 nacta
2131 1823 2144 1858 :
2173 1821 2297 1860 cum
2328 1808 2509 1876 potius
2551 1809 2807 1877 prmiudia
2839 1810 3065 1863 aliorum
3106 1811 3371 1866 bellorum
3419 1829 3507 1866 es-

267 1897 454 1949 ἐδόκει
485 1898 586 1966 μὲν
611 1899 783 1952 ἅπασι
818 1899 990 1967 πέρας
1021 1895 1162 1967 ἔχειν
1195 1897 1264 1950 τά
1293 1896 1401 1951 τῶν
1429 1898 1486 1950 ἐν
1521 1898 1719 1968 Ἰταλίᾳ
1745 1916 1842 1950 πο-

268 1988 458 2058 λέμων
475 1989 518 2019 ⁸³
543 2003 558 2018 ·
615 1989 687 2042 τὰ
728 1989 787 2041 δὲ
815 1983 883 2059 ἦν
927 1989 1036 2059 ἄρα
1064 1988 1344 2059 προοίμια.
1376 1981 1544 2058 Οἶμαι
1571 1989 1678 2058 γὰρ
1724 1989 1841 2042 οὐδὲ

269 2077 575 2148 ἐπιλείψειν
600 2078 729 2132 ποτὲ
754 2079 845 2132 τὸν
873 2079 1045 2133 αἰῶνα
1069 2079 1227 2151 ἡμῶν
1252 2079 1322 2133 τὰ
1348 2079 1551 2144 τοιάδε,
1585 2080 1766 2151 μένειν
1786 2080 1842 2132 δὲ

271 2171 334 2232 ἐς
363 2171 451 2223 ἀεὶ
487 2170 583 2224 καὶ
609 2169 895 2243 ἀκμάζειν,
942 2171 1001 2236 ἐς
1032 2173 1081 2226 τ’
1108 2173 1176 2228 ἂν
1204 2174 1239 2245 ἡ
1267 2172 1404 2244 αὐτὴ
1446 2171 1606 2242 φύσις
1635 2171 1842 2243 ἀνθρώ-

270 2276 398 2312 πων
425 2255 480 2334 ᾗ,
511 2260 634 2313 ἐπεὶ
678 2263 774 2315 καὶ
800 2261 1007 2316 ἄνωθεν
1033 2263 1189 2333 ἡμῖν,
1238 2262 1313 2326 ὡς
1341 2260 1471 2324 ἔπος
1495 2261 1687 2324 εἰπεῖν,
1723 2277 1845 2313 συν-

269 2351 489 2421 εισῆλθε
506 2350 585 2422 τῷ
607 2351 723 2422 βίῳ.
747 2354 858 2406 Καὶ
877 2347 971 2406 οὖν
998 2353 1171 2424 μεστὴ
1192 2352 1291 2423 μὲν
1314 2353 1349 2422 ἡ
1372 2352 1609 2421 ποίησις,
1629 2350 1842 2420 πλήρης

267 2442 333 2495 δὲ
376 2442 632 2512 ξύμπασα
676 2444 886 2515 ἱστορία
927 2443 1183 2514 πολέμων
1228 2460 1289 2496 τε
1330 2448 1425 2497 καὶ
1461 2442 1839 2513 παρατάξεων,

266 2533 370 2584 καὶ
397 2533 494 2584 οὐκ
527 2533 594 2586 ἂν
623 2532 750 2586 ἄλλο
786 2550 840 2585 τι
871 2531 1055 2603 εὕροις
1084 2531 1167 2604 [Ρ.
1186 2530 1277 2603 12]
1313 2533 1372 2584 ἐν
1398 2531 1523 2602 τῇδε
1536 2532 1581 2563 ⁸³
1608 2533 1748 2585 κατὰ
1778 2533 1839 2584 τὸ

270 2621 477 2691 μᾶλλον
497 2621 981 2692 ἀναγεγραμμένον
999 2638 1015 2654 ⁶
1043 2623 1213 2676 αἴτιον
1236 2621 1292 2675 δὲ
1314 2617 1468 2693 οἶμαι
1495 2622 1697 2675 τούτων
1721 2623 1838 2692 ούχ,

267 2716 410 2784 ὅπερ
457 2714 505 2766 oi
555 2712 740 2766 πολλοί
777 2729 962 2782 φασιν,
1005 2713 1252 2784 ἀστέρων
1280 2731 1340 2766 τε
1385 2714 1611 2786 πορείας
1645 2715 1738 2768 καὶ
1779 2714 1841 2768 τὸ

272 2805 623 2876 μεμαρμένον
638 2803 685 2837 ⁸⁸
704 2805 798 2859 καί
825 2823 978 2869 τινας
1001 2806 1344 2877 παραλόγους
1361 2807 1625 2875 ἀνάγκας.
1647 2808 1711 2860 Et
1733 2808 1841 2879 γὰρ

266 2901 344 2952 τά
373 2899 471 2970 τῆς
499 2901 871 2970 πεπρωμένης
899 2901 958 2953 ἐν
986 2902 1122 2954 πᾶσι
1153 2900 1326 2971 νικῴη
1343 2900 1412 2968 ⁸⁸,
1441 2901 1758 2974 ἀφαιρεθείη
1783 2903 1841 2956 δὲ

266 2986 380 3041 τῶν
397 2975 786 3060 ἀνθρώπωντί)
813 2990 1138 3060 προαιρετὸν
1167 2991 1260 3043 καὶ
1289 2989 1555 3056 ἑκούσιον,
1579 2992 1838 3063 παραινέ-

269 3097 389 3144 σεις
428 3081 527 3150 μὲν
557 3081 775 3146 ἁπάσας
818 3082 914 3134 καὶ
945 3081 1140 3153 τέχνας
1175 3082 1270 3136 καὶ
1325 3083 1670 3147 διδασκαλίας
1705 3084 1840 3138 κενά

269 3176 370 3227 καὶ
400 3174 648 3246 ἀχρηστα
693 3173 1006 3246 νομιοῦμεν,
1049 3176 1352 3246 οίχήσονται
1390 3176 1446 3229 δὲ
1487 3176 1705 3246 φροῦδοι
1743 3177 1838 3232 καὶ

264 3265 509 3335 ἄκαρποι
534 3267 590 3321 αἱ
621 3265 730 3320 τῶν
757 3266 956 3337 ἄριστα
972 3266 1018 3297 ⁸⁸
1047 3265 1306 3335 βιούντων
1335 3267 1564 3329 ἐλπίδες.
1599 3268 1674 3320 Οὐ
1705 3267 1834 3335 μέν·

265 3373 352 3409 τοι
380 3355 494 3409 ἀλλ’
519 3356 640 3410 οὐδὲ
663 3356 725 3409 τὺ
748 3356 888 3410 θεῖον
919 3357 1109 3419 αῐτιον,
1153 3356 1228 3420 ώς
1266 3373 1328 3425 γε
1358 3357 1458 3426 ἐμὲ
1488 3359 1829 3426 γιγνώσκειν,

265 3447 446 3516 φόνων
469 3463 529 3500 τε
555 3448 649 3501 καὶ
678 3447 1008 3516 συμπλοκῶν
1041 3447 1288 3519 ἡγεῖσθαι
1318 3449 1602 3520 προσήκει.
1629 3450 1703 3502 Τὸ
1723 3451 1832 3521 γὰρ

265 3540 472 3610 ἀγαθὸν
510 3542 688 3596 ἐκεῖνο
716 3543 810 3594 καὶ
837 3541 1157 3606 ἀλεξίκακον
1187 3541 1366 3612 φόνιόν
1405 3560 1465 3596 τε
1494 3545 1589 3598 καὶ
1615 3543 1834 3614 φιλοπό-

265 3633 434 3703 λεμον
461 3625 570 3687 οὔτ’
600 3633 666 3688 ἂν
699 3634 876 3704 ἔγωγε
910 3636 1167 3706 φήσαιμι,
1206 3633 1330 3689 οὔτε
1369 3636 1574 3691 εἰπόντι
1609 3637 1831 3691 πιστεύ-

267 3741 451 3794 σαιμι.
489 3725 580 3790 Ἐς
606 3725 663 3780 δὲ
692 3726 1006 3792 πλεονεξίαν
1048 3744 1110 3780 τε
1149 3728 1244 3780 καὶ
1275 3728 1484 3782 ἀδικίαν
1515 3729 1571 3782 αἱ
1602 3729 1710 3781 τῶν
1737 3732 1832 3782 ἀν⁹

265 3816 504 3886 θρώπων
525 3816 691 3886 ψυχαὶ
714 3816 1010 3886 αὐθαίρετα
1035 3818 1552 3884 κατολισθαίνουσαι,
1583 3819 1832 3889 πολέμων

263 3922 331 3960 τε
346 3907 393 3938 ⁵⁷
427 3907 520 3960 καὶ
558 3905 809 3977 ταραχῶν
855 3907 1067 3960 ἅπαντα
1116 3909 1463 3978 ἐμφοροῦσιν,
1511 3909 1720 3962 ἐνθένδε
1769 3927 1828 3962 τε

261 3997 480 4069 δλεθροι
523 3996 877 4068 ξυμϐαίνουσι
931 3997 1149 4065 πολλοὶ,
1200 3999 1296 4051 καὶ
1361 3999 1479 4068 γένη
1528 3999 1827 4069 ἀνθρώπων

263 4089 588 4162 ἀνάρπαστα
636 4088 910 4158 γίγνεται,
958 4088 1053 4143 καὶ
1105 4090 1297 4161 μυρίαι
1349 4089 1505 4144 ἄλλαι
1551 4091 1826 4144 ώδίνονται

263 4183 455 4257 κῆρες.
484 4182 640 4237 Οῦτω
653 4182 702 4214 ³⁸
733 4181 842 4254 γὰρ
866 4181 931 4250 δὴ
961 4181 1056 4235 καὶ
1077 4180 1198 4235 τότε
1226 4183 1276 4235 οἱ
1305 4181 1491 4234 Γότθοι
1518 4181 1702 4251 ἐπειδὴ
1726 4182 1824 4245 τὰς

264 4274 499 4338 σπανδάς
528 4273 742 4346 Θέμενοι
774 4273 869 4327 καὶ
895 4271 1260 4342 διακριθέντες
1287 4273 1337 4325 οἱ
1370 4271 1468 4343 μὲν
1501 4272 1677 4326 αὐτῶν
1696 4272 1825 4330 εἵσω

259 4365 358 4420 τοῦ
399 4367 576 4421 Πάδου
624 4365 886 4438 πρότερον
935 4364 1278 4435 διαιτώμενοι
1330 4363 1573 4434 ποταμοῦ
1597 4404 1612 4430 ,
1667 4365 1723 4427 ἒς
1763 4381 1822 4416 τε

1942 1906 2081 1950 sent.
2124 1895 2331 1952 Censeo
2352 1899 2496 1951 enim
2523 1913 2695 1952 aevum
2736 1899 2839 1954 hoc
2882 1909 3129 1954 nostrum
3152 1899 3442 1970 nunquam
3475 1917 3504 1954 a

1940 1985 2095 2040 hellis
2119 1986 2347 2040 liberum
2380 1986 2645 2054 futurum,
2684 1989 2796 2043 imo
2829 1991 3009 2059 potius
3042 2002 3299 2060 perpetuo
3337 1993 3504 2046 dura-

1941 2087 2064 2132 tura
2107 2087 2269 2150 atque
2311 2080 2444 2135 adeo
2483 2080 2766 2158 invalitura
2797 2082 2898 2152 15
2937 2085 3173 2153 quandiu
3225 2085 3339 2140 lucc
3389 2087 3505 2153 ipsa

1944 2181 2139 2224 natura
2181 2173 2460 2226 hominum
2488 2172 2774 2250 exstiterit.
2806 2172 2863 2228 Si
2896 2176 3041 2229 enim
3076 2176 3238 2231 altius
3275 2191 3386 2231 rem
3418 2193 3506 2230 re-

1942 2273 2211 2330 petamus,
2249 2278 2355 2317 una
2398 2278 2522 2318 cum
2571 2264 2688 2335 ipsa
2716 2265 2826 2320 vita
2854 2267 3240 2337 propemodum
3273 2269 3504 2322 dixerim

1944 2351 2152 2406 invecta
2201 2363 2330 2408 sunt
2387 2354 2563 2420 bella;
2618 2365 2779 2426 atque
2826 2358 2898 2412 ita
2948 2359 3108 2428 plena
3156 2370 3238 2415 est
3291 2362 3503 2430 poesis,

1942 2443 2099 2510 plena
2132 2446 2309 2500 omnis
2342 2445 2570 2501 historia
2595 2447 2860 2504 bellorum
2888 2462 2942 2505 ct
2971 2453 3303 2521 praeliorum,
3333 2469 3507 2523 neque

1940 2534 2236 2604 quidquam
2277 2537 2330 2590 in
2367 2539 2451 2592 his
2500 2542 2804 2609 comperias
2849 2543 3073 2597 uberius
3111 2546 3501 2614 conscriptum.

1940 2625 2174 2679 Causam
2203 2642 2333 2680 vero
2363 2629 2559 2682 horum
2583 2632 2910 2695 censuerim,
2941 2649 3073 2700 non,
3115 2642 3173 2689 ut
3207 2637 3360 2691 multi
3390 2648 3502 2691 sta-

1941 2721 2121 2776 tuunt,
2165 2713 2446 2768 stellarum
2494 2731 2689 2772 cursus
2737 2727 2791 2772 et
2830 2718 2999 2773 fatum
3047 2729 3207 2789 atque
3237 2723 3502 2779 absurdus

1940 2804 2202 2873 quasdam
2231 2808 2601 2864 necessitates.
2632 2809 2689 2864 Si
2711 2812 2854 2866 enim
2872 2811 2967 2867 fati
3000 2815 3294 2871 necessitas
3319 2817 3502 2871 omnia

1941 2905 2264 2964 permearet,
2296 2898 2596 2967 eriperetur
2636 2900 2950 2958 hominibus
2991 2905 3277 2959 arbitraria
3314 2907 3504 2961 volun-

1941 2987 2072 3044 tatis
2097 2987 2309 3055 electio,
2344 3000 2399 3045 et
2431 2991 2647 3060 quidem
2678 3004 2942 3064 praecepta
2972 2997 3156 3050 omnia
3180 3005 3232 3051 et
3266 3008 3411 3054 artes
3437 3015 3503 3054 ac

1941 3077 2246 3149 disciplina:
2275 3097 2428 3136 vanae
2467 3081 2796 3152 inutilesque
2837 3097 3019 3141 essent
3039 3089 3348 3154 censendos;
3378 3103 3503 3145 era-

1939 3171 2082 3225 nidae
2141 3174 2306 3226 etiam
2356 3173 2558 3227 fuerint
2621 3172 3058 3246 inl‘rugil‘erthue
3109 3192 3336 3241 eorum,
3405 3181 3498 3247 qui

1935 3261 2137 3332 optime
2159 3263 2324 3317 vitam
2358 3278 2514 3318 suam
2547 3263 2856 3330 instituunt,
2885 3281 3024 3335 spes.
3055 3265 3159 3322 Sed
3181 3283 3282 3322 nec
3302 3267 3494 3335 Deum,

1933 3361 2194 3424 quantum
2220 3370 2341 3410 mea
2365 3354 2470 3409 fert
2493 3357 2779 3421 sententia,
2817 3358 3046 3413 caedium
3071 3369 3125 3414 et
3148 3361 3492 3417 conﬂictuum

1932 3453 2212 3501 auctorem
2253 3459 2478 3501 censere
2537 3454 2768 3516 oportet.
2827 3446 3106 3503 Summam
3155 3451 3298 3505 enim
3350 3453 3494 3507 illam

1930 3532 2230 3589 bonitatem
2286 3535 2571 3605 omnisque
2621 3535 2748 3590 mali
2785 3537 3202 3608 proﬂigati-icem
3255 3542 3497 3599 caedibus

1930 3623 2189 3694 bellisque
2231 3628 2484 3694 gaudere,
2521 3641 2619 3680 nec
2666 3625 2782 3696 ipse
2813 3627 3081 3702 dixerim,
3120 3646 3221 3687 nec
3255 3633 3307 3687 id
3353 3633 3496 3688 aliir-

1931 3719 2101 3771 manti
2142 3719 2526 3788 acquieverim.
2567 3719 2861 3796 Hominum
2901 3737 3036 3800 vero
3060 3725 3228 3780 animi
3278 3726 3331 3780 in
3374 3729 3496 3798 plus

1931 3809 2163 3865 habendi
2224 3810 2570 3880 cupiditatem
2621 3822 2675 3867 et
2733 3813 3051 3882 injustitiam
3111 3817 3492 3886 prolabentes,

1927 3901 2088 3956 bellis
2117 3901 2296 3955 omnia
2323 3911 2377 3956 et
2399 3901 2722 3956 tumultibus
2759 3903 3022 3971 miscent;
3050 3915 3210 3975 atque
3245 3907 3371 3962 hinc
3408 3909 3493 3961 in-

1927 3992 2120 4045 teritus
2161 3993 2451 4061 multaeque
2488 3992 2731 4062 gentium
2777 3992 3174 4052 interneciones
3214 4001 3487 4064 eveniunt,

1925 4082 2333 4151 innumeraeque
2388 4081 2509 4137 alite
2565 4082 2905 4140 calamitates
2962 4086 3231 4142 oriuntur.
3285 4087 3488 4144 Eodem

1923 4174 2086 4230 modo
2110 4176 2272 4230 etiam
2301 4186 2413 4230 tum
2443 4179 2704 4249 temporis
2737 4177 2897 4234 Gothi
2929 4180 3050 4235 ictis
3083 4179 3376 4237 ftederibus
3402 4183 3487 4238 di-

1923 4267 2134 4336 rempti,
2183 4269 2428 4323 nonnulli
2475 4283 2663 4325 eorum
2701 4272 2791 4340 qui
2841 4272 2981 4327 intra
3021 4273 3224 4328 Padum
3260 4272 3485 4330 ﬂuvium

1923 4360 2210 4430 degebant,
2247 4360 2300 4414 in
2328 4359 2584 4418 Tusciam
2625 4373 2679 4417 et
2706 4361 3002 4433 Liguriam,
3045 4372 3098 4416 et
3141 4379 3249 4432 quo
3289 4367 3490 4436 cuique

258 4459 533 4516 Τουσκίαν
553 4459 652 4512 καὶ
678 4457 994 4528 Λιγουρίαν,
1025 4457 1120 4509 καὶ
1144 4456 1227 4509 δθι
1254 4455 1467 4526 ἑκάστῳ
1499 4455 1739 4525 Θυμῆρές
1765 4473 1824 4509 τε

1935 4454 2140 4509 libitum
2171 4455 2276 4528 ιθ
2301 4465 2420 4511 erat
2466 4467 2881 4521 concesserunt;
2917 4457 3005 4509 alii
3039 4473 3166 4512 vero
3191 4467 3343 4515 trans
3376 4460 3486 4515 Pa-

256 4544 332 4620 ἧν
358 4551 456 4602 καὶ
485 4548 812 4620 εἰθισμένον,
837 4547 1074 4618 ἐχώρουν
1096 4563 1111 4577 ·
1147 4547 1198 4598 οἱ
1221 4546 1280 4598 δέ
1307 4545 1482 4611 ἐκτὸς,
1521 4546 1824 4612 διαϐάντες,

257 4637 409 4708 ἀμφὶ
445 4635 696 4691 Βενετίαν
733 4639 830 4692 καὶ
862 4636 931 4690 τά
963 4636 1090 4707 τῇδε
1113 4633 1346 4706 φρούρια
1370 4635 1468 4686 καὶ
1499 4633 1823 4702 πολίσματα,

1925 4544 2054 4598 dum
2080 4545 2224 4598 circa
2256 4543 2505 4599 Venetias
2527 4543 2718 4616 .sparsi
2750 4543 2802 4597 in
2844 4545 3081 4600 castellis
3105 4556 3160 4600 et
3188 4549 3484 4618 Oppitlulis,

1921 4635 2122 4704 quibus
2160 4644 2468 4714 assuerant,
2493 4634 2879 4688 consederunt.
2911 4635 3048 4690 Cum
3091 4636 3272 4708 itaque
3297 4638 3398 4693 hoc
3426 4641 3478 4692 in

259 4724 406 4804 ᾗπερ
435 4728 530 4781 καὶ
556 4728 614 4780 ἐν
650 4727 731 4798 τῷ
757 4728 864 4798 πρὸ
887 4726 1004 4794 τοῦ,
1039 4725 1422 4780 ἐσκεδάννυντο
1447 4740 1464 4758 ο
1512 4725 1700 4795 ἐπειδὴ
1729 4721 1822 4780 οὖν

1935 4737 2060 4783 statu
2095 4737 2276 4784 essent
2303 4743 2388 4782 res
2409 4725 2731 4792 Gothorum,
2767 4727 2990 4783 decebat
3029 4729 3177 4798 ipsos
3213 4739 3362 4798 pacta
3389 4730 3479 4798 ju—

260 4823 326 4876 ἐν
349 4817 523 4873 τοῖσδε
561 4816 854 4887 ἐτύγχανον
892 4818 1064 4884 ὄντες,
1099 4816 1372 4889 προσῆκον
1399 4815 1596 4878 αὐτοὺς
1621 4815 1691 4869 τὰ
1720 4817 1819 4886 μὲν

1935 4829 2032 4875 ἰιῑιι
2063 4836 2122 4875 re
2152 4822 2263 4889 ipsa
2291 4819 2556 4887 factisque
2586 4818 2909 4874 conﬁrmare
2937 4831 2990 4875 et
3022 4821 3281 4881 stabilire,
3305 4829 3358 4873 et
3391 4836 3480 4874 res

257 4910 557 4983 ώμοσμένα
577 4909 624 4943 ⁸⁸
669 4911 781 4973 τοῖς
828 4908 1010 4978 ἔργοις
1053 4910 1234 4973 αὐτοῖς
1281 4908 1611 4979 ἐμπεδῶσαι,
1645 4907 1715 4961 τά
1757 4909 1816 4963 δὲ

261 5021 337 5074 aq:
353 5005 498 5076 ’τερα
527 5002 588 5056 ἐν
606 4999 685 5072 τῷ
703 4998 937 5068 ἀσφαλεῖ
954 5000 1334 5071 κατέχοντας⁹⁹
1361 4998 1618 5053 κινδύνων
1643 4999 1816 5072 ἀπηλ-

259 5095 458 5167 λάχθαι
514 5093 763 5164 ερονίων,
808 5090 902 5144 καὶ
929 5089 1093 5160 ’μόλις
1137 5089 1271 5159 γοῦν
1310 5091 1418 5146 τῶν
1458 5089 1646 5145 δεινῶν
1683 5094 1816 5146 ἀνα-

258 5188 490 5242 πνεῦσαι
512 5205 528 5218 ο
566 5187 615 5240 οἱ
643 5185 722 5252 δὲ,
748 5182 1025 5255 ἐλάχιστον
1057 5183 1387 5254 ἐπισχόντες,
1417 5182 1690 5253 νεωτέρων
1721 5180 1817 5239 αὖ·

260 5279 347 5332 θιε
516 5296 581 5332 -ιειι
604 5276 957 5348 πραγμάτων,
980 5272 1076 5328 καὶ
1094 5275 1152 5337 ἐς
1170 5276 1345 5346 ἀρχὴν
1375 5276 1559 5349 ἑτέρου
1581 5276 1819 5346 πολέμου

259 5372 601 5428 tamquam
641 5370 795 5426 Ἐπεί
826 5387 886 5424 τε
914 5369 1068 5426 αὐτοὶ
1109 5368 1248 5420 κατά
1292 5371 1432 5437 σφᾶς
1456 5367 1639 5422 οὐκέτι
1681 5369 1817 5440 πρὸς

353 5597 400 5629 ⁷⁸
433 5594 813 5666 ἀνακαλεσάμε

256 5666 548 5722 articulum
594 5665 862 5722 desidero.
897 5667 1123 5719 πανσυδὶ⁵
1153 5665 1216 5718 R.

1921 4926 2050 4965 suas
2071 4911 2124 4963 in
2155 4919 2268 4964 tuto
2306 4908 2666 4975 continentes,
2700 4925 2820 4966 sese
2868 4926 2899 4965 a
2935 4911 3206 4965 diuturnis
3223 4910 3475 4978 periculis

1920 5001 2215 5063 vindicare,
2239 5008 2398 5069 atque
2421 5000 2714 5072 aliquando
2740 5002 2956 5058 tandem
2994 5003 3062 5054 ab
3098 5001 3356 5056 arumnis
3387 5017 3472 5055 rc-

1920 5096 2148 5164 Spirare.
2182 5099 2253 5146 At
2271 5108 2400 5148 vero
2431 5109 2554 5149 cum
2582 5109 2678 5164 per
2696 5094 3076 5150 brevissimum
3107 5101 3321 5162 tentpus
3353 5109 3474 5148 sese

1920 5183 2340 5250 continuissent,
2362 5200 2550 5240 rursus
2580 5200 2668 5240 res
2691 5200 2862 5240 novas
2883 5185 3077 5248 moliti,
3098 5184 3322 5240 alterius
3349 5185 3471 5239 belli

1919 5275 2127 5330 semina
2164 5274 2428 5345 iecerunt.
2461 5275 2706 5346 Cumque
2738 5275 2840 5344 ipsi
2873 5291 2968 5344 per
2995 5291 3056 5330 se
3090 5278 3325 5348 impares
3349 5291 3473 5331 sese

1915 5367 2242 5438 iudicarent,
2277 5370 2368 5441 qui
2404 5369 2660 5437 deinceps
2698 5381 2819 5422 cum
2863 5365 3123 5425 Romanis
3164 5371 3472 5440 prmliaren-

816 5611 904 5658 νος
938 5595 1037 5658 τάς
1065 5594 1240 5651 addidi
1281 5609 1344 5665 ex
1371 5591 1483 5665 #8.,
1516 5593 1682 5665 lntpr.
1714 5596 1767 5647 in
1799 5609 1965 5665 unum
1989 5595 2105 5662 jam
2162 5596 2445 5649 contractis
2485 5593 2824 5665 exercitibus.
2857 5593 3057 5648 Verum
3079 5602 3201 5665 ante
3235 5591 3468 5665 πόλεμον

1289 5662 1334 5693 κο
1363 5663 1418 5715 δὲ
1456 5661 1677 5720 διδάξῃ.
1707 5665 1869 5730 tum.
1946 5661 2194 5720 Momm
2229 5667 2290 5718 ιι.

2365 5666 2409 5696 ⁸⁷⁸
2434 5663 2526 5736 τοῦ
2571 5693 2641 5704 -—-
2668 5666 2915 5736 πόλέμων
2942 5666 3062 5720 Par.
3106 5662 3180 5736 _'_"
3204 5662 3346 5736 τῇδε-

254 5737 430 5818 auferes
486 5736 650 5818 t1:lg._
699 5734 1283 5818 °‘_pep§ppévoy‘ﬂ..n
1309 5750 1543 5818 μεμορμ.
1575 5729 1840 5818 vulg.M“

1935 5750 2030 5811 κην
2077 5734 2140 5789 Β.
2165 5807 2199 5818 n
2215 5738 2262 5768 ³⁸
2281 5737 2474 5805 ἄριστα
2508 5733 2595 5800 IL,
2651 5729 2868 5806 ἄριστον
2891 5736 3032 5803 vulg.
3105 5731 3151 5763 ⁸⁷
3172 5749 3226 5785 τε
3244 5729 3371 5788 add.
3394 5729 3465 5789 Β.

253 5807 302 5839 ⁸³
329 5806 478 5861 οὕτω
506 5805 575 5862 R.

628 5803 824 5878 Lugd},
853 5803 1023 5868 οὕτως
1041 5805 1162 5860 edd.
1239 5807 1284 5837 ⁸⁵
1305 5805 1580 5872 όμοσμένα
1606 5803 1694 5858 Ιίξ
1743 5806 1788 5838 ⁹⁰
1811 5803 2123 5873 κατέχοντες
2163 5807 2223 5858 Β.
