4032 6336
126 509 283 574 1325

1314 502 1845 563 HISTORIARUM
1869 503 2095 563 LIBER
2121 505 2171 564 Ι.

3196 509 3327 573 1326

142 626 265 687 τοὺς
293 624 494 687 ἵππους
512 622 875 693 ἀναθορόντες
898 615 1057 690 (ἦσαν
1079 619 1133 671 δὲ
1166 618 1353 687 ἄνδρες
1389 621 1449 681 ἐς
1475 632 1693 689 τριακο-

1815 632 1897 669 mn
1938 617 2047 686 jam
2088 619 2323 688 palantes
2350 623 2575 691 sparsim
2606 623 2950 692 vagabantur,
2982 640 3152 695 neque
3190 627 3331 680 arbi-

144 714 289 777 σίους
320 715 391 784 ⁸⁸)
423 712 783 783 ἐφωμάρτουν
807 728 865 764 τε
894 711 987 763 καί
1012 710 1307 778 ἐπήλαυνον
1339 709 1421 761 ίθὺ
1456 709 1563 762 τῶν
1597 725 1690 761 πο-

143 804 365 875 λεμίων.
398 806 462 856 ΟΞ
486 803 542 856 δὲ
576 803 836 865 ἐσιδόντες
873 800 1065 862 αὐτοὺς
1110 800 1379 862 ἐπιόντας,
1426 800 1695 868 σποράδην

144 895 245 966 μὲν
265 894 449 947 οὐκέτι
484 895 707 962 ἠλῶντο,
736 892 877 953 οὐδὲ,
910 889 1080 960 οἶμαι,
1105 889 1204 959 τῆς
1239 890 1384 952 λείας
1424 890 1693 960 ἐμέμνην-

143 1003 204 1039 το
229 986 274 1016 ⁶⁴
294 1002 310 1014 ’
338 985 648 1056 ἡθροίζοντο
674 984 731 1037 δὲ
756 984 845 1035 ἐπὶ
874 983 1010 1050 σφᾶς
1033 980 1287 1045 ἅπαντες,
1315 980 1375 1033 τό
1395 998 1453 1031 τε
1479 980 1695 1032 ἱππικὸν

143 1075 238 1128 καὶ
261 1073 317 1126 οἱ
349 1072 523 1139 πεζοὶ,
566 1075 658 1126 καὶ
692 1075 748 1135 ἐς
778 1071 1029 1138 φάλαγγα
1060 1070 1448 1133 ξυνετάττοντο·
1480 1067 1695 1137 βαθεῖαν

145 1164 247 1234 μὲν
279 1163 397 1218 οὔτι
420 1164 562 1234 μάλα
584 1164 719 1233 (πῶς
743 1162 849 1232 γάρ
873 1155 983 1214 οἷόν
1008 1177 1069 1212 τε
1092 1156 1159 1231 ἦν
1184 1160 1244 1211 οὐ
1269 1159 1467 1229 σφόδρα
1492 1158 1696 1210 πολλῶν

143 1254 315 1308 αὐτοῦ
348 1255 685 1325 ἀφιγμένωνς
707 1256 747 1316 ),
772 1252 1039 1325 καρτεράν
1070 1252 1124 1304 δὲ
1162 1252 1308 1320 ὅμως
1338 1251 1415 1319 τῷ
1446 1266 1697 1302 συνασπι-

145 1345 272 1416 σμῷ
307 1347 401 1400 καὶ
436 1345 514 1415 τῷ
541 1346 608 1397 τὰ
639 1344 776 1414 κέρα
796 1344 855 1395 ὲν
892 1342 1080 1413 κόσμῳ
1105 1340 1523 1394 συννενευκέλαι.
1552 1342 1611 1391 υἱ
1642 1339 1699 1393 δὲ

155 1439 422 1507 Ῥωμαῖοι
464 1436 646 1507 ἐπειδὴ
682 1438 737 1498 ἐς
766 1434 921 1500 τόξου
949 1450 1011 1502 γε
1037 1433 1135 1503 ήδη
1168 1431 1325 1502 βολὴν
1360 1431 1696 1500 ἐγεγένηντο,

146 1530 382 1600 ἐμμίξαι
416 1528 515 1598 μὲν
546 1528 641 1581 καὶ
669 1524 933 1597 συρράξαι
961 1526 1074 1587 τοῖς
1108 1523 1382 1591 πολεμίοις
1422 1517 1480 1574 εὖ
1525 1539 1700 1592 παρα-

146 1619 504 1690 τεταγμένοις
534 1619 731 1688 ἥκιστα
757 1616 922 1686 ᾤοντο
950 1615 1166 1687 χρῆναι,
1197 1613 1488 1682 τοξεύμασι
1523 1614 1580 1665 δὲ
1608 1613 1701 1666 καὶ

148 1711 538 1781 ἀκοντίσμασιν
594 1706 1076 1780 ἀκροὸολιζόμενοι,
1143 1706 1437 1775 ἐπειρῶντο
1502 1705 1700 1773 σφῆλαι

148 1802 275 1863 τοὺς
305 1801 706 1871 πρωτοστάτας,
733 1798 827 1850 καὶ
856 1796 1139 1867 διαρρῆξαι
1168 1794 1265 1864 τὴν
1310 1793 1582 1849 πύκνωσιν
1607 1793 1699 1845 τοῦ

151 1889 428 1959 μετώπου.
472 1886 608 1940 Ἀλλ’
633 1888 824 1939 ἐκεῖνοι
859 1887 975 1948 ταῖς
1008 1885 1228 1937 ἀσπίσιν
1254 1885 1447 1953 ἄριστα
1472 1900 1699 1953 περιπε-

150 1978 459 2050 φραγμένοι
488 1978 555 2039 ⁶²,
593 1977 804 2029 ἵσταντο
822 1976 1114 2044 ἁστεμφεῖς
1143 1973 1236 2026 καὶ
1260 1973 1519 2043 ἀδόνητοι,
1548 1972 1702 2025 οὐδα-

150 2064 253 2137 μοῦ
300 2067 364 2119 τὺ
398 2066 616 2135 συνεχὲς
661 2064 760 2134 τῆς
802 2062 1005 2127 τάξεως
1050 2062 1400 2125 διασπῶντες,
1444 2064 1564 2114 ἐπεὶ
1610 2064 1703 2116 καὶ

151 2157 285 2229 ὕλης
317 2156 458 2219 τινὸς
484 2155 673 2218 λασίας
716 2156 1065 2228 κυρήσαντες,
1093 2152 1277 2223 ὥσπερ
1317 2152 1545 2223 ἐρύματι
1593 2155 1703 2215 τοῖς

1794 716 1908 759 tror
1936 708 2129 776 praeda:
2156 725 2421 766 memores
2451 724 2619 775 erant,
2652 714 2743 767 sed
2772 716 3013 781 protinus
3037 730 3155 768 sese
3178 718 3330 784 equi-

1795 807 1875 852 tes
1915 800 2235 869 peditesque
2279 814 2704 874 congregarunt,
2750 806 2896 859 etin
2936 822 3099 859 unum
3144 822 3332 874 agmen

1794 902 2244 958 composuerunt;
2274 908 2379 947 non
2408 896 2621 964 quidem
2653 897 2777 949 illud
2804 896 3025 950 densum
3056 897 3166 966 (qui
3191 898 3333 951 enim

1794 980 1903 1033 fieri
1918 994 2145 1050 poterat,
2162 1000 2281 1038 cum
2304 1000 2407 1038 non
2430 988 2715 1041 admodum
2741 989 2891 1041 multi
2907 1005 2970 1041 eo
2990 990 3336 1057 venissent?),

1794 1073 2024 1126 validum
2052 1084 2249 1139 tamen,
2270 1092 2391 1130 cum
2413 1088 2647 1133 scutatos
2670 1080 2804 1132 inter
2828 1096 2884 1133 se
2903 1090 3176 1134 consertes
3191 1083 3338 1148 equi-

1796 1172 1908 1217 tuin
1941 1167 2035 1218 ala:
2068 1167 2356 1234 cingerent.
2394 1170 2615 1223 Romani
2654 1186 2779 1225 vero
2813 1186 2931 1224 cum
2954 1171 3062 1240 jam
3088 1174 3223 1225 intra
3252 1174 3338 1226 teli

1792 1254 1993 1323 jactum
2025 1260 2442 1338 pervenissent,
2474 1277 2661 1316 manus
2705 1264 2917 1333 quidem
2966 1279 3247 1318 conserere
3288 1274 3342 1317 et

1797 1348 2081 1417 confligere
2104 1366 2224 1403 cum
2256 1352 2499 1405 hostibus
2528 1354 2787 1409 instructa
2815 1357 2928 1411 acie
2956 1356 3217 1410 stantibus
3246 1370 3340 1407 ne-

1798 1453 2065 1507 quaquam
2106 1443 2356 1511 expedire
2388 1445 2718 1508 censebant;
2759 1449 2965 1516 sagittis
3002 1462 3126 1500 vero
3168 1455 3219 1499 et
3256 1446 3339 1512 ja-

1797 1528 1933 1581 culis
1964 1531 2249 1586 velitantes
2270 1534 2495 1601 primam
2524 1535 2691 1589 aciem
2710 1536 3031 1590 labefactare
3048 1537 3341 1604 frontisque

1797 1620 2112 1674 densitatem
2143 1624 2449 1694 diffringere
2479 1625 2832 1679 conabantur.
2864 1626 2931 1681 At
2965 1627 3035 1679 illi
3062 1644 3181 1680 eum
3210 1628 3343 1679 inter

1797 1722 1855 1761 se
1883 1712 2051 1764 scutis
2076 1713 2275 1780 optime
2311 1725 2491 1770 essent
2519 1717 2825 1784 constipati,
2866 1717 3002 1769 firmi
3033 1717 3345 1787 immotique

1800 1799 2032 1863 stabant,
2066 1802 2317 1871 nullaque
2351 1819 2415 1856 ex
2448 1816 2596 1872 parte
2623 1807 2757 1859 aciei
2789 1808 3096 1861 continuum
3127 1809 3344 1860 convel-

1802 1887 2015 1955 lebant;
2052 1890 2315 1960 siquidem
2356 1905 2408 1947 et
2440 1896 2659 1949 densam
2700 1900 2983 1966 quamdam
3019 1900 3204 1951 silvam
3255 1916 3348 1950 na-

1801 1977 1911 2040 eti,
1940 1982 2223 2037 arboribus
2253 1996 2311 2037 ut
2340 1985 2479 2038 vallo
2516 1988 2820 2042 utebantur.
2868 1987 2985 2040 Jam
3028 2004 3149 2041 Vt’l't)
3186 1990 3347 2040 etiam

1805 2068 2032 2123 telorum
2059 2073 2205 2139 jaetu
2238 2090 2296 2128 se
2321 2077 2628 2139 tuebantur,
2652 2091 2771 2144 (μιεε
2794 2076 2961 2145 patria
2990 2076 3224 2145 ipsorum
3249 2077 3349 2128 lin-

1808 2175 1907 2227 gua
1940 2176 2175 2231 angones
2208 2176 2438 2220 voeantu
2448 2184 2491 2219 Γ.

150 2251 390 2321 δένδροις
414 2248 497 2321 [Ρσ
520 2248 612 2321 54]
640 2249 892 2321 ἐχρῶντο.
920 2248 1057 2319 Ἤδη
1082 2248 1139 2300 δὲ
1162 2249 1383 2309 καὶτοῖς
1408 2247 1643 2313 ἄγγωσιν
1662 2248 1708 2278 ⁸⁸
1743 2251 2004 2319 ἠμύνοντο
2072 2257 2372 2325 βάλλοντεςτ
2407 2260 2547 2313 οὕτω
2588 2263 2695 2333 γὰρ
2740 2264 2918 2324 αὐτοῖς
2988 2262 3055 2315 τά
3091 2261 3354 2331 ἐπιχώρια

148 2344 358 2416 δόρατα
389 2343 788 2413 ἐττωνόμασται.

220 2439 332 2510 ιβ’.
388 2439 475 2502 Ὠς
525 2438 582 2491 δὲ
634 2437 783 2490 οὐδὲν
828 2435 1207 2503 ἐπημαίνοντο,
1266 2434 1709 2505 διαλογισάμενος

155 2530 375 2583 ἅπαντα
402 2530 431 2581 ὁ
459 2528 700 2599 Ναρσῆς,
734 2526 1065 2598 βαρϐαρικήν
1090 2542 1211 2580 τινα
1247 2525 1575 2598 στρατηγίαν
1619 2528 1711 2580 καὶ

158 2618 364 2689 μᾶλλον
419 2620 529 2681 τοῖς
593 2616 808 2681 Οὕννοις
880 2615 1317 2687 μεμελετημένην
1385 2617 1707 2685 ἐμηχανᾶτο.

170 2711 427 2766 Ἐκὲλευε
464 2709 570 2781 γάρ
607 2710 732 2773 τοὺς
761 2709 894 2780 ἀμφ’
916 2708 1075 2761 αὑτὸν
1103 2707 1433 2778 στρέψαντας
1456 2708 1523 2759 τά
1546 2707 1709 2772 νῶτα,

159 2803 217 2866 ἐς
237 2802 310 2856 τά
334 2803 509 2856 ὀπίσω
536 2804 831 2871 ἀναχωρεῖν
861 2798 1255 2871 προτροπάδην,
1289 2799 1363 2860 ὡς
1384 2799 1448 2867 δὴ
1478 2797 1711 2860 δεδιότας

160 2894 257 2945 καὶ
293 2892 613 2960 φεύγοντας,
648 2892 741 2943 καὶ
772 2889 1112 2941 ἐκκαλεῖσθαι
1144 2889 1267 2950 τοὺς
1300 2888 1609 2958 Βαρϐάρους
1637 2888 1711 2951 ώς

160 2980 437 3033 ἀπωτάτω
475 2977 573 3045 τῆς
600 2979 772 3047 νάπης
811 2977 923 3029 ἀνὰ,
946 2977 1014 3029 τά
1049 2975 1179 3045 ψιλά
1206 2975 1300 3028 τοῦ
1338 2976 1535 3029 πεδίου’
1566 2975 1712 3046 αὑτῷ

162 3068 273 3142 γάρ
309 3069 381 3121 τὰ
422 3067 581 3121 λοιπά
610 3067 712 3136 ἔφη
747 3068 1015 3137 μελήσειν.
1044 3067 1152 3120 Καὶ
1176 3068 1223 3119 oi
1255 3067 1351 3139 μὲν
1379 3067 1518 3120 κατά
1545 3067 1714 3120 ταῦτα

166 3160 409 3224 ἐποίουν,
432 3160 525 3214 καὶ
547 3160 768 3229 ἔφευγον
793 3159 840 3191 ⁸⁸
859 3177 875 3192 ·
918 3160 967 3211 οἱ
999 3159 1057 3211 δὲ
1081 3160 1317 3230 Φράγγοι
1346 3162 1412 3229 τῇ
1444 3161 1587 3229 φυγῇ
1627 3158 1714 3222 ἑξ-

164 3267 351 3321 ηπατη
358 3248 529 3320 μένοι,
557 3250 651 3302 καὶ
676 3248 869 3318 ἀληθὲς
890 3250 949 3301 τὸ
968 3248 1081 3312 δέος
1104 3246 1240 3301 εἶναι
1263 3250 1712 3318 ὑποτοπήσαντες,

168 3341 370 3394 αὐτίκα
404 3338 686 3411 θαρραλέοι
708 3339 808 3409 τήν
836 3355 897 3391 τε
929 3339 1180 3407 φάλαγγα
1200 3338 1468 3401 διέλυσαν,
1499 3338 1591 3389 καὶ
1615 3337 1715 3406 τῆς

169 3428 303 3501 ὕλης
336 3429 689 3496 ὑπεκδάντες,
713 3428 889 3499 ἐςτὴν
909 3429 1085 3494 δίωξιν
1112 3428 1415 3498 ἠπείγοντο.
1439 3430 1547 3480 Καὶ
1570 3429 1717 3497 πρῶο

168 3538 254 3575 τοι
290 3522 393 3592 μὶν
431 3519 637 3586 ἐξέθεον
666 3520 716 3572 oi
750 3520 993 3573 ἱππόται*
1021 3520 1234 3574 εἵποντο
1259 3522 1315 3574 δὲ
1357 3521 1452 3575 καὶ
1480 3519 1588 3573 τῶν
1619 3539 1718 3573 πε-

170 3610 280 3679 ζῶν
303 3610 492 3665 ὁπόσοι
530 3610 888 3682 ἀλκιμώτατοι
925 3613 1017 3665 καὶ
1056 3611 1336 3674 ποδώκεις·
1369 3613 1458 3665 καὶ
1484 3611 1720 3674 ἅπαντες

1885 2438 1976 2492 22.
2025 2434 2161 2491 Cum
2201 2437 2382 2507 itaque
2423 2437 2555 2491 nihil
2584 2438 2765 2491 damni
2808 2438 3129 2506 acciperent.
3161 2436 3355 2492 Narses

1810 2533 1991 2588 omnia
2018 2545 2199 2585 secum
2233 2541 2509 2597 reputans,
2544 2528 2832 2582 barbarum
2862 2528 3129 2597 quoddam
3162 2538 3357 2583 strata-

1810 2638 1962 2691 gema
1992 2629 2046 2673 ei
2073 2617 2281 2672 Hunnis
2310 2618 2483 2685 magis
2524 2619 2777 2671 usitatmn
2812 2619 3154 2681 excogitavit.
3187 2617 3358 2671 Jnssit

1809 2712 1951 2766 enim
1986 2724 2111 2764 suos
2138 2718 2281 2777 terga
2310 2715 2574 2761 vertentes
2598 2716 2891 2761 retrorsum
2911 2708 3227 2761 concitatius
3248 2709 3350 2777 61

1810 2800 1960 2863 ferri,
1984 2800 2149 2853 veluti
2178 2799 2367 2852 timore
2386 2797 2971 2867 pereulsos'fugamque
2991 2811 3354 2866 capessentes,

1814 2902 1872 2946 ut
1907 2891 2113 2947 scilicet
2139 2905 2199 2945 ea
2234 2891 2442 2943 ratione
2485 2889 2696 2943 barbari
2740 2905 2900 2957 quam
2949 2891 3301 2944 reinotissinie
3328 2908 3359 2944 e

1814 2982 1947 3037 silva
1979 2981 2031 3033 in
2051 2990 2292 3049 apertum
2311 2994 2559 3048 campum
2585 2988 2965 3033 evocarentur:
2994 2982 3195 3049 reliqua
3217 2984 3358 3034 enim

1816 3074 1916 3128 sibi
1948 3087 2091 3128 curae
2120 3071 2233 3124 fore
2257 3072 2408 3124 dixit.
2448 3070 2609 3140 Atqui
2642 3072 2695 3124 hi
2722 3069 2935 3137 quidem
2963 3082 3020 3124 ut
3048 3073 3356 3125 mandatum

1814 3160 1893 3214 eis
1923 3166 2060 3222 erat,
2098 3157 2278 3226 fugam
2312 3159 2655 3225 arripuerunt
2684 3176 2697 3223 ;
2735 3158 2925 3212 Franci
2961 3174 3086 3212 vero
3119 3160 3238 3229 fuga
3269 3164 3362 3216 de-

1813 3251 1951 3319 cepti
1976 3259 2028 3303 et
2059 3264 2241 3303 verum
2282 3249 2525 3301 timorem
2551 3264 2668 3302 esse
2704 3251 2827 3311 rati,
2858 3250 3139 3303 confestim
3166 3254 3359 3305 animis

1815 3342 1954 3411 pleni
1977 3340 2143 3395 aciem
2168 3342 2401 3403 solvunt,
2432 3328 2671 3409 silvaque
2694 3343 2916 3411 egressi,
2939 3341 3200 3408 fugientes
3221 3344 3359 3395 arri-

1816 3444 1895 3485 ter
1917 3432 2292 3499 insequuntur;
2318 3445 2381 3483 ae
2408 3431 2565 3499 primi
2591 3431 2806 3499 quidem
2834 3432 3111 3483 evolarunt
3130 3433 3357 3498 equites,

1817 3523 2182 3591 sequebantur
2211 3538 2337 3576 vero
2364 3538 2426 3575 ex
2470 3522 2739 3591 peditibus
2780 3532 3045 3592 quotquot
3086 3524 3275 3577 robore
3310 3537 3365 3577 et.

1822 3615 2014 3682 pedum
2043 3612 2316 3668 celeritate
2344 3615 2576 3666 maxime
2606 3614 2872 3678 valebant;
2898 3630 3190 3683 omnesque
3208 3632 3362 3671 acer-

169 3704 409 3774 ἀφειδῶς
437 3703 482 3737 ⁸⁸
514 3705 796 3767 ἐνέκειντο,
829 3704 904 3767 ώς
946 3703 1105 3758 αὐτὸν
1142 3705 1205 3775 δή
1244 3721 1344 3757 που
1380 3704 1470 3757 τὸν
1500 3705 1716 3774 Ναρσῆν

1821 3707 1955 3760 rime
1984 3721 2094 3760 rem
2129 3706 2408 3774 urgebant,
2437 3714 2689 3772 tanquam
2719 3705 2990 3758 Narseletn
3024 3706 3198 3773 ipsum
3225 3707 3365 3771 jam-

170 3796 372 3848 αὐτίκα
406 3794 550 3864 μάλα
575 3794 947 3864 ζωγρήσοντες
978 3796 1045 3858 ⁸⁸,
1074 3796 1167 3847 καὶ
1204 3796 1347 3865 πόνῳ
1400 3795 1493 3860 ξὺν
1532 3795 1721 3866 βραχεῖ

171 3886 348 3952 πέρας
376 3884 563 3938 εὐκτὸν
590 3884 932 3953 ὲπιθήσοντες
955 3884 1151 3937 ἆπαντι
1176 3884 1251 3953 τῷ
1275 3886 1510 3955 πολέμῳ.
1536 3886 1644 3937 Καὶ
1670 3887 1720 3937 oi

173 3975 276 4046 μιν
306 3974 604 4044 εὐκοσμίας
642 3974 856 4044 ἀπάσης
884 3974 1311 4043 ἐπιλελησμένοι,
1353 3976 1515 4044 χύδην
1539 3993 1597 4027 τε
1631 3978 1722 4027 καὶ

171 4065 463 4135 ἀφύλακτα
502 4064 754 4135 ἐχώρουν,
786 4062 1073 4133 γεγηθότες
1114 4064 1207 4116 καὶ
1236 4065 1592 4133 εὐωχούμενοι
1624 4065 1722 4125 τῆς

174 4156 413 4217 ἐλπίδος.
440 4156 502 4206 Ol
532 4155 589 4207 δὲ
620 4153 871 4224 Ῥωμαῖοι
906 4155 1007 4210 ἀνά
1054 4155 1121 4209 τὰ
1161 4155 1344 4224 πρόσω
1389 4156 1643 4226 ἐφέροντο
1677 4156 1719 4183 ⁵⁷

175 4246 495 4318 ἀφειμένοις
535 4247 643 4307 τοῖς
674 4245 878 4311 ἵπποις,
921 4247 1085 4318 φαίης
1125 4264 1185 4301 τε
1229 4246 1295 4300 ἄν
1342 4248 1536 4309 αὐτοὺς
1582 4246 1725 4316 ἔργῳ

174 4339 477 4409 τρέσαντας
500 4335 773 4401 ἀλεείνειν,
804 4336 943 4389 οὕτω
966 4337 1028 4407 δή
1054 4355 1106 4390 τι
1136 4337 1180 4369 ⁸⁸
1200 4337 1468 4405 ἐγγύτατα
1490 4335 1584 4388 τοῦ
1604 4338 1727 4405 ἀλη-

178 4430 303 4494 θοῦς
349 4430 414 4482 τὸ
440 4430 663 4484 δεδιέναι
700 4428 1070 4499 ὑπεκρίνοντο.
1106 4428 1258 4480 Ἐπεὶ
1283 4428 1339 4481 δὲ
1381 4429 1431 4480 οἱ
1464 4427 1726 4496 βάρϐαροι

177 4526 237 4576 ἐν
262 4520 460 4593 γυμνῷ
486 4521 585 4591 ήδη
611 4519 686 4591 τῷ
722 4520 885 4589 πεδίῳ
907 4519 1300 4583 ἐσκεδάννυντο,
1339 4520 1437 4587 τῆς
1482 4518 1612 4587 ὕλης
1654 4521 1727 4581 ὡς

179 4610 521 4685 πορρωτάτω
570 4609 1023 4672 ἀποσπασθέντες,
1072 4611 1190 4660 τότε
1240 4608 1302 4678 δὴ
1365 4608 1579 4677 ἀθρόον,
1634 4608 1728 4661 τοῦ

181 4703 491 4777 στρατηγοῦ
530 4705 887 4774 σημήναντος,
928 4701 1343 4772 ἐπιστρέψαντες
1385 4702 1433 4753 οῖ
1473 4701 1730 4769 Ῥωμαῖοι

181 4800 305 4861 τοὺς
339 4796 560 4858 ἵππους,
588 4795 681 4847 καὶ
703 4795 761 4857 ἐς
785 4792 1039 4847 τάναντία
1070 4795 1207 4860 σφᾶς
1242 4792 1433 4852 αὐτοὺς
1462 4790 1729 4855 ἐξελίξαν-

1814 3797 1926 3866 jam
1959 3796 2139 3850 vivum
2179 3798 2425 3865 capturi,
2466 3805 2519 3847 et
2556 3796 2702 3847 nullo
2733 3798 2841 3847 fere
2874 3798 3087 3862 negotio
3120 3805 3361 3863 optatum

1820 3890 1979 3943 finem
2007 3889 2103 3941 toti
2127 3888 2264 3940 bello
2290 3887 2609 3953 imposituri.
2638 3884 2808 3953 Atque
2837 3884 2889 3935 hi
2915 3886 3129 3951 quidem
3159 3884 3361 3935 ordinis

1820 3980 1997 4032 omnis
2026 3977 2173 4029 obliti
2206 3978 2433 4044 sparsim
2468 3975 2710 4043 nihilque
2739 3975 2840 4027 sibi
2870 3985 3119 4026 caventes
3142 3990 3362 4040 procur-

1822 4072 2000 4122 rebant
2031 4108 2047 4131 ,
2090 4067 2379 4137 gaudentes
2425 4068 2669 4135 bonaque
2711 4082 2805 4135 spe
2852 4082 2968 4119 sese
3017 4066 3362 4120 obiectantes.

1822 4156 2048 4210 Romani
2085 4172 2211 4209 vero
2242 4155 2425 4209 effusis
2463 4157 2686 4210 habenis
2724 4158 2786 4208 aut
2820 4156 3087 4208 anteriora
3124 4156 3367 4209 fereban-

1826 4259 1947 4302 tur:
1981 4248 2187 4301 diceres
2222 4258 2367 4301 eerte
2400 4263 2493 4303 eos
2538 4264 2595 4301 re
2632 4249 2742 4316 ipsa
2784 4246 3132 4301 formidantes
3165 4248 3367 4316 fugere,

1826 4343 1957 4395 adeo
1980 4340 2218 4409 proxime
2237 4356 2360 4393 vero
2383 4355 2628 4408 pavorem
2652 4339 2990 4392 simulabant.
3016 4339 3367 4406 Posteaquam

1828 4448 1954 4486 vero
1983 4432 2192 4483 barbari
2214 4432 2325 4497 jam
2352 4446 2443 4499 per
2464 4431 2661 4481 nudum
2687 4446 2933 4497 campum
2958 4430 3183 4498 dispersi
3210 4446 3368 4497 quam

1830 4524 2141 4591 longissime
2172 4538 2201 4575 a
2231 4524 2361 4575 silva
2392 4533 2569 4575 essent
2591 4521 2782 4585 avulsi,
2808 4535 2917 4574 tum
2952 4540 3075 4574 vero
3094 4521 3370 4575 confestim

1830 4618 1981 4685 signo
2014 4631 2107 4683 per
2146 4614 2421 4667 Narsetem
2466 4612 2609 4673 dato,
2650 4602 2875 4664 lieniani
2921 4614 3191 4666 conversis
3222 4611 3371 4678 equis

1831 4706 1883 4757 in
1907 4707 2163 4758 adversus
2189 4718 2307 4757 sese
2325 4702 2672 4769 explicantes,
2700 4705 3139 4771 persequentibus
3158 4702 3208 4753 in
3234 4700 3377 4753 fron-

1833 4806 1937 4850 tem
1968 4801 2335 4853 occurrerunt,
2364 4800 2416 4844 et
2448 4791 2498 4843 in
2528 4792 2809 4846 universos
2842 4793 3114 4860 inopinato
3144 4789 3217 4841 rei
3250 4805 3376 4856 prr-

181 4908 292 4955 τες,
323 4886 682 4955 Ρὺπηντίαζον
728 4888 841 4949 τοῖς
887 4886 1170 4939 διώκουσιν
1210 4884 1593 4953 ἀντιμέτωποι,
1638 4885 1716 4935 κα¹

1833 4887 2013 4939 cnlsos
2042 4884 2219 4936 caesim
2250 4882 2596 4949 punctimque
2629 4882 2935 4945 saeviebant,
2969 4889 3125 4947 atque
3153 4879 3223 4930 ita
3256 4878 3376 4947 luga

185 4982 437 5039 ἃπαντας
459 4976 535 5047 τῷ
551 4976 930 5053 ἀπροσδοκήτῳ
965 4976 1515 5047 καταπεπληγμένους
1544 4974 1732 5028 ἔπαιον

184 5070 425 5140 ἀφειδῶς
454 5068 547 5123 καὶ
581 5067 868 5134 ἀντώθουν,
896 5070 991 5148 καὶ
1019 5072 1075 5130 ἐς
1102 5065 1359 5130 παλίωξιν
1396 5066 1463 5117 τά
1495 5064 1593 5134 τῆς
1633 5083 1733 5133 φυ-

185 5164 290 5233 γῆς
344 5158 661 5232 μετεχώρει.
695 5160 757 5211 Οί
794 5160 893 5228 μὲν
923 5156 1015 5212 οὖν
1046 5160 1264 5211 ἱππόται
1306 5157 1413 5209 τῶν
1446 5156 1734 5226 βαρϐάρων

188 5251 595 5321 ξυναισθόμενοι
617 5248 710 5301 τοῦ
737 5250 1083 5319 περιστάντος
1106 5250 1366 5312 κινδύνου,
1395 5249 1487 5299 καὶ
1509 5248 1736 5317 τάχιστα

189 5344 553 5414 ἐκδραμόντες
578 5343 679 5396 ἀνά
699 5341 793 5411 τὴν
820 5341 948 5410 ὓλην
977 5340 1128 5405 αὖθις
1151 5342 1241 5394 καὶ
1276 5342 1336 5393 τὸ
1393 5341 1540 5410 σφῶν
1573 5359 1734 5412 στρα-

188 5430 432 5495 τόπεδον,
454 5431 679 5501 ,ἄσμενοι
710 5428 1067 5491 άπεσώζοντο.
1101 5434 1162 5485 υἱ
1182 5417 1241 5486 δὲ’
1268 5430 1419 5495 πεζοὶ
1443 5433 1740 5485 ἐκτείνοντο

190 5521 425 5584 ἀκλεῶς,
453 5522 587 5591 μηδέ
614 5525 768 5594 χεῖρα
798 5525 963 5575 κινεῖν
994 5524 1338 5586 ὑποστάντες.
1371 5524 1505 5576 ἀλλά
1524 5525 1602 5594 τῷ
1636 5544 1740 5579 πα-

195 5609 410 5681 ραλόγῳ
436 5610 530 5679 τῆς
556 5611 848 5681 μεταϐολῆς
875 5608 1183 5679 τεθηπότες,
1214 5612 1302 5664 καὶ
1327 5607 1435 5662 οἷον
1464 5612 1742 5683 παράφρο-

1837 4979 1965 5045 ipsis
2013 4978 2064 5027 in
2113 4974 2537 5041 persecutionem
2582 4975 2699 5027 vice
2743 4990 2892 5027 versa
2930 4972 3111 5024 cessit.
3162 4972 3380 5039 Equites

1838 5072 2015 5135 itaque
2047 5066 2398 5118 barbarorum
2433 5082 2539 5117 non
2572 5067 2763 5133 ignari,
2795 5080 2902 5133 quo
2930 5063 2981 5115 in
3014 5064 3251 5131 perirulo
3278 5080 3385 5117 rer-

1838 5169 2106 5216 sarentur,
2138 5172 2296 5223 quam
2320 5157 2599 5211 celerrime
2616 5159 2720 5225 62
2744 5156 2806 5208 ad
2828 5156 3014 5207 silvam
3049 5156 3383 5223 reliquasque

1839 5249 2019 5317 copias
2048 5246 2393 5313 refugientes,
2424 5249 2648 5301 salutem
2692 5246 2792 5297 sibi
2833 5256 3050 5299 strenua
3086 5246 3206 5315 fuga
3239 5260 3384 5312 qna!-

1843 5331 2084 5399 sierunt;
2120 5339 2323 5405 pedites
2354 5354 2479 5391 vero
2508 5337 2729 5403 turpiter
2760 5336 2903 5399 cesi,
2934 5353 3053 5389 eum
3084 5354 3147 5389 ne
3172 5350 3381 5386 manuni

1844 5430 2056 5498 quidem
2094 5431 2273 5482 tuendi
2306 5430 2387 5483 sui
2421 5444 2580 5481 causa
2614 5438 2905 5491 moverent,
2929 5428 3199 5494 inepinata
3226 5424 3385 5476 vicis-

1846 5520 2080 5573 situdine
2123 5516 2447 5571 conisternati
2488 5526 2542 5570 et
2582 5516 2991 5591 quodammodo
3016 5524 3184 5567 mente
3224 5515 3385 5579 capti.

1845 5610 2045 5665 Omnes
2090 5613 2267 5679 itaque
2308 5608 2537 5677 sparsim
2574 5610 2843 5675 iacebant,
2881 5610 3038 5663 veluti
3083 5621 3239 5658 suum
3281 5604 3393 5656 fere

1462 5726 1692 5784 VARI/IS
1750 5726 2128 5784 LEC'I‘IUNES

266 5814 312 5843 ⁸⁸
339 5814 397 5865 ὲ·
429 5815 765 5885 τριακοσίους
812 5818 875 5881 Β,
911 5817 965 5877 ἐς
988 5817 1109 5879 τοὺς
1158 5837 1185 5869 τ

201 5886 268 5944 Β,
298 5900 468 5954 πεφρ.
498 5886 640 5952 vulg.
717 5886 1009 5955 ⁶³ἄγνωσιν
1029 5886 1090 5939 Ii.
1166 5886 1211 5918 ”
1240 5888 1465 5955 ἔφευγον
1497 5888 1538 5940 Β

1197 5836 1262 5892 ρο.
1297 5819 1436 5885 νυιιςι
1498 5820 1553 5892 _"
1602 5822 1716 5892 ξμέι

1815 5834 1923 5892 vso.
1970 5816 2337 5892 Sic__cgrrexi_.
2374 5816 2710 5892 ἐγίγνοντοιὶ
2736 5816 2953 5892 et_vu_lg.
3029 5816 3070 5845 ⁶²
3098 5829 3393 5892 περιπεφρ.

1546 5932 1560 5952 ,
1604 5885 1809 5960 ἔφυγον
1835 5888 2018 5960 vulg._
2056 5889 2101 5919 ⁸⁵
2133 5886 2252 5960 fro
2298 5885 2528 5960 ἀφειδῶς
2639 5902 2744 5960 mg:
2785 5886 3018 5953 ἀφόϐως.

200 5968 392 6017 σαντες
422 5956 486 6013 ιι.
559 5956 601 5987 ’⁷
637 5957 907 6025 ἐφέροντο.
945 5954 1105 6025 intpr.
1134 5954 1598 6011 addit’Ariminum
1630 5954 1825 6014 uersus.

3102 5886 3145 5914 °“
3170 5886 3367 5955 ,ζωτρή
3392 5918 3398 5923 -

1901 5956 2103 6009 ηοηιτω
2128 5956 2185 6003 εί
2220 5972 2268 5997 -ι
2298 5954 2336 5994 P.
2395 5954 2541 6008 ατε-ιο»
2566 5956 2630 6023 δὴ
2654 5954 2798 6025 vulg.
