4032 6336
688 465 816 534 1317

1844 458 2194 517 ΛΟΛΤΗΗΞ
2228 459 2703 521 SCHOLASTICI

3731 461 3868 525 1348

684 571 880 626 sensim
913 570 1277 641 porrectisque
1307 569 1428 632 alis,
1463 567 1676 621 inversa
1706 565 1837 620 aciei
1861 568 2036 620 fronte
2057 569 2222 635 (quod

2328 571 2420 641 τὴν
2445 572 2716 640 φάλαγγα,
2743 587 3099 642 καταστησας,
3127 568 3548 641 παρακελεύεται
3569 572 3680 633 τοῖς
3709 570 3869 625 ίππο-

684 663 815 714 artis
834 663 974 716 illius
992 661 1145 730 periti
1169 661 1497 729 ἐπικάμπιον
1518 656 1852 728 ἐμπροσθίαν
1874 659 2224 723 vocaverint),

684 755 954 821 equitibus
981 752 1269 822 sagittariis
1295 752 1536 812 mandat,
1565 759 1621 802 ut
1651 749 1902 816 utrinque
1931 749 2152 816 sagittas
2175 748 2229 801 in

687 840 922 891 hostium
959 850 1102 907 terga
1135 846 1324 890 mutuo
1349 837 1624 900 emittant;
1663 837 1805 897 quod
1848 844 1901 888 et
1943 836 2040 903 ipsi
2077 836 2231 890 facile

687 931 1036 996 praestabant.
1068 928 1203 982 Cum
1236 928 1380 981 enim
1423 926 1634 980 barbari
1667 927 1872 996 pedites
1898 936 2097 990 essent,
2130 927 2229 993 ipsi

684 1037 747 1070 es
799 1021 955 1088 equis
1005 1021 1257 1074 editior-es
1309 1019 1630 1073 cxsistentes
1683 1017 1936 1070 facillime
1986 1028 2232 1088 poterant

687 1111 846 1162 [σπῆι-ιι
893 1111 1152 1164 distantes
1190 1125 1599 1179 espansosque,
1656 1125 1830 1178 neque
1873 1109 1952 1162 eis
1993 1110 2232 1163 anterius

689 1201 895 1254 nllicct‘c
924 1204 1178 1256 valentes.
1216 1199 1397 1270 Neque
1423 1212 1541 1254 erat
1567 1200 1786 1254 diflicile
1816 1201 2050 1253 arbitror
2078 1200 2231 1268 equi-

689 1292 831 1344 tibus
873 1293 938 1346 ad
975 1293 1344 1347 extremitates
1376 1293 1684 1346 constitutis
1725 1291 1998 1360 proximos
2040 1291 2142 1344 sibi
2179 1299 2234 1344 et

687 1399 848 1453 quatn
884 1386 1116 1437 maxime
1143 1385 1348 1437 vicinos
1374 1384 1559 1437 hostes
1594 1383 1806 1452 sagittis
1837 1383 2228 1446 transmittere;

687 1492 783 1530 eos
810 1493 936 1528 vero
966 1477 1056 1545 qui
1086 1491 1147 1528 ex
1180 1476 1406 1528 σύνει-ευ
1431 1475 1905 1542 conspiciebantur
1929 1474 2231 1527 vulnerare.

691 1564 1123 1632 Trajiciehantur
1157 1563 1336 1633 itaque
1362 1561 1584 1615 Francis
1616 1562 1764 1614 omni
1795 1577 1856 1614 ex
1889 1572 2038 1631 parte
2065 1572 2230 1629 terga,

694 1654 949 1711 Iiomanis
979 1654 1192 1721 quidem
1220 1653 1311 1722 qui
1353 1654 1420 1707 ad
1449 1653 1694 1706 dextrum
1723 1652 1831 1722 83
1869 1667 2035 1706 cornu
2075 1652 2234 1722 positi

689 1748 862 1802 erant,
894 1740 1103 1791 hostem
1149 1753 1211 1790 ea
1257 1742 1312 1790 in
1353 1747 1506 1806 parte
1532 1736 1914 1790 infestantibus
1943 1755 1956 1789 :
1984 1739 2077 1805 qui
2111 1752 2235 1790 vero

692 1831 744 1884 in
775 1831 999 1884 sinistro
1023 1845 1191 1882 cornu
1221 1839 1396 1890 erant.
1427 1844 1518 1883 eos
1547 1829 1641 1898 qui
1673 1829 1724 1882 in
1755 1830 1922 1882 altera
1954 1847 1966 1880 :
2004 1844 2235 1898 cumque

691 1923 765 1976 ita
797 1923 900 1975 tela
940 1922 1241 1974 alternatim
1271 1931 1500 1989 utraque
1524 1936 1587 1973 ex
1621 1930 1775 1990 parte
1805 1920 1857 1972 in
1902 1919 2234 1973 contrarium

692 2015 981 2076 ferrentur,
1027 2021 1083 2066 et
1112 2013 1370 2081 quidquid
1405 2012 1624 2065 obvium
1673 2021 1788 2064 erat
1828 2012 2232 2080 disperderent,

690 2106 901 2160 barbari
933 2122 1103 2172 tneque
1125 2106 1352 2156 telorum
1379 2104 1516 2157 ictus
1542 2104 1745 2157 evitare
1774 2112 2036 2170 potet-aut,
2063 2119 2236 2172 neque

689 2203 828 2254 unde
858 2199 1146 2252 ferirentur
1176 2199 1309 2252 satis
1355 2197 1868 2251 animadvertebant.
1911 2197 2046 2250 Cum
2089 2199 2232 2252 enim

689 2292 945 2345 Romanis
995 2291 1220 2344 adversa
1270 2291 1448 2342 frtmte
1485 2289 1718 2358 oppositi
1748 2299 1974 2355 starent,
2008 2290 2233 2358 singuli-

684 2401 790 2454 qne
819 2385 870 2437 in
902 2385 952 2437 id
983 2392 1213 2446 tantum,
1245 2382 1386 2450 quod
1430 2396 1538 2450 pra:
1578 2381 1829 2434 manibus
1859 2390 1994 2445 erat,
2041 2384 2234 2439 intenti

686 2478 1038 2546 respicerent,
1065 2485 1113 2528 et
1148 2476 1406 2526 adversus
1436 2473 1615 2540 gravis
1646 2483 1935 2526 armatura:
1957 2475 2154 2530 milites
2179 2479 2232 2530 in

685 2569 965 2638 principiis
1014 2574 1220 2620 stantes
1268 2565 1673 2631 przeliarentur;
1726 2574 2005 2632 equestres
2054 2577 2231 2621 autem

686 2660 994 2730 sagittarios
1030 2666 1212 2726 utpote
1242 2666 1387 2709 retro
1417 2655 1620 2723 positos
1646 2671 1752 2709 non
1784 2656 2156 2724 conspicerent
2181 2666 2235 2711 et

685 2755 913 2807 telorum
945 2751 1082 2803 ictus
1107 2762 1210 2801 nan
1239 2747 1546 2816 pectoribus
1579 2747 1671 2800 sed
1707 2747 1868 2816 tergis
1890 2748 2230 2816 exciperent;

682 2859 792 2912 quo
820 2842 943 2897 mali
978 2840 1247 2894 venissent
1280 2837 1576 2907 intelligere
1603 2853 1710 2890 non
1743 2847 2008 2905 poterant.
2036 2836 2233 2894 Pleris-

683 2950 788 3004 que
808 2949 935 2986 vero
956 2947 1141 2985 eorum
1170 2945 1234 2984 ne
1263 2930 1542 2982 dubitandi
1574 2928 1786 2995 quidem
1820 2930 2232 2999 ambigendique

682 3027 748 3079 de
777 3025 842 3078 iis
869 3037 988 3088 quae
1023 3022 1322 3089 agebantur
1369 3019 1521 3073 locus
1569 3019 1999 3087 relinquebatur;
2049 3025 2231 3075 statim

682 3131 806 3170 cum
857 3115 974 3184 ipso
1017 3113 1124 3166 ictu
1169 3121 1341 3166 morte
1381 3125 1477 3166 cos
1529 3109 1870 3180 C’U'ripitatte.
1905 3110 2231 3170 Cadeatibus

2327 664 2565 729 τοξόταις
2609 665 2812 732 ἐφιέναι
2839 665 2907 716 τά
2946 663 3069 732 βέλη
3098 663 3426 733 ἑκατέρωθεν
3456 662 3781 731 ἐναλλάγόην
3811 665 3869 724 ἐς

2328 755 2396 807 τὰ
2427 755 2734 824 μετάφρενα
2771 755 2878 808 τῶν
2909 755 3192 822 πολεμίων.
3219 756 3279 808 ΟΞ
3312 755 3368 806 δέ
3398 755 3534 806 κατά
3557 753 3730 808 ταῦτα
3773 756 3869 824 ῥᾳ-

2327 846 2452 909 δίως
2487 847 2718 900 ἐποίουν.
2757 848 2884 899 ’Λτε
2914 847 3021 916 γὰρ
3057 845 3249 910 πεζοὺς
3289 845 3371 916 [Ρ.
3395 845 3485 916 45]
3538 845 3698 907 ὄντας
3743 847 3868 907 τοὺς

2332 935 2636 1006 βαρϐάρους
2661 938 2723 989 ἐκ
2741 936 2846 988 τῶν
2869 938 3046 989 ἳππων
3071 937 3504 1007 ύπερανέχοντες,
3526 934 3869 990 εύκολώτατα

2329 1025 2586 1094 ἠδύναντο
2617 1025 2825 1094 βάλλειν
2862 1027 2920 1078 τὸ
2957 1027 3257 1096 ἀφεστηκὸς
3291 1027 3382 1078 καὶ
3420 1028 3737 1097 ήπλωμένον
3775 1027 3870 1078 καὶ

2329 1116 2608 1185 ἐλεύθερον
2653 1117 2746 1169 τοῦ
2793 1117 3259 1188 ἐπιπροσθοῦντος.
3316 1118 3425 1169 Καὶ
3479 1114 3546 1189 ἦν
3593 1118 3654 1170 οὐ
3710 1117 3871 1186 χαλε-

2331 1209 2449 1268 πὸν,
2474 1205 2645 1276 οἶμαι,
2673 1208 2782 1269 τοῖς
2809 1207 3025 1260 ἐπὶτῶν
3048 1208 3227 1278 ἄκρων
3251 1206 3499 1270 ἱππόταις
3523 1206 3583 1258 τὸ
3604 1207 3706 1276 μὲν
3733 1204 3873 1258 κατά

2332 1301 2468 1367 σφᾶς
2498 1299 2659 1368 μέρος
2681 1297 2787 1352 τῶν
2804 1297 3075 1366 δυσμενῶν
3097 1299 3190 1352 καὶ
3213 1297 3588 1368 πλησιαίτατον
3615 1297 3716 1349 ύπε
3726 1296 3876 1365 ρῦαί-

2331 1404 2440 1439 νειν
2467 1390 2576 1449 τοῖς
2611 1386 2808 1455 βέλεσι,
2837 1387 2962 1449 τοὺς
2980 1387 3036 1438 δὲ
3055 1387 3275 1454 ἀντικρὺ
3306 1385 3657 1454 φαινομένους
3681 1383 3876 1453 τιτρώ-

2333 1494 2498 1530 σκειν.
2529 1469 2922 1548 Διεπερονῶντο
2951 1477 3231 1548 τοιγαροῦν
3260 1477 3517 1531 πάντοθεν
3547 1475 3618 1530 τὰ
3644 1476 3795 1529 νῶτα
3824 1477 3877 1528 oi.

2330 1571 2566 1638 Φράγγοι
2591 1612 2605 1635 ,
2635 1570 2743 1621 τῶν
2773 1568 2872 1639 μὲν
2902 1568 2994 1620 ἐπὶ
3015 1567 3107 1620 τοῦ
3130 1566 3300 1633 δεξιοῦ
3325 1569 3498 1639 κέρως
3527 1566 3879 1636 τεταγμένων

2342 1660 2624 1729 Ῥωμαίων
2678 1659 2804 1722 τοὺς
2844 1658 3051 1712 ἐκεῖθεν
3093 1657 3516 1729 λυμαινομένων,
3551 1657 3661 1711 τῶν
3700 1656 3760 1708 δὲ
3783 1656 3880 1708 ἐπὶ

2333 1751 2533 1820 θάτερα
2555 1754 2678 1815 τοὺς
2701 1751 2938 1822 ἐτέρους.
2972 1751 3126 1805 Οὕτω
3150 1767 3210 1804 τε
3233 1752 3282 1804 οί
3309 1751 3564 1822 ἄτρακτοι
3595 1746 3881 1819 παραλλὰξ

2334 1845 2390 1906 ἐς
2422 1845 2674 1898 τάναντία
2712 1844 3018 1916 φερόμενοι,
3062 1844 3155 1897 καὶ
3203 1843 3346 1897 ᾶπαν
3369 1842 3450 1894 ’τὸ
3492 1839 3882 1911 παρεμπίπτων

2267 1906 2309 1961 Β
2334 1906 2736 2005 διαφθείροντες⁷
2758 1906 3062 2000 ἐλάνθανον,
3098 1933 3218 1988 οὔτε
3246 1906 3710 2004 φυλάξασθαιντών
3745 1932 3882 2002 βαρ-

2335 2023 2515 2094 ϐάρων
2552 2027 2676 2078 οἴων
2706 2043 2763 2078 τε
2793 2026 3144 2096 γιγνομένων,
3165 2024 3285 2079 οὔτε
3314 2025 3434 2078 ὅθεν
3467 2024 3748 2095 βάλλονται
3778 2039 3879 2077 σα-

2334 2117 2448 2187 φῶς
2500 2118 2933 2170 ἐπισκοπούντων
2958 2133 2973 2149 ο
2999 2117 3356 2186 ἀντιμέτωποι
3388 2118 3408 2147 ⁸
3449 2116 3556 2190 γὰρ
3589 2118 3702 2178 τοῖς
3740 2115 3879 2166 Ῥω-

2336 2211 2512 2282 μαίοις
2540 2212 2787 2275 ἐστῶτες,
2813 2211 2905 2263 καὶ
2930 2213 2987 2273 ἐς
3015 2212 3171 2280 μόνον
3199 2210 3260 2263 τὸ
3284 2209 3402 2264 καθ’
3433 2210 3624 2272 αὖτοὺς
3649 2209 3728 2272 ὡς
3747 2207 3883 2261 lu-

2335 2321 2446 2356 στοι
2495 2303 2906 2366 ἀποϐλέποντες,
2963 2302 3058 2355 καὶ
3103 2303 3237 2373 πρὸς
3288 2301 3385 2371 μὲν
3416 2301 3540 2362 τοὺς
3571 2299 3882 2370 ἔμπροσθεν

2331 2396 2548 2458 ὁπλίτας
2580 2397 2644 2448 ἐκ
2671 2394 2848 2466 χειρὸς
2876 2394 3277 2464 διαμαχόμενοι,
3299 2393 3425 2455 τοὺς
3445 2391 3504 2446 δὲ
3525 2390 3882 2456 ἱπποτοξότας

2331 2486 2404 2550 ώς
2439 2487 2504 2556 δὴ
2531 2486 2719 2539 επισθε
2757 2487 2776 2518 ³
2808 2485 3164 2555 τεταγμένους
3191 2485 3250 2537 ού
3281 2483 3422 2554 μάλα
3443 2483 3691 2554 ὁρῶντες,
3720 2481 3792 2534 τά
3816 2499 3881 2534 τε

2335 2579 2526 2648 στέρνα
2557 2579 2618 2630 οὐ
2650 2577 2980 2648 βαλλόμενοι,
3011 2577 3144 2630 ἀλλὰ
3174 2575 3243 2629 τὰ
3274 2576 3435 2642 νῶτα,
3463 2575 3561 2628 οὐκ
3587 2569 3731 2644 εἶχον
3755 2574 3882 2626 δια·

2331 2669 2648 2738 γιγνώσκειν
2681 2669 2703 2700 δ
2730 2663 2896 2738 οὗπερ
2941 2669 3228 2738 ἐτύγχανον
3261 2667 3411 2730 ὄντες
3443 2665 3628 2720 κακοῦ.
3663 2665 3792 2728 Τοῖς
3820 2663 3884 2717 δι

2332 2758 2599 2822 πλείστοις
2641 2758 2760 2812 οὐδὲ
2802 2758 2892 2812 τοῦ
2921 2759 2944 2790 ⁸
2979 2757 3252 2825 διαπορεῖν
3284 2758 3374 2810 καὶ
3400 2757 3772 2827 ἀμφιγνοῆσαι
3808 2753 3882 2807 τά

2332 2850 2628 2920 ποιούμενα
2658 2851 2808 2921 χώρα
2830 2849 3094 2918 ἐγίγνετο,
3124 2850 3238 2919 ἅμα
3275 2849 3338 2919 τῇ
3367 2847 3544 2917 πληγῇ
3568 2847 3665 2917 τῆς
3689 2845 3883 2898 τελευ-

2330 2940 2426 3009 τῆς
2455 2939 2837 3010 ἐπιφοιτώσης.
2871 2937 3180 2991 Πιπτόντων
3207 2933 3314 3005 γὰρ
3343 2933 3432 2987 ἀεὶ
3459 2932 3564 2985 τῶν
3585 2931 3763 2994 ἐκτὸς,
3787 2930 3883 2982 εὖ-

2331 3033 2424 3096 θὺς
2454 3033 2502 3085 οί
2528 3032 2734 3084 ἔνδοθεν
2768 3029 3132 3098 ἀνεφαίνοντο,
3161 3030 3254 3082 καὶ
3284 3026 3472 3080 τούτου
3505 3023 3654 3094 θαμὰ
3685 3039 3883 3091 γιγνοο

2334 3125 2515 3195 μένου,
2544 3122 2743 3195 διέῤῥει
2768 3123 2948 3186 αὐτοῖς
2975 3116 3241 3191 ιτα-πλήθη
3270 3117 3345 3182 ὡς
3371 3116 3592 3187 τάχιστα
3620 3115 3714 3170 καὶ
3734 3115 3886 3186 ἡφα-

683 3209 826 3262 eniut
857 3221 1068 3275 semper
1096 3205 1478 3268 exterioribus,
1525 3205 1704 3257 statim
1740 3203 2054 3257 interiorum
2085 3215 2227 3275 terga

2332 3214 2522 3278 νίζετο,
2573 3214 2665 3267 καὶ
2711 3217 2768 3277 ἐς
2813 3213 3098 3282 ὀλιγότητα
3133 3209 3421 3280 ὑπεχώρει.
3474 3209 3559 3262 Ἐν
3600 3208 3775 3278 τούτῳ
3821 3209 3886 3262 δὲ

681 3300 1059 3362 nudabantur,
1122 3311 1352 3365 cumque
1405 3296 1456 3349 id
1525 3295 1742 3349 assidue
1787 3298 2226 3366 continenterque

683 3372 852 3454 licret,
887 3388 1057 3458 copiae
1082 3403 1245 3456 quam
1285 3387 1542 3440 citissime
1581 3384 2041 3441 labefactabantur
2066 3401 2228 3457 atque

610 3464 618 3472 ’
681 3482 990 3545 interibant,
1034 3488 1088 3532 et
1131 3477 1196 3531 ad
1227 3478 1546 3547 paueitatetu
1587 3477 1983 3547 rcdigebantur.
2021 3480 2227 3534 Interea

683 3574 908 3627 Sindual
938 3580 993 3624 et
1022 3569 1206 3624 lleruli
1235 3584 1358 3622 cum
1394 3568 1577 3639 praelia
1607 3569 2144 3638 appropinquassent.
2174 3572 2226 3625 in

681 3666 865 3718 hostes
899 3664 1202 3722 incurrunt,
1241 3661 1334 3728 qui
1379 3659 1646 3728 perfracta
1694 3667 2080 3730 penetrataque
2115 3661 2225 3716 Ro-
2283 3659 2286 3662 ’

681 3771 964 3811 manorum
987 3753 1120 3815 acie,
1146 3751 1384 3821 reliquos
1402 3762 1796 3820 praeverterant.
1827 3751 2016 3807 Statim
2045 3755 2227 3826 itaque

678 3857 839 3918 atque
869 3847 932 3899 ad
965 3859 1154 3900 manus
1183 3853 1402 3897 ventum
1430 3852 1532 3907 est,
1563 3859 1794 3913 pugnant
1824 3861 1944 3900 cum
1979 3847 2059 3901 eis
2092 3863 2225 3901 cou-

680 3950 869 3994 serunt
900 3957 913 3991 :
945 3949 999 3991 at
1045 3936 1120 3990 illi
1170 3936 1445 4005 inopinato
1490 3935 1564 3990 rei
1606 3944 1797 3990 eventu
1832 3937 2084 4005 perculsi,
2117 3939 2225 3992 imo

680 4029 861 4098 potius
905 4027 1129 4079 insidias
1158 4040 1278 4079 esse
1307 4026 1565 4096 suspicati
1587 4068 1601 4092 ,
1645 4025 1931 4079 confestim
1961 4027 2012 4078 in
2043 4025 2222 4096 fugam

602 4115 603 4120 “
680 4127 808 4175 sunt
853 4120 1028 4183 versi;
1081 4116 1386 4183 transfugas
1424 4116 1828 4181 insimulantes,
1873 4118 2014 4186 quod
2045 4119 2114 4172 ab
2145 4119 2224 4174 eis

677 4218 860 4266 essent
891 4208 1115 4278 decepti.
1152 4207 1376 4261 Sindual
1409 4223 1536 4260 vero
1564 4208 1760 4263 acriter
1785 4207 1896 4279 84
1921 4209 2000 4263 eis
2021 4210 2223 4279 absque

678 4305 786 4357 ulla
847 4301 1246 4356 intermissione
1298 4299 1554 4362 instabat,
1602 4300 1774 4354 donec
1825 4302 1960 4355 alios
2006 4303 2221 4370 quidem

677 4395 986 4468 prostravit,
1014 4395 1150 4450 alios
1174 4407 1303 4448 vero
1348 4395 1400 4447 in
1441 4395 1766 4448 verticosum
1795 4394 1990 4447 flumen
2021 4396 2217 4465 adegit.

676 4493 852 4559 Atque
882 4489 953 4543 ita
982 4487 1192 4544 llerulis
1218 4490 1270 4542 in
1297 4485 1454 4543 Suum
1489 4487 1666 4541 locum
1705 4488 1950 4557 receptis,
1981 4490 2222 4543 vacuitas

2331 3305 2580 3360 Σίνδουάλ
2605 3323 2662 3358 τε
2691 3305 2783 3358 καὶ
2805 3307 2852 3358 οἱ
2880 3303 3126 3372 Ἐρουλοι
3151 3302 3474 3363 πελάσαντες
3491 3303 3555 3372 τῇ
3581 3299 3750 3370 μάχῃ,
3773 3300 3885 3353 ὺπ-

2331 3401 2643 3464 αντιάζουσι
2679 3399 2787 3452 τῶν
2823 3398 3093 3468 πολεμίων
3141 3399 3249 3460 τοῖς
3285 3393 3720 3467 διαπεραιωθεῖσι
3772 3394 3885 3465 τὴν

2331 3492 2630 3562 παράταξιν
2658 3490 2751 3544 καὶ
2783 3489 3163 3560 προελαμένοις
3191 3489 3231 3541 ⁸.
3256 3487 3462 3540 Αὐτίκα
3487 3487 3548 3555 δὴ
3573 3483 3666 3539 οὖν
3692 3486 3884 3551 αὐτοῖς

2330 3589 2387 3650 ἐς
2419 3590 2602 3657 χεῖρας
2632 3583 2874 3647 ἐλθόντες
2899 3582 3058 3652 ἔργου
3091 3583 3310 3651 εἴχοντοο
3339 3581 3389 3634 οἱ
3417 3581 3474 3634 δὲ
3499 3579 3576 3649 τῷ
3607 3579 3886 3649 ἀπροσδο-

2329 3685 2478 3752 κήτῳ
2509 3679 2964 3748 καταπληγέντες,
3014 3677 3104 3730 καὶ
3141 3673 3336 3745 μᾶλλον
3372 3674 3590 3743 ἐνέδραν
3638 3666 3780 3724 εἶναι
3817 3673 3884 3726 τὸ

2329 3773 2517 3844 χρῆμα
2555 3773 3009 3842 ὑποτοπήσαντες,
3053 3767 3210 3832 εὐθὺς
3245 3769 3303 3831 ἐς
3341 3765 3516 3838 φυγὴν
3551 3767 3880 3838 ἐτράποντο,

2330 3861 2739 3932 καταιτιώμενοι
2761 3861 2884 3924 τοὺς
2909 3859 3396 3932 αὐτομολήσαντας,
3425 3859 3501 3923 ὡς
3523 3857 3587 3930 δὴ
3616 3859 3708 3912 ὑπ’
3728 3860 3882 3912 ἐκεί-

2327 3972 2434 4008 νων
2484 3952 2900 4024 ἐξηπατημένοι.
2931 3952 2996 4005 Οἱ
3031 3951 3088 4005 δὲ
3133 3951 3273 4022 ἀμφὶ
3301 3949 3552 4004 Σίνδουαλ
3586 3951 3688 4004 οὐκ
3726 3950 3880 4004 ἀνίε-

2329 4063 2428 4099 σαν
2453 4048 2492 4111 ',
2525 4045 2636 4099 ἀλλ’
2657 4046 2940 4109 ἐνέκειντο,
2971 4043 3076 4105 ἕως
3105 4043 3226 4104 τοὺς
3251 4041 3347 4112 μὲν
3375 4042 3792 4114 κατεστόρεσαν,
3824 4043 3879 4096 οἱ

2326 4139 2383 4193 δὲ
2403 4139 2458 4202 ἐς
2483 4138 2580 4201 τὰς
2608 4137 2700 4191 τοῦ
2735 4133 2976 4206 ποταμοῦ
3009 4133 3261 4198 ἐξέπεσον
3300 4131 3468 4197 δίνας.
3493 4132 3645 4187 οὕτω
3673 4150 3735 4186 τε
3761 4132 3880 4186 τῶν

2339 4227 2602 4298 Ἐρούλων
2636 4225 2714 4296 τῷ
2757 4225 2998 4295 σφετέρῳ
3027 4223 3189 4295 χώρῳ
3222 4223 3688 4291 ἐγκαταστάντων,
3717 4223 3782 4276 τό
3813 4241 3878 4277 τε

2328 4319 2544 4385 κένωμα
2568 4315 2884 4385 ἐπληροῦτο,
2919 4314 3010 4367 καὶ
3030 4316 3063 4384 ἡ
3092 4313 3301 4383 φάλαγξ
3330 4314 3752 4379 συνεκέκλειστο,
3777 4315 3879 4368 καὶ

2325 4407 2571 4460 τολοιπὸν
2616 4408 2664 4459 οί
2709 4393 2964 4476 Φράγγοι,
3001 4405 3246 4475 καθάπερ
3272 4407 3352 4468 είς
3375 4404 3546 4474 ἄρκυς
3581 4404 3878 4477 ξυνειλημ-

2329 4497 2498 4567 μένοι,
2524 4497 2820 4550 ἐκτείνοντο
2859 4496 3136 4551 πάντοθεν.
3169 4497 3241 4549 Ἦ
3279 4513 3337 4548 τε
3368 4495 3476 4566 γὰρ
3499 4496 3647 4562 τάξις
3685 4497 3878 4561 αὐτοῖς

677 4583 764 4634 illa
824 4583 876 4635 in
923 4581 1100 4634 medio
1139 4581 1408 4633 exercitus
1451 4579 1693 4648 suppleta
1745 4589 1846 4644 est,
1897 4589 1949 4633 et
1990 4581 2222 4650 phalanx

2328 4561 2618 4641 τελεώτατα
2645 4587 2926 4654 διελέλυτο,
2959 4587 3050 4642 καὶ
3080 4586 3244 4656 χύδην
3273 4586 3363 4639 ἐπὶ
3381 4561 3525 4656 σφᾶς
3557 4561 3876 4642 ύπελίττον-

672 4675 853 4728 clausa
899 4693 913 4728 :
960 4670 1257 4740 Franciqtte
1302 4670 1552 4738 deinceps
1602 4669 1766 4723 veluti
1814 4670 2019 4725 retibus
2069 4672 2221 4726 invo-

677 4766 798 4824 luti,
831 4765 975 4818 omni
1003 4779 1068 4816 ex
1107 4772 1257 4831 parte
1282 4762 1642 4815 credebantur.
1671 4759 1803 4815 Nam
1840 4770 1893 4816 et
1915 4763 2048 4816 ordo
2081 4763 2224 4831 ipso-

2320 4697 2398 4742 το,
2423 4682 2520 4733 ούκ
2549 4680 2755 4750 ἔχοντες
2781 4681 2810 4732 ὅ
2839 4698 2890 4732 τι
2929 4680 3024 4732 καὶ
3050 4679 3302 4746 γένοιντο.
3333 4679 3395 4732 Ut
3425 4679 3481 4732 δέ
3515 4676 3774 4747 Ῥωμαῖοι
3806 4679 3874 4730 οὗ

2323 4769 2480 4837 μόνον
2501 4772 2608 4831 τοῖς
2637 4769 2807 4834 τόξοις
2835 4769 3030 4829 αὐτοὺς
3053 4767 3358 4837 διεχρῶντο,
3384 4767 3516 4820 ἀλλὰ
3540 4767 3600 4819 τό
3626 4783 3688 4819 τε
3712 4765 3874 4818 61th-

676 4872 794 4910 ruttt
840 4856 1055 4925 penitus
1098 4864 1215 4908 erat
1255 4853 1580 4916 dissolutus,
1619 4864 1673 4908 et
1713 4852 1941 4908 confuse
1984 4855 2124 4906 inter
2168 4872 2224 4909 se

2328 4860 2466 4912 τικὺν
2499 4861 2590 4913 καὶ
2623 4861 2671 4912 οί
2701 4859 2845 4927 ψιλοὶ
2872 4858 3130 4928 ἐπῄεσαν,
3159 4857 3380 4930 δοράτιά
3405 4874 3465 4911 τε
3495 4856 3876 4919 ἀκοντίζοντες

673 4949 1128 5017 glomerabantur,
1156 4946 1282 5015 quid
1310 4946 1548 5000 facerent
1570 4945 1762 5014 ignari.
1789 4945 2018 4999 Romani
2043 4955 2221 5000 autem

674 5059 778 5094 non
825 5041 997 5092 solum
1044 5039 1252 5106 sagittis
1288 5053 1381 5092 eos
1423 5037 1836 5096 interficiebant.
1879 5040 1969 5091 sed
2002 5048 2053 5091 et
2093 5055 2215 5107 gra-

671 5135 839 5185 vioris
879 5142 933 5185 et
966 5131 1181 5184 levioris
1228 5141 1515 5184 armatura:
1559 5131 1756 5183 milites
1801 5129 1991 5184 invecti
2036 5132 2216 5184 hastas

674 5230 726 5280 in
765 5243 860 5279 cos
887 5225 1223 5293 torquebant,
1265 5237 1314 5278 et
1347 5226 1522 5278 contis
1565 5224 1932 5293 proﬂigabant,
1964 5227 2213 5278 ensibus-

669 5335 774 5388 que
803 5318 1224 5383 obtruncabant;
1274 5317 1482 5386 equites
1515 5317 1674 5368 etiam
1714 5316 1945 5370 diductis
1987 5318 2084 5370 alis
2117 5331 2211 5386 cas

2322 4953 2412 5003 καὶ
2461 4954 2570 5014 τοῖς
2619 4951 2824 5012 κόντοις
2865 4948 3227 5019 διωθούμενοι,
3270 4949 3360 5002 καὶ
3397 4952 3516 5010 ταῖς
3569 4945 3874 5017 μαχαίραις

2324 5043 2763 5110 κατατέμνοντες,
2793 5039 2847 5090 οἵ
2873 5056 2932 5090 τε
2964 5039 3146 5102 ίππεῖς
3179 5038 3572 5108 ύπερκερώσεις
3602 5034 3874 5104 ποιούμε-

2320 5150 2396 5188 νοι
2426 5133 2742 5201 ὑπεδέχοντο
2766 5129 2957 5194 αὐτοὺς
2995 5131 3124 5183 εἵσω
3152 5130 3243 5182 καὶ
3273 5127 3671 5198 ἀπελάμϐανον.
3705 5127 3768 5178 Εἰ
3808 5127 3871 5181 δέ

2317 5242 2367 5277 τι
2401 5227 2577 5278 αὐτῶν
2603 5223 2685 5293 μ’.
2718 5221 2807 5293 46]
2841 5223 2932 5276 καὶ
2952 5222 3169 5290 διέφυγε
3198 5221 3264 5274 τὰ
3299 5220 3443 5288 ξίφη,
3475 5219 3522 5270 οἱ
3552 5217 3608 5270 δέ
3637 5221 3708 5289 τῇ
3738 5217 3871 5271 διὼο

2318 5317 2392 5382 ξει
2431 5315 2805 5383 ἐκϐιαζόμενοι
2863 5317 2921 5377 ἐς
2961 5315 3050 5367 τὸν
3087 5311 3324 5384 ποταμὸν
3360 5309 3740 5383 κατεφέροντο,
3773 5313 3873 5366 καὶ

1886 5523 2116 5579 ΥΑΙίΙΑΞ
2141 5519 2536 5577 LECTIONES.

780 5702 1125 5770 αντιμέτωπα
1293 5702 1313 5772 ἓ
1337 5701 1559 5754 ὄπισθεν
1580 5702 1722 5772 vulg.

667 5772 1112 5841 ⁶προαλαμένοις
1164 5770 1359 5838 Lugd.,
1425 5770 1849 5840 προαλλαμένοις

1801 5702 2145 5770 δδιαγινώσκ.
2198 5701 2339 5770 vulg.
2415 5700 2547 5754 ⁸τοῦ
2581 5699 2774 5772 Lugd.,
2823 5705 2882 5754 τὺ
2933 5700 2999 5764 Il,
3047 5700 3322 5772 τῶν-Ρη.
3357 5697 3752 5772 ἀμφατχοῇσαι
3805 5695 3873 5750 IL

1923 5774 1984 5835 lt,
2042 5773 2443 5840 προαλωμένοις
2494 5773 2614 5827 edd.

2719 5775 2970 5824 ’ἀνίεσαν
3009 5800 3076 5811 -
3108 5770 3370 5822 ἐνέκειντο
3403 5766 3465 5837 ;ιι
3509 5766 3664 5837 (ea),
3697 5768 3874 5836 iutpr.

667 5841 1049 5895 intermittenda
1075 5869 1144 5882 —
1165 5841 1406 5903 institit,
1430 5841 1733 5910 ἀνῄεσαν-
1756 5841 1962 5894 ἔκειντο
1997 5843 2165 5911 vulg.,
2201 5841 2372 5910 Lugd.
2406 5859 2513 5914 tng.
2539 5842 2620 5895 ίσ.
2645 5842 2928 5896 ἐνέκειντο.
