4032 6336
167 469 288 533 1365

1300 461 1828 526 HISTORIARUM
1849 458 2078 521 LIBER
2101 457 2178 518 II.

3193 453 3208 510 Ι
3239 451 3307 506 itii
3315 476 3328 504 I

165 582 459 652 γαλαυχίαν.
491 581 791 652 Οίκτείρειν
820 581 918 652 μὲν
944 576 1036 634 οῦν
1074 581 1139 635 τά
1185 579 1360 634 τοιάδε
1397 581 1457 633 ού
1502 579 1688 650 τιόρρω

1799 574 2128 628 miseratione
2157 572 2337 640 itaque
2369 567 2559 622 barum
2589 579 2767 619 rerum
2796 563 2918 620 duri
2961 579 3066 618 non
3103 567 3331 634 alienun;

163 673 245 728 τοῦ
263 673 594 745 ἀνθρωπείου
609 671 807 744 τρόπου
833 668 968 744 εἶναι
985 672 1150 735 δοκεῖ,
1168 669 1464 740 θαυμάζειν
1483 669 1539 722 δὲ
1561 670 1686 722 ἀτεο
1712 703 1715 706 ι

165 763 290 834 χνῶς
315 761 404 815 καὶ
457 761 926 832 καταπεπλῆχθαι,
979 759 1182 831 ἀνδρῶν
1238 759 1306 812 ἂν
1327 760 1412 830 εῐη
1447 761 1510 812 οὐ
1542 759 1686 829 μάλα

164 854 223 908 τά
251 852 446 906 παλαιά
469 852 862 923 ἐπισταμένων,
903 851 1021 904 οὐδὲ
1066 851 1148 903 ὅτι
1183 849 1333 903 ἐσαεὶ
1363 848 1517 903 τοῦτο
1542 847 1605 918 δὴ
1630 847 1689 900 τὸ

160 948 250 1014 τῆς
270 942 396 1010 ῦλης
419 943 616 1013 χωρίον
647 942 861 995 ποικίλα
889 941 1178 1010 παθήματα
1203 939 1553 1010 ὑποδέχεσθαι
1594 937 1688 990 πέ-

165 1050 308 1104 φυκε.
339 1032 604 1096 Πολλάκις
626 1031 730 1102 γὰρ
751 1032 850 1103 ήδη
871 1032 964 1086 καὶ
987 1031 1248 1102 πρότερον
1273 1030 1455 1093 πόλεις
1477 1045 1540 1096 γε
1567 1027 1686 1081 ὅλαι

164 1124 355 1194 σεισμῷ
382 1122 766 1194 διεφθάρησαν,
806 1122 880 1184 ὡς
919 1123 1044 1185 τοὺς
1097 1121 1354 1195 ἀρχαίους
1405 1120 1688 1189 οἰκήτορας

163 1213 518 1269 ἀποϐαλοῦσαι
569 1213 656 1284 ὑφ’
688 1212 893 1284 ἐτέροις
937 1207 1093 1277 αὖθις
1136 1212 1398 1274 οίκιστατς
1449 1208 1688 1280 ἀνορθω-

162 1303 328 1374 θῆναι.

227 1465 305 1530 ιζ’.
349 1465 416 1517 Δί
469 1463 598 1531 γοῦν
633 1461 896 1534 Τράλλεις
921 1462 970 1532 ,ἡ
1010 1460 1181 1524 πόλις,
1231 1461 1264 1530 ἠ
1323 1459 1380 1512 ἐν
1426 1461 1494 1528 τῇ
1535 1457 1690 1527 Ἀσίᾳ

163 1555 249 1611 νῦν
277 1557 321 1589 ’³
347 1555 652 1627 καλουμένῃ
708 1555 859 1626 χώρᾳ
896 1553 1065 1626 ἀγχοῦ
1099 1569 1200 1606 που
1242 1551 1336 1606 τοῦ
1381 1547 1690 1619 Μαιάνδρου

164 1649 391 1720 πόταμοῦ
419 1649 702 1720 ἱδρυμένη,
739 1648 802 1702 τὸ
832 1647 930 1720 μὲν
970 1645 1196 1700 παλαιὸν
1220 1642 1509 1710 Πελασγῶν
1537 1642 1582 1674 ’⁸
1606 1640 1690 1709 γέ-

166 1757 305 1809 γονεν
326 1741 572 1807 ἀποικία,
593 1739 768 1793 ὑπὸδὲ
793 1739 918 1802 τοὺς
947 1736 1252 1806 Αὐγούστου
1273 1736 1550 1806 Καίσαρος
1573 1733 1692 1804 χρό-

164 1848 276 1894 νους
297 1830 515 1900 ἐσείσθη
538 1847 599 1883 τε
632 1831 820 1885 ἅπασα
842 1829 938 1883 καὶ
971 1829 1271 1900 ἀνετράπη,
1305 1830 1398 1884 καὶ
1419 1828 1572 1882 οὐδὲν
1600 1829 1692 1882 αύ-

1787 665 1855 718 ab
1884 664 2120 718 humano
2147 674 2295 714 more
2326 659 2534 714 videtur
2561 674 2575 710 :
2605 654 2858 709 admirari
2895 671 3018 708 vero
3051 657 3330 708 rennuen-

1787 765 1868 810 ter
1893 764 1947 808 et
1974 751 2206 823 percelli,
2240 750 2517 809 hominum
2550 745 2731 812 fuerit,
2759 750 2852 814 qui
2883 755 3116 799 vctcrmn
3152 759 3331 798 reruni

1787 859 1976 914 parum
2003 853 2128 898 sunt
2150 840 2324 909 periti,
2349 840 2551 909 quique
2575 835 2840 899 nesciunt,
2865 833 3006 903 quod
3037 835 3146 888 lucc
3177 844 3333 887 terra:

1787 936 1936 1004 regio
1977 950 2070 988 sua
2111 943 2296 985 natura
2336 940 2594 999 perpetuo
2631 927 2801 1004 varias
2836 943 2890 979 llt
2930 950 2984 976 .m-
3025 925 3330 980 amictu-nus

1785 1026 2061 1095 suscipere
2104 1023 2288 1077 soleat.
2335 1003 2664 1091 Frequenter
2709 1019 2851 1072 enim
2899 1027 3057 1070 cnam
3110 1018 3330 1068 antehac

1786 1117 1947 1172 urbes
1983 1117 2202 1185 integra:
2231 1122 2532 1168 terminum
2565 1111 2858 1182 perierunt,
2883 1110 3016 1162 adw
3045 1118 3099 1158 ut
3139 1120 3320 1159 rum-i-

1786 1209 1888 1263 bus
1919 1207 2108 1262 incolis
2135 1216 2306 1262 exutae
2332 1206 2401 1259 ab
2441 1203 2561 1259 aliis
2586 1219 2800 1258 rursum
2831 1200 3193 1256 ουιιιιίιιιιὶιουδ
3224 1214 3324 1251 s.m

1788 1300 2121 1354 instauratae.

1857 1461 1944 1514 l7.
1985 1459 2190 1514 Tralles
2219 1456 2397 1527 itaque
2425 1454 2556 1510 urbs
2579 1493 2596 1521 ,
2634 1455 2688 1507 in
2731 1451 2858 1507 Asio
2904 1468 3044 1507 nunc
3089 1453 3160 1505 itz.
3190 1451 3220 1504 d
3244 1461 3330 1504 ιιι.

1788 1567 1978 1622 campo
1997 1547 2148 1622 juxta
2173 1549 2496 1606 Maeandrum
2527 1547 2746 1600 ﬂuvium
2782 1545 2884 1598 sita
2911 1584 2926 1608 ,
2966 1544 3091 1596 olim
3117 1544 3256 1611 qun-fw

1788 1642 2125 1713 Pelasgorum
2150 1639 2357 1706 colonia
2403 1638 2533 1705 fuit,
2573 1637 2674 1693 sub
2704 1635 2928 1705 Augusti
2955 1648 3076 1688 vero
3106 1634 3332 1692 Casam

1791 1745 2025 1803 tempora
2048 1740 2350 1786 terrmmotu
2382 1738 2635 1800 quassata
2662 1735 2744 1782 est
2767 1735 2821 1781 et
2849 1726 3104 1781 subversa
3129 1765 3143 1788 ,
3170 1726 3330 1776 nitu:-

1789 1840 1894 1897 que
1922 1825 1974 1879 in
2010 1839 2073 1879 ea
2110 1826 2374 1892 integrum
2414 1821 2681 1875 relictum.
2717 1817 2927 1888 Oppido
2951 1831 3076 1870 vero
3106 1815 3156 1868 in
3191 1817 3334 1868 hunc

164 1922 252 1991 τῆς
276 1922 303 1973 ὃ
322 1937 373 1972 τι
400 1920 445 1951 ¹⁷
481 1919 765 1972 ἐσέσωστο.
796 1917 954 1972 Οὕτω
973 1918 1028 1972 δὲ
1047 1917 1140 1972 τοῦ
1155 1919 1346 1981 ἄστεος
1369 1918 1691 1989 οἰκτρότατα

1799 1919 2008 1974 modum
2057 1917 2208 1986 101
2264 1912 2560 1969 miserrime
2583 1911 2821 1979 coliapso
2843 1948 2858 1969 .
2899 1910 3047 1962 aiunt
3075 1908 3337 1962 rusticani

167 2012 425 2083 κειμένου,
456 2010 712 2082 ἄγροικον
755 2011 878 2065 τινά
904 2027 1058 2081 φασι,
1092 2010 1294 2064 τούτων
1335 2007 1401 2081 δὴ
1429 2009 1537 2064 τῶν
1568 2027 1692 2080 γεη-

166 2108 349 2172 πόνων,
372 2109 691 2180 Χαιρήμονα
721 2104 975 2175 τοῦνομα,
999 2102 1200 2174 σφόδρα
1227 2103 1326 2175 τὴν
1351 2103 1528 2175 ψυχὴν
1559 2103 1694 2158 ἀλῶ-

163 2214 242 2251 ναι
273 2195 347 2268 τῷ
373 2197 556 2258 πάθει,
587 2195 680 2250 καὶ
720 2191 813 2250 οὖν
861 2193 960 2248 οὐκ
995 2192 1283 2261 ἐνεγκόντα
1316 2185 1612 2263 θαυμάσιόν
1639 2210 1691 2246 τι

165 2287 336 2356 ἡλίκον
377 2290 473 2342 καὶ
517 2286 741 2342 ἄπιστον
792 2286 952 2358 ἔργον
1003 2285 1220 2338 ἀνύσαι.
1273 2285 1426 2354 Μήτε
1456 2285 1562 2353 γὰρ
1590 2283 1690 2350 τῆς

165 2379 276 2431 ὁδοῦ
299 2379 360 2432 τὸ
400 2377 624 2450 μῆκοςῆ
663 2379 760 2448 τῆς
796 2375 1092 2448 πρεσϐείας
1125 2378 1188 2428 τὸ
1241 2374 1468 2444 μέγεθος
1491 2375 1690 2444 κατοῤ-

166 2469 488 2538 ρωδήσαντα,
523 2469 658 2538 μήτε
696 2469 779 2521 ὅτι
819 2465 1118 2537 μεγίστοις,
1153 2465 1343 2535 ὥσπερ
1368 2461 1533 2529 εἰκὸς,
1566 2466 1691 2532 ὀμι-

163 2560 333 2629 λήσειν
359 2559 596 2631 ἤμελλεν
627 2557 909 2626 κινδύνοις,
962 2556 1056 2611 καὶ
1099 2555 1270 2613 ταῦτα
1306 2556 1392 2608 ἐπ’
1423 2555 1603 2626 ἀδήλῳ
1627 2559 1690 2624 τῇ

161 2652 312 2723 τύχῃ,
375 2653 513 2722 μήτε
550 2649 660 2704 τῶν
705 2647 840 2703 οἴκοι
886 2647 984 2719 τὴν
1026 2648 1280 2719 ἐρημίαν,
1317 2648 1454 2717 μήτε
1490 2646 1618 2700 ἀλλο
1645 2665 1694 2700 τι

161 2742 281 2808 τῶν,
308 2743 484 2796 ὁπόσα
513 2739 873 2811 διανοούμενοι
909 2737 1182 2808 ἄνθρωποι
1228 2737 1693 2806 μεταμανθάνουσι

161 2833 224 2889 τὰ
248 2832 567 2904 δοκηθέντα,
605 2830 912 2900 ἀφικέσθαι,
958 2828 1033 2898 μὴ
1072 2828 1153 2880 ὅτι
1201 2829 1261 2879 ἐν
1301 2829 1506 2895 Ῥώμῃ,
1561 2825 1693 2878 ἀλλὰ

162 2928 262 2995 γάρ
312 2926 406 2978 καὶ
437 2923 486 2955 ³⁸
507 2925 566 2986 ἐς
608 2921 716 2974 τῶν
763 2917 1148 2985 Κανταϐρινῶν
1198 2915 1296 2986 τὴν
1323 2916 1527 2986 χώραν,
1557 2917 1693 2984 ἀμφ’

161 3016 322 3078 αὖτάς
340 3015 405 3085 δή
446 3031 551 3067 που
593 3010 692 3075 τὰς
744 3009 838 3064 τοῦ
873 3007 1126 3063 Ὠκεανοῦ
1153 3008 1336 3076 ἠϊόνας
1367 3008 1694 3078 (ἐτύγχανεν

161 3107 264 3178 γὰρ
281 3104 444 3160 αὐτοῦ
481 3119 584 3159 που
629 3104 659 3157 ὁ
706 3104 921 3172 Καῖσαρ
963 3100 1023 3154 ἐν
1052 3098 1131 3170 τῷ
1166 3099 1286 3152 τότε
1339 3100 1473 3169 πρός
1509 3116 1560 3151 τι
1590 3099 1692 3150 τῶι.

162 3195 321 3249 ἐθνῶν
342 3194 734 3266 διαμαχόμενος
753 3192 771 3258 )
787 3191 1035 3259 ἀγγεῖλαί
1053 3188 1113 3241 τέ
1137 3189 1187 3242 oi
1215 3188 1283 3240 τὰ
1299 3188 1693 3256 ξυνενεχθέντα,

1792 2008 2077 2081 quemdam
2105 2024 2171 2062 ex
2222 2007 2320 2072 iis,
2350 2006 2442 2074 qui
2469 2018 2626 2074 agros
2667 2003 2889 2066 colunt,
2934 2001 3333 2054 Glimremonem

1793 2102 2039 2178 nomine,
2065 2100 2332 2170 ingentem
2362 2096 2431 2151 ob
2458 2094 2603 2148 illius
2630 2106 2815 2147 casum
2846 2105 3130 2144 maerorem
3158 2087 3336 2140 auium

1791 2195 2136 2264 cencepisse,
2166 2207 2324 2262 quem
2353 2204 2475 2244 cum
2508 2187 2647 2241 ferre
2681 2199 2787 2238 non
2815 2190 2992 2252 posset
3018 2222 3033 2247 ,
3068 2179 3336 2235 admiran-

1791 2284 1918 2338 dum
1974 2279 2244 2351 quoddam
2309 2287 2364 2332 et
2419 2273 2731 2330 incredibile
2789 2270 2996 2324 facinus
3052 2265 3334 2336 peregisse.

1790 2373 1973 2444 Neque
1998 2373 2140 2428 enim
2177 2370 2388 2424 itineris
2418 2364 2747 2434 longitudine
2769 2400 2784 2424 ,
2825 2374 2998 2428 neque
3027 2355 3332 2427 postulatio-

1794 2468 1878 2521 nis
1899 2464 2263 2534 magnitudine
2288 2456 2619 2520 deterritum,
2647 2467 2818 2521 neque
2841 2450 2983 2519 quod
3005 2446 3338 2518 gravissima,

1796 2557 1868 2612 uti
1897 2555 2186 2610 verisimile
2212 2561 2356 2615 erat,
2388 2547 2621 2618 pericula
2655 2543 2900 2598 aditurus
2945 2540 3250 2599 videretur,
3289 2546 3338 2588 et

1792 2645 2003 2714 quidem
2045 2645 2249 2694 incerto
2281 2647 2470 2692 eventu
2493 2676 2507 2700 ,
2557 2647 2731 2702 neque
2767 2643 2988 2691 eorum,
3020 2639 3158 2693 quos
3195 2621 3339 2674 donli

1794 2713 2111 2802 reliquerat,
2148 2728 2456 2785 solitudinis
2486 2727 2690 2779 ratione
2723 2721 2901 2775 habita
2927 2759 2944 2782 ,
2995 2729 3166 2784 neque
3208 2713 3342 2766 alte-

1795 2825 1907 2877 rius
1941 2823 2101 2876 ullius
2145 2821 2219 2874 rei
2238 2863 2252 2886 ,
2282 2819 2438 2888 cujus
2461 2811 2888 2872 consideratione
2915 2819 3074 2878 atque
3102 2813 3341 2872 respectu

1797 2914 2040 2970 homines
2065 2911 2386 2967 sententiam
2411 2913 2641 2967 mutant,
2675 2899 2980 2972 pervenisse
3010 2911 3115 2949 non
3139 2903 3342 2947 tantum

1798 3007 2022 3060 Romam
2049 3045 2062 3068 ,
2093 3004 2185 3059 sed
2222 3003 2276 3056 in
2301 2999 2690 3054 Cantabrorum
2725 2995 2994 3065 regionem
3017 3029 3031 3051 .
3062 2992 3203 3044 circa
3233 2989 3346 3056 ipsa

1795 3098 1995 3151 Ut-cani
2037 3095 2214 3146 littora
2257 3092 2408 3159 (erat
2448 3087 2591 3141 enim
2627 3084 2698 3137 ibi
2747 3091 2860 3135 tum
2889 3079 3140 3158 temporis
3170 3075 3345 3147 thesar-

1796 3196 1978 3253 gentcs
1999 3180 2254 3250 quasdam
2269 3156 2684 3237 debellaturus),
2712 3170 2982 3238 etei,qua:
2998 3156 3188 3221 Trallis
3216 3179 3345 3218 cun-

164 3287 253 3339 καὶ
280 3255 453 3348 οὕτως
507 3255 646 3338 {iter
690 3255 782 3334 τὸν
835 3255 1078 3351 βασιλέα,
1127 3278 1205 3342 ὡς
1241 3255 1524 3349 αὐτίκα
1552 3280 1695 3349 μάλα

1801 3275 2060 3342 tigcrant,
2095 3268 2448 3339 signiﬁcasset
2472 3304 2488 3327 ,
2521 3274 2575 3318 et
2609 3263 2824 3332 quidem
2854 3260 2969 3324 ejus
3001 3256 3242 3312 oratione
3271 3255 3345 3306 ita

165 3376 452 3439 ὑπατικοὺς
472 3376 520 3407 ¹⁹
547 3371 684 3428 ἑπτὰ
713 3371 824 3426 τῶν
851 3373 912 3425 ἐν
939 3372 1053 3434 τοῖς
1093 3370 1325 3442 μάλιστα
1362 3370 1700 3440 εὐπατριδῶν

162 3480 219 3517 τε
240 3464 332 3517 καὶ
383 3463 711 3534 εὐδαιμόνων
739 3461 948 3534 ἀνδρῶν
986 3462 1060 3515 ἐκμ
1109 3460 1208 3531 τῆς
1240 3459 1461 3530 Ῥώμης
1507 3459 1702 3513 ἀπολε-

165 3553 406 3624 ξάμενον,
436 3554 556 3626 ἀμα
607 3553 684 3624 τῷ
727 3553 972 3623 σφετέρῳ
1005 3552 1199 3624 πλήθει
1249 3551 1452 3605 στεῖλαι
1499 3553 1558 3616 ἐς
1603 3552 1701 3624 τὴν

165 3648 438 3710 ἀποικίαν,
472 3647 740 3714 καὶτοὺς,
786 3646 862 3709 ὡς
907 3644 1134 3716 τάχιστα
1159 3644 1232 3699 ἐν·
1247 3642 1326 3714 τῷ
1356 3643 1515 3714 χώρῳ
1553 3647 1705 3712 γενοὲ

169 3737 376 3807 μόνους,
396 3739 501 3812 χρῄ
509 3737 654 3808 ματά
666 3753 724 3789 τε
740 3735 964 3790 πλεῖστα
981 3736 1080 3788 ὅσα
1093 3735 1375 3798 ἐπιδόντας
1389 3736 1484 3787 καὶ
1499 3733 1703 3804 σπουδῇ

168 3829 938 3903 χρησαμένους,-ἀναδομῆσαι
965 3829 1010 3861 ³⁸
1042 3822 1198 3900 αὖθις
1243 3827 1346 3898 τὴν
1395 3826 1568 3891 πόλιν,
1611 3827 1706 3879 καὶ

169 3925 222 3986 ἐς
249 3922 310 3976 τὺ
341 3921 505 3992 μέχρι
528 3920 682 3974 τοῦδε
709 3919 1012 3989 σωζόμενον
1053 3919 1469 3989 ἀπεργάσασθαι
1500 3920 1702 3989 σχῆμα.

168 4012 276 4068 Νῦν
294 4008 389 4067 οὖν
409 4015 458 4065 οἱ
488 4011 667 4082 ἐκείνῃ
695 4009 850 4063 ἀστοὶ
878 4009 1147 4078 Πελασγοὶ
1199 4009 1295 4078 μὲν
1319 4009 1501 4061 οὐκέτι
1535 4011 1601 4062 ἂν
1631 4009 1708 4060 δι·-

169 4106 333 4168 καίως
370 4106 415 4142 "
439 4103 706 4175 κληθεῖεν,
747 4102 1006 4172 Ῥωμαῖοι
1045 4100 1100 4154 δέ
1148 4099 1368 4170 μᾶλλον,
1401 4100 1450 4152 εί
1500 4096 1596 4150 καὶ
1639 4097 1709 4150 τὰ

170 4197 264 4268 τῆς
312 4195 499 4267 φωνῆς
529 4197 587 4258 ἐς
626 4193 688 4246 τὸ
724 4191 1029 4263 Ἑλληνικόν
1058 4207 1118 4245 τε
1163 4190 1257 4244 καὶ
1317 4187 1707 4259 Ἀττικώτερον

174 4287 546 4358 μετεϐάλοντο.
572 4283 694 4348 Πῶς
725 4281 834 4355 γὰρ
865 4283 966 4337 οὐκ
1013 4281 1247 4353 ἤμελλον
1298 4280 1709 4352 προσοικοῦντες

169 4373 263 4447 τὴν
289 4373 535 4438 Ἰωνίαν;
564 4370 750 4425 Ταῦτα
776 4369 833 4424 δέ
863 4369 1003 4424 οὕτω
1029 4368 1409 4439 ξυνενεχθῆναι
1435 4367 1587 4439 δηλοῖ
1608 4365 1710 4437 μέν

171 4483 269 4518 που
300 4465 459 4543 καίιή
494 4463 720 4534 πάτριος
746 4459 839 4515 τοῦ
887 4459 1076 4522 ἄστεος
1121 4458 1350 4528 ίστορία,
1383 4459 1483 4530 οὐχ
1509 4459 1709 4530 ἥκιστα

170 4554 225 4608 δέ
278 4553 692 4622 τούπίγραμμα,
739 4552 876 4622 ὅπερ
927 4549 1099 4618 ἔγωγε
1121 4549 1298 4602 ἐκεῖσε
1326 4550 1497 4604 ἐλθὼν
1522 4547 1709 4604 ἀνελε-

172 4645 366 4715 ξάμην.
404 4644 508 4698 Ἐν
554 4658 660 4696 τινι
703 4641 814 4713 γὰρ
860 4639 968 4694 τῶν
993 4639 1137 4711 ἀμφὶ
1169 4638 1270 4710 τὴν
1319 4640 1474 4694 πόλιν
1502 4636 1709 4708 ἀγρῶν,

171 4737 291 4791 ὅθεν
310 4735 376 4807 δὴ
397 4735 476 4788 ὢν
496 4731 787 4804 ἐτύγχανεν
816 4732 847 4786 ό
881 4733 1179 4803 Χαιρήμων
1206 4730 1503 4802 (Σιδηροῦς
1521 4729 1578 4782 δέ
1604 4729 1716 4783 bvo-

176 4845 248 4898 μα
272 4827 350 4898 τῷ
379 4824 538 4896 ἀγρῷ
579 4823 824 4895 ἐκείνῳ),
875 4821 1058 4894 βωμὸς
1095 4807 1306 4893 ἵδρυται
1341 4818 1711 4892 ἀρχαιότατος,

173 4920 230 4971 ἐν
253 4914 299 4988 ᾧ
324 4917 394 4989 δὴ
414 4916 603 4979 πάλαι,
650 4913 726 4980 ὡς
763 4913 929 4980 ἐοικε,
964 4913 1060 4966 τοῦ
1105 4911 1449 4982 Χαιρήμονος
1496 4907 1717 4978 ἄγαλμα.

174 5009 510 5080 ἐφειστήκει.
538 5005 652 5059 Νῦν
673 5005 780 5077 γὰρ
804 4999 954 5080 οῦδὲν
969 5003 1146 5058 ὁτιοῦν
1174 5005 1232 5057 ἐν
1259 4998 1408 5070 αὐτῷ
1443 4999 1713 5070 φαίνεται.

190 5069 618 5169 dixitq-apum
663 5069 722 5149 δὲ
749 5069 910 5166 ’ὅμως
953 5093 1032 5148 ἐτι
1064 5095 1128 5149 τδ
1158 5069 1391 5162 ἐλεγεῖον
1429 5069 1508 5160 τῷ
1546 5087 1717 5160 βωμῷ

178 5180 277 5244 ὧδέ
309 5207 429 5254 πως
447 5188 591 5260 ἐχον⁶
991 5225 996 5231 .

1803 3370 2016 3432 captum
2039 3359 2204 3416 fuisse
2221 3359 2484 3412 (la-sarem
2506 3395 2521 3418 ,
2549 3363 2607 3408 ut
2626 3353 2872 3424 protinus
2891 3348 3124 3404 delectos
3145 3353 3348 3414 septem

1804 3449 2149 3512 consulares,
2196 3445 2288 3514 qui
2330 3443 2612 3510 splendore
2663 3439 2872 3510 generis
2910 3444 2964 3490 et
3011 3432 3345 3488 fortunarum

1806 3542 1946 3597 inter
1987 3539 2256 3594 Romanos
2275 3535 2612 3598 eminebant,
2641 3546 2764 3587 cum
2791 3541 2984 3598 magno
3008 3524 3260 3580 comitatu
3293 3521 3348 3575 in

1807 3633 2075 3688 coloniam
2120 3629 2367 3692 miserit,
2397 3639 2597 3694 eosque
2620 3665 2636 3690 ,
2668 3636 2792 3677 cum
2832 3616 3040 3688 magnis
3069 3613 3350 3667 itineribus

1808 3739 1875 3780 eo
1905 3724 2310 3795 pervenissent,
2343 3732 2534 3788 magna
2565 3714 2804 3786 pecuniae
2838 3712 2886 3763 vi
2925 3708 3083 3762 allata
3113 3717 3351 3758 summa-

1811 3836 1915 3892 que
1949 3817 2224 3889 diligentia
2252 3815 2490 3871 adhibita
2515 3853 2530 3877 ,
2571 3811 2754 3864 urbem
2786 3807 2960 3860 denuo
2983 3805 3310 3856 instaurasse
3332 3840 3347 3864 ,
3432 3810 3438 3816 '

1812 3889 1974 3981 atque
2007 3912 2060 3965 in
2091 3911 2248 3972 hanc,
2268 3921 2388 3976 quae
2413 3902 2568 3957 hodie
2597 3898 2855 3958 cernitur,
2885 3895 3110 3948 formam
3157 3889 3350 3944 exaedi-

1811 3979 2020 4056 ﬁcasse.
2047 3999 2201 4053 Nunc
2237 3998 2419 4064 itaque
2455 3989 2780 4045 Trallienses
2807 3987 2952 4042 cives
2984 3997 3086 4037 non
3123 3979 3352 4048 amplius

1813 4091 2018 4161 Pelasgi
2059 4089 2180 4158 jure
2219 4084 2399 4139 vocari
2440 4081 2686 4152 possint,
2731 4079 2823 4133 sed
2868 4075 3045 4146 potius
3084 4069 3350 4132 Romani,

1813 4160 2027 4236 tametSi
2056 4191 2233 4234 sermo
2261 4175 2473 4229 illorum
2498 4173 2551 4226 in
2571 4169 2932 4226 Gracanicum
2962 4162 3115 4233 102
3143 4171 3195 4215 et
3218 4160 3353 4213 Atti-

1813 4287 1934 4328 cum
1974 4269 2045 4326 sit
2079 4277 2336 4323 mutatus.
2377 4261 2478 4331 Qui
2521 4261 2663 4317 enim
2693 4260 2844 4316 aliter
2892 4254 3004 4308 lieri
3059 4255 3347 4324 potuisset,

1813 4377 1937 4418 cum
1985 4362 2172 4415 lonum
2217 4357 2328 4414 sint
2373 4353 2619 4411 ﬁnitimi?
2654 4349 2772 4404 llaec
2809 4361 2936 4401 vero
2975 4346 3047 4400 ita
3093 4343 3350 4400 accidisse

1813 4461 2038 4510 testatur
2067 4450 2197 4508 satis
2217 4460 2272 4505 et
2293 4449 2464 4520 patria
2489 4445 2638 4501 urbis
2668 4440 2889 4496 historia
2912 4447 2966 4494 et
2988 4441 3310 4508 epigramma
3332 4474 3346 4498 ,

1817 4545 1960 4616 quod
1998 4559 2128 4617 ego,
2174 4558 2295 4598 cum
2331 4554 2397 4595 eo
2435 4536 2698 4590 venissem
2724 4571 2739 4595 ,
2783 4532 2906 4601 legi.
2949 4529 3082 4584 Nam
3131 4531 3186 4582 in
3224 4543 3353 4594 agro

1811 4638 2045 4709 quodam
2068 4635 2191 4694 urbi
2219 4631 2423 4691 vicino,
2456 4627 2507 4680 in
2543 4638 2651 4694 quo
2687 4634 2846 4677 natus
2884 4629 2996 4676 erat
3024 4620 3110 4674 hic
3140 4618 3350 4673 Chaere-

1811 4711 1937 4784 mon
1980 4727 2234 4799 (Sidirus
2271 4722 2384 4775 sive
2432 4717 2636 4773 ferreus
2675 4717 2724 4770 ci
2769 4730 2897 4785 agro
2940 4711 3213 4778 nomen),
3261 4721 3353 4760 ara

1811 4822 1988 4878 stabat
2033 4816 2416 4873 vetustissima,
2472 4811 2526 4864 in
2575 4823 2683 4878 qua
2707 4808 2878 4870 olim,
2931 4806 3008 4859 uti
3046 4799 3352 4862 verisimile,

1812 4911 2175 4972 Chaeremonis
2204 4918 2381 4966 statua
2413 4915 2530 4961 crat
2564 4905 2759 4975 posita.
2803 4902 2956 4956 Nunc
2973 4899 3112 4953 enim
3144 4893 3273 4947 nihil
3299 4895 3351 4946 in

1815 5019 1880 5060 ea
1908 5009 2218 5071 comparet;
2248 4997 2598 5054 nihilominus
2619 5005 2793 5049 tamen
2810 4991 3016 5060 elegion
3038 4988 3195 5041 etiam
3214 4999 3356 5039 nunc

1823 5107 1929 5149 ara:
1950 5089 2275 5161 insculptum
2310 5087 2569 5149 cernitur,
2597 5080 2742 5153 quod
2776 5081 2849 5135 ita
2880 5075 3074 5130 babet-:

1447 5361 1674 5419 VARIE
1712 5357 1996 5417 LECTION
2005 5358 2104 5414 ES.

245 5545 466 5614 ’θἎσίᾳ
492 5543 585 5598 νῦν
609 5539 962 5614 ιινῦνᾏσία
986 5543 1130 5614 vulg.
1182 5541 1250 5614 _"
1284 5537 1647 5614 faphlqgones
1675 5536 1986 5614 h._l..l_tabet
2026 5535 2214 5614 i‘ntprz,
2249 5536 2356 5614 sed_
2390 5534 2524 5614 inl‘ra
2549 5527 2812 5614 Pelasgos.
2839 5531 2865 5608 '.
2887 5525 2934 5557 ’⁷
2968 5525 3158 5614 αὑτοίςΙ
3180 5520 3258 5614 ἔτι
3290 5519 3356 5574 Β.

613 5589 799 5697 ξιξ,
824 5589 1250 5697 ᾗξξεέιᾶῗζὸιιικ.
1284 5589 1815 5697 Κέςρτξρξἧὶρῶὲίῑιζι
1835 5589 2239 5697 Kay-€6quth
2262 5604 2413 5697 vulg.
2461 5589 2868 5697 ﬁgathias'.”cui
2917 5609 3100 5676 parum
3128 5590 3192 5644 de
3220 5589 3359 5671 Can-

186 5662 713 5742 labefiiiiiéﬁieiit}
733 5662 801 5736 ἱεὶ
833 5662 1012 5751 verbis
1025 5662 1428 5751 epigrammatis
1451 5662 1756 5751 Ιεάνταϐριν
1779 5662 1850 5735 ’ἐς
1871 5662 2156 5751 γᾶνῆιὶιιῖι
2175 5675 2278 5751 sibi
2300 5662 2685 5751 citatarum:
2739 5667 2786 5698 '9
2815 5662 3103 5751 quaenam
3129 5662 3360 5744 correxi,

184 5751 674 5825 intpnconsttiares,
697 5729 929 5825 ύπάτονς
951 5729 1238 5818 u'éf'v'itig‘i
1261 5746 1350 5799 ἐπὶ
1377 5729 1532 5810 eiii,
1557 5729 1648 5801 sed
1675 5729 1747 5800 'in
1783 5729 1949 5814 marg.
1977 5743 2131 5797 ἑπτά.
2208 5743 2251 5775 ³⁸
2289 5739 2616 5810 ἀναδομῆσαι
2649 5739 2692 5792 ιι
2736 5747 2788 5791 ct
2828 5733 2997 5805 Lugd.
3029 5729 3364 5800 ἀνοικοδομῆ-

188 5815 274 5880 σαί
295 5825 419 5883 edd.
496 5821 539 5853 "
577 5820 853 5882 εῦδικαίὼς
882 5815 945 5871 Β.
