4032 6336
134 2608 175 2660 ν

215 525 345 587 11⁷69

210 725 299 777 καὶ
332 721 522 788 εὖνους
544 724 638 778 καὶ
658 724 726 777 τά
754 726 811 789 ἐς
844 726 977 780 Θεὸν
1016 730 1397 801 ὁμογνώμονας
1422 731 1491 795 ³⁵³,
1524 733 1626 790 οὐκ
1658 733 1751 787 ἀν-

210 811 339 863 εκτά
362 811 534 865 ἐδόκει
566 813 688 867 οὐδὲ
706 814 868 869 ὅσιον.
887 814 1103 869 Μᾶλλον
1135 818 1233 887 μὲν
1260 813 1352 871 οὖν
1369 809 1462 872 καί
1491 820 1753 889 ἐπειρᾶτο

209 903 364 956 παντὶ
392 902 568 957 σθένει
596 903 917 960 ἀπώσασθαι
947 907 1023 971 ὡς
1042 906 1267 979 τάχιστα
1289 912 1412 974 τοὺς
1440 912 1749 983 πολεμίους.

220 992 521 1061 Ἑλογίζετο
549 995 658 1066 γὰρ
684 997 778 1050 καὶ
815 997 1025 1083 ἐδεδίει,
1054 998 1129 1062 ώς
1172 1001 1222 1052 εί
1244 1001 1321 1071 τῷ
1354 1002 1576 1074 πολέμῳ
1611 1022 1748 1078 κρα-

208 1085 426 1155 τήσαιεν
457 1086 508 1137 oi
539 1086 763 1156 Πέρσαι,
792 1090 883 1143 καὶ
910 1089 1123 1161 ἀπάσης
1155 1091 1495 1157 ἐπιλάϐοιντο
1524 1096 1622 1164 τῆς
1641 1094 1749 1164 χώ-

212 1192 326 1244 ρας,
352 1174 506 1229 οὐδὲν
545 1176 697 1231 ἔσται
728 1179 791 1232 τὸ
824 1180 1039 1255 κωλύον
1077 1182 1272 1247 αὐτοὺς
1300 1184 1404 1239 ἀνὰ
1445 1185 1537 1238 τὸν
1572 1186 1619 1219 δ’
1648 1185 1753 1239 Εὕα

209 1265 374 1331 ξεινον
424 1268 620 1323 πόντον
661 1269 831 1335 ἀδεῶς
883 1272 1343 1345 ναυτιλλομένους,
1391 1276 1459 1331 τά
1500 1277 1753 1332 ὲνδότατα

206 1354 303 1425 τῆς
343 1356 630 1427 Ῥωμαίων
673 1359 845 1431 ἀρχῆς
891 1361 1212 1433 ἀνιχνεύειν.
1256 1367 1540 1438 Τοιγάρτοι
1585 1367 1753 1437 στρά-

206 1447 376 1517 τευμά
402 1444 469 1501 τε
494 1449 749 1519 μέγιστον
774 1452 868 1505 καὶ
902 1452 1278 1526 ἀλκιμώτατον
1299 1458 1345 1490 ⁸ο
1373 1458 1601 1512 ἐνταῦθα
1628 1458 1753 1511 ετα-

209 1536 310 1601 ξεν,
338 1538 433 1592 καὶ
486 1542 820 1612 στρατηγοὺς
844 1544 1141 1614 ἐπέστησεν
1171 1547 1297 1606 τοὺς
1320 1547 1589 1618 ἀρίστους.
1617 1548 1753 1600 Βέσ-

209 1643 303 1692 σας
328 1644 387 1682 τε
417 1630 551 1698 γὰρ,
598 1631 693 1686 καὶ
728 1634 1019 1705 Μαρτίνος,
1055 1636 1150 1689 καὶ
1178 1636 1382 1707 Βούζης
1425 1639 1629 1708 ηγεῖτο,
1657 1639 1752 1692 ἀν-

206 1716 325 1788 δρες
366 1720 424 1774 ἐν
453 1723 569 1785 τοῖς
600 1723 835 1793 μάλιστα
861 1726 1215 1796 γεγενημένοι
1244 1732 1338 1781 καὶ
1362 1728 1627 1797 πολέμους
1657 1746 1753 1782 συ-

206 1812 359 1877 χνοὺς
401 1810 821 1885 ἀγωνισάμενοι.
868 1816 1130 1871 Ἔσταλτο
1177 1818 1233 1871 δὲ
1270 1820 1364 1873 καὶ
1395 1820 1437 1852 ⁵³
1476 1820 1755 1882 ’Ῑουστϊνος

206 1898 234 1950 6
256 1897 557 1968 Γερμανοῦ,
599 1903 803 1967 νεάζων
848 1906 948 1977 μὲν
991 1906 1072 1961 ἐτι
1103 1909 1321 1981 κομιδῇ,
1354 1909 1421 1965 τὰ
1442 1910 1499 1963 δὲ
1523 1909 1752 1980 πολέμια

207 1991 302 2062 ήδη
327 1995 779 2067 πεπαιδευμένος.

278 2083 362 2139 ιθ⁸.
398 2087 726 2160 Μερμερόης
785 2091 841 2143 δὲ
883 2092 913 2146 6
969 2092 1078 2147 τῶν
1142 2094 1365 2166 Περσῶν
1433 2101 1750 2171 στρατηγὸς,

208 2176 388 2248 ἐπειδὴ
437 2179 704 2252 πρότερον
744 2182 1119 2255 ’Δρχαιοπόλει
1149 2187 1194 2219 ⁵²
1227 2203 1287 2241 τε
1315 2189 1396 2252 δὶς
1417 2192 1754 2265 ’προσϐαλὼν

207 2267 633 2337 ἁπεκέκρουστο,
673 2272 768 2326 καὶ
833 2272 965 2328 ἄλλα
1017 2275 1152 2330 ἀττα
1210 2278 1534 2352 ἐπεπράχει,
1610 2283 1647 2338 ἀ
1690 2284 1756 2355 δὴ

210 2355 379 2452 ἔγωγε
411 2361 460 2393 ⁸⁸
492 2363 729 2435 παρίημι
762 2365 1143 2452 (ἀποχρώντῳς
1194 2368 1303 2441 γάρ
1333 2388 1436 2425 που
1468 2373 1755 2447 Προκοπίῳ

209 2445 299 2540 et?
328 2450 521 2521 ῥήτορι
552 2452 619 2506 τὰ
669 2455 829 2534 μέχρι
853 2456 1019 2510 τῶνδε
1051 2445 1502 2533 ἀναγέγραπται),
1534 2465 1651 2519 τότε
1691 2445 1756 2540 δή

211 2533 371 2628 αὖθις
397 2540 630 2610 (ἐνθένδε
656 2545 768 2616 γάρ
809 2562 897 2616 μοι
933 2547 1215 2621 ἀρχομένῳ
1244 2552 1312 2605 τὰ
1343 2553 1536 2625 ἑφεξῆς
1586 2533 1759 2628 ἀρμοὶ

215 2625 407 2697 στέον),
459 2629 659 2699 ἀφῖκτο
703 2634 804 2702 μὲν
848 2636 908 2697 ἐς
936 2637 1288 2709 Μουχείρισίν
1318 2658 1381 2695 τε
1408 2643 1502 2696 καὶ
1562 2625 1758 2700 Κδτάῖ-

213 2733 295 2770 σιν
325 2718 373 2750 “
421 2719 486 2773 τὸ
542 2722 819 2794 φρούριον,
850 2725 1098 2782 ἐϐούλετο
1137 2730 1196 2783 δὲ
1251 2731 1350 2802 τὴν
1409 2734 1466 2796 ἐς
1525 2735 1756 2805 Τήλεφιν

211 2806 517 2883 δυσχωρίαν
565 2814 1073 2887 παραμειψάμενος,
1124 2818 1255 2872 είσω
1282 2820 1379 2875 τοῦ
1422 2823 1643 2886 Φάσιδος
1668 2841 1759 2892 γε-

211 2895 389 2951 νέσθαι
430 2901 700 2970 ποταμοῦ,
729 2904 823 2957 καὶ
881 2905 960 2976 τῷ
1006 2908 1391 2981 ἀπροσδοκήτῳ
1435 2913 1562 2975 τοὺς
1620 2914 1758 2967 Ῥω-

214 2986 402 3054 μαίους
438 2989 747 3071 ἐκπλήξας,
775 2993 864 3046 διὰ
901 2996 1093 3066 πείρας
1158 3000 1349 3064 ἐλθεῖν,
1414 3001 1468 3055 εῐ
1517 3020 1634 3067 πως
1691 3005 1755 3058 ἂν

214 3078 325 3165 ξνια
366 3078 500 3146 γοῦν
552 3081 663 3136 τῶν
719 3083 845 3154 τῇδε
909 3085 1257 3157 πολισμάτων
1312 3097 1756 3165 παραστήσασθαι

212 3164 485 3239 δυνηθείη.
531 3169 716 3226 Ταῦτα
745 3173 803 3228 δὲ
836 3175 987 3246 αὐτῷ
1021 3177 1282 3249 πράττειν
1336 3164 1401 3237 ὲκ
1424 3184 1519 3237 τοῦ
1577 3188 1758 3257 ὲμερα-

1374 536 1899 600 HISTORIARUM
1936 542 2164 602 LIBER
2188 543 2271 602 II.

192 652 324 714 sors
351 637 592 707 βασιλέα,
643 638 736 692 καὶ
782 638 927 695 ἅπαν
963 642 1231 707 τὸηέθνος,
1276 636 1574 715 κατηκόοῖις
1599 646 1754 710 δντας

1857 650 2161 705 universam
2195 659 2429 721 gentem,
2462 651 2729 707 subditam
2762 653 2864 709 sibi
2908 660 2962 709 et
2996 653 3304 710 benevolani
3344 670 3400 714 et

3266 544 3400 609 1370

1849 743 2154 797 communis
2176 742 2455 812 religionis
2485 743 2768 813 cultusque
2794 745 2960 799 divini
2994 760 3130 799 nexu
3174 750 3400 817 conjun-

1848 840 2013 897 ctam,
2053 832 2301 887 deserere
2346 847 2448 888 nec
2493 850 2701 905 acquum
2730 850 2830 890 nec
2874 836 3077 904 justum
3115 840 3405 907 censebat;

1848 911 1980 991 quin
2011 925 2192 992 potius
2220 924 2474 979 omnibus
2504 925 2713 981 viribus
2742 925 2926 987 hostes
2958 943 3117 997 quam
3141 928 3401 986 citissime

1849 1012 2133 1083 proﬂigare
2166 1015 2421 1070 tentabat.
2448 1014 2751 1086 Reputabat
2779 1018 2920 1071 enim
2951 1033 3072 1072 cum
3098 1019 3276 1074 animo
3302 1035 3403 1075 suo

1848 1113 1903 1160 et
1921 1106 2225 1172 verebatur,
2254 1121 2321 1160 ne
2347 1107 2397 1160 si
2416 1105 2597 1162 Persae
2629 1107 2769 1176 bello
2807 1107 3104 1171 vincerent,
3154 1110 3287 1163 nihil
3314 1112 3398 1166 eis

1850 1194 2236 1265 impedimento
2266 1195 2506 1251 futurum
2546 1208 2711 1263 esset,
2748 1198 3041 1267 quominus
3079 1214 3174 1268 per
3231 1199 3399 1255 Euxi-

1849 1301 1980 1341 num
2018 1296 2245 1354 pontum
2292 1287 2427 1343 citra
2453 1288 2622 1342 ullum
2667 1297 2868 1343 metum
2903 1290 3218 1358 navigantes
3264 1293 3402 1345 inte-

1849 1378 1993 1433 riora
2041 1376 2272 1433 Romani
2315 1379 2525 1448 imperii
2570 1378 2688 1431 loca
2729 1380 3099 1448 pervaderent.
3136 1379 3400 1447 Quocirca

1850 1468 2147 1524 maximum
2174 1470 2672 1539 validissimumque
2715 1472 3011 1524 exercitum
3064 1472 3137 1525 ibi
3183 1473 3398 1537 locavit,

1850 1560 2433 1630 praestantissimaeque
2457 1561 2620 1615 duces
2652 1560 2701 1612 ei
2740 1558 3001 1628 praefecit.
3033 1559 3225 1615 Bcssas
3255 1562 3397 1615 enim

1850 1658 1903 1703 et
1936 1648 2198 1703 Martinus
2226 1657 2281 1704 et
2301 1649 2471 1706 Buses
2499 1650 2547 1704 ei
2575 1662 2857 1721 praerant,
2886 1650 2988 1703 viri
3019 1652 3400 1719 spectatissimi

1850 1751 1904 1795 et
1930 1740 2296 1810 frequentibus
2324 1742 2524 1811 prmliis
2560 1742 3013 1798 exercitatissimi.
3055 1741 3250 1798 Missus
3275 1760 3403 1798 vero

1850 1845 1935 1889 est
1969 1832 2130 1887 etiam
2155 1830 2402 1889 Justinus
2433 1832 2687 1889 Germani
2725 1834 2888 1901 ﬁlius,
2933 1834 3220 1889 admodum
3250 1835 3404 1905 105

1852 1923 2069 1995 quidem
2105 1924 2195 1979 ille
2224 1924 2403 1980 adhuc
2420 1923 2657 1996 juvenis,
2686 1926 2778 1982 sed
2792 1926 2906 1997 jam
2936 1935 3052 1981 tum
3088 1926 3404 1983 bellicarum

1851 2031 2033 2070 rerum
2062 2017 2290 2086 peritus.

1922 2107 2008 2163 19.
2050 2107 2373 2163 Mermeroes
2405 2115 2586 2164 autem
2616 2106 2902 2164 Persarum
2941 2106 3051 2162 dux
3085 2122 3208 2162 cum
3243 2117 3403 2163 antea

1852 2197 1935 2253 bis
1962 2200 2027 2265 in,
2049 2199 2442 2269 Arcbazopolim
2475 2201 2734 2269 impetum
2766 2198 3000 2265 fecisset,
3041 2199 3292 2268 repulsus
3322 2208 3405 2253 est

1853 2289 2066 2359 aliaque
2115 2290 2371 2344 nonnulla
2414 2291 2610 2361 gessit,
2658 2306 2780 2359 qua:
2839 2290 3053 2360 quidem
3099 2298 3398 2358 praetereo:

1854 2379 2284 2450 quandoquidem
2313 2379 2608 2450 Procopius
2643 2381 2827 2435 rhetor
2854 2381 3065 2435 abunde
3083 2380 3195 2435 hinc
3222 2395 3287 2435 eo
3310 2394 3402 2435 us-
3430 2405 3437 2411 -

1854 2486 1959 2543 que
1982 2470 2323 2540 conscripsit.
2356 2469 2507 2526 Tunc
2538 2471 2720 2540 itaque
2753 2486 2944 2526 rursus
2976 2471 3120 2540 (nam
3149 2471 3273 2523 hinc
3314 2484 3404 2523 or-

1807 2586 1813 2592 -
1856 2563 2022 2617 dienti
2068 2563 2224 2629 mihi,
2271 2578 2393 2633 quae
2443 2571 2761 2632 sequuntur,
2805 2572 2931 2616 sunt
2971 2562 3291 2631 coaptanda)
3337 2561 3401 2616 ad

1856 2651 2189 2706 Muchirisim
2228 2660 2281 2707 et
2306 2651 2612 2706 Cotaesium
2641 2651 3103 2720 propugnaculum
3144 2651 3402 2720 pervenit,

1853 2756 1919 2795 eo
1952 2742 2197 2806 consilio,
2229 2748 2289 2795 ut
2320 2738 2628 2794 diﬂicultate
2656 2740 2921 2804 locorum,
2956 2754 3077 2809 qua
3108 2748 3231 2793 sunt
3258 2741 3403 2793 circa

1856 2831 2149 2901 Telephim,
2176 2839 2574 2901 praetergressa,
2617 2829 2683 2884 ad
2708 2827 2993 2883 Phasidem
3032 2828 3249 2881 ﬂuvium
3281 2844 3404 2897 per-

1857 2922 2106 2993 tingeret,
2134 2922 2503 2992 Romanisque
2522 2921 2801 2991 inopinato
2830 2919 3000 2989 ipsius
3032 2920 3257 2974 adventu
3284 2934 3406 2988 per-

1858 3014 2046 3079 culsis,
2084 3021 2330 3078 tentaret,
2369 3012 2415 3068 si
2459 3027 2563 3083 qua
2591 3011 2801 3067 ratione
2840 3010 3059 3067 castella
3103 3010 3308 3079 aliquot
3349 3010 3402 3061 in

1858 3114 2175 3177 potestatem
2201 3119 2353 3160 suam
2380 3103 2621 3173 redigere
2638 3110 2861 3173 posset:
2889 3102 3032 3172 quod
3054 3101 3270 3172 quidem
3302 3100 3403 3168 ipsi

1860 3206 2042 3267 aperte
2076 3204 2329 3262 rectaque
2344 3193 2434 3247 .via
2467 3194 2776 3261 procedenti
2808 3202 2972 3262 atque
3012 3193 3238 3247 irruenti
3270 3192 3407 3246 ditii-

212 3256 331 3354 νοῦς
364 3262 714 3354 πορευομένῳ
744 3266 840 3320 καὶ
869 3268 1074 3324 ἐπιόντι
1133 3272 1391 3342 ἀμήχανα
1448 3271 1535 3345 ἦν.
1600 3256 1757 3350 Μαρ-

1856 3256 2118 3345 cillimum
2169 3256 2311 3341 factu
2367 3256 2576 3340 fuisset.
2633 3256 2898 3339 Martinus
2934 3286 3078 3339 enim
3122 3284 3407 3354 praefectus

212 3348 351 3411 τίνος
392 3349 506 3422 γὰρ
532 3354 562 3405 6
603 3356 903 3425 στρατηγὸς
948 3356 1065 3428 ἅμα
1094 3362 1159 3433 τῇ
1207 3363 1345 3430 ἀμφ’
1400 3365 1560 3417 αὑτὸν
1591 3348 1756 3437 στρα-

211 3439 320 3509 114-
343 3440 405 3505 ἐς
448 3441 550 3514 τὴν
604 3443 839 3517 Τήλεφιν
892 3449 1172 3521 ἱδρυμένος
1198 3453 1491 3527 (φρούριον
1516 3457 1573 3510 δὲ
1602 3459 1759 3514 τοῦτο

213 3532 482 3623 ξαρτερόν
522 3551 584 3589 τε
633 3537 726 3591 καὶ
762 3539 1142 3613 ἐχυρώτατον),
1193 3545 1539 3616 διεφύλαττεν
1563 3551 1759 3623 ἐπιμε-

212 3619 444 3679 λέστατα
471 3625 571 3691 τὰς
623 3630 878 3694 εἰσόδους.
927 3633 1082 3688 Ἐστι
1114 3634 1170 3689 δὲ
1208 3637 1302 3690 κα)⁸
1349 3638 1526 3703 ἄλλως
1562 3641 1623 3694 τὺ
1651 3619 1759 3712 γω-

218 3716 327 3787 ρίον
358 3718 623 3777 δύσδατόν
647 3740 708 3776 τε
728 3724 823 3777 καὶ
845 3725 1161 3796 ἀπρόσοδον.
1190 3731 1474 3801 Φάραγγές
1496 3751 1558 3786 τε
1580 3736 1689 3804 γὰρ
1710 3736 1763 3767 ⁸⁸

214 3808 309 3862 καὶ
361 3812 560 3883 πέτραι
619 3815 994 3886 ἀπεῤῥωγυῐαι
1050 3822 1143 3875 καὶ
1200 3822 1258 3886 ἐς
1324 3824 1561 3896 ἀλλήλας
1634 3828 1758 3881 επι-

215 3900 526 3991 κλινόμεναι
560 3907 897 3978 πενωτάτην
957 3910 1198 3981 ἀτεχνῶς
1246 3915 1345 3987 τὴν
1395 3917 1769 3991 ὑποκειμένην

216 3990 456 4061 ἀτραπὸν
486 3992 816 4052 ἐκτελοῦσιν.
862 3997 1114 4064 Ἀλλοθεν
1166 4000 1223 4055 δὲ
1260 4006 1360 4058 οὐκ
1430 4006 1574 4060 ἐστιν
1626 3990 1763 4077 ὁτῳ-

214 4080 308 4135 οὗν
355 4083 655 4154 είσιτητὲα.
704 4087 787 4141 Τὰ
825 4089 933 4160 γὰρ
970 4091 1201 4162 ἐχόμενα
1247 4096 1403 4149 πεδία
1451 4098 1646 4169 ἰλυώδη
1696 4098 1760 4167 γέ

216 4174 319 4227 εἰσι
373 4174 565 4237 δεινῶς
592 4177 686 4231 καὶ
730 4179 1066 4255 τελματώδη,
1111 4184 1308 4256 λόχμαι
1346 4204 1405 4240 τε
1438 4188 1643 4241 δασεῖαι
1665 4190 1760 4242 καὶ

215 4262 409 4350 δρυμοὶ
470 4266 520 4300 ⁸⁸
549 4266 850 4338 ἀνέχουσιν,
882 4273 959 4336 ὡς
984 4276 1079 4353 καὶ
1123 4276 1207 4329 ἑνὶ
1257 4278 1429 4348 ἀνδρὶ,
1457 4280 1552 4332 καὶ
1588 4278 1761 4350 τούτῳ

217 4356 453 4430 εὐζώνῳ,
501 4359 703 4430 ἄπορον
726 4353 864 4414 εἶναι
912 4362 974 4415 τὸ
1020 4369 1226 4437 χρῆμα,
1280 4373 1353 4440 μή
1396 4369 1477 4424 τοί
1519 4386 1582 4437 γε
1620 4368 1761 4441 πλή-

218 4445 365 4533 θεσιν
399 4449 780 4520 ὡπλισμένοις.
830 4451 976 4524 Πλὴν
1004 4456 1139 4510 ἀλλά
1172 4460 1266 4513 καὶ⁵
1311 4458 1388 4523 ὣς
1410 4462 1460 4514 οἱ
1502 4461 1761 4533 Ῥωμαῖοι

189 4528 368 4600 ,οὗδὲν
395 4539 457 4597 ⁸⁷,
499 4540 679 4596 ὁτιοῦν
728 4543 891 4597 πόνου
944 4544 1203 4609 ἀνιέντες,
1249 4549 1301 4601 εί
1343 4548 1444 4603 πού
1503 4567 1559 4603 τι
1604 4528 1763 4621 εὖρον

1862 3394 1986 3436 cum
2029 3378 2147 3434 suis
2187 3364 2355 3446 copiis
2380 3374 2637 3444 Telephin
2684 3373 2927 3429 insidens
2954 3376 3059 3442 (est
3098 3382 3276 3426 autem
3304 3373 3407 3427 hoc

1858 3468 2097 3524 validum
2148 3465 2679 3531 munitissimumque
2725 3458 3229 3533 pr0pugnacnlum),
3282 3460 3406 3514 dili-

1861 3561 2173 3633 gentissime
2195 3557 2372 3614 aditus
2401 3556 2652 3612 tuebatur
2678 3572 2692 3609 :
2720 3562 2774 3610 et
2796 3564 2877 3609 est
2899 3553 3097 3625 alioqui
3120 3553 3269 3607 locus
3292 3552 3407 3622 ipse

1862 3667 2084 3708 accessu
2114 3640 2495 3707 diﬂicillimtrs;
2510 3646 2643 3702 Nam
2684 3656 2738 3702 et
2775 3646 3069 3717 praecipitia
3100 3652 3155 3700 et
3198 3658 3405 3714 praeru-

1863 3751 1966 3811 ptas
2004 3751 2166 3811 petrae
2211 3741 2265 3793 in
2315 3753 2374 3794 se
2418 3738 2607 3791 mutuo
2649 3744 2927 3805 vergentes
2973 3733 3408 3804 augustissimam

1861 3832 2020 3903 plane
2048 3830 2347 3900 subiectam
2395 3829 2444 3883 ei
2471 3826 2901 3889 viantemciunt,
2950 3838 3121 3891 neque
3149 3824 3253 3877 alia
3297 3823 3409 3876 ulla

1861 3939 1929 3977 ex
1966 3931 2118 3993 parte
2150 3921 2401 3991 cuiquam
2450 3919 2626 3972 aditus
2672 3922 2835 3984 patet.
2876 3912 3235 3981 Circumjecti-
3259 3914 3412 3967 enim

1861 4013 2037 4081 campi
2064 4022 2190 4066 sunt
2218 4009 2562 4063 vehementer
2598 4004 2861 4074 palustres
2886 4017 2941 4057 et
2968 4002 3168 4065 limosi,
3209 4002 3406 4071 quibus

1860 4101 2013 4155 densi
2044 4101 2214 4155 saltus
2257 4107 2310 4152 et
2342 4109 2563 4167 nemora
2607 4094 2911 4157 imminent,
2954 4094 3086 4147 adeo
3116 4102 3175 4146 ut
3196 4092 3278 4147 vel
3310 4093 3417 4146 uni

1863 4191 2023 4247 alicui
2071 4191 2227 4260 eique
2263 4187 2516 4257 expedito
2550 4186 2784 4242 diliicilis
2832 4186 2902 4242 sit
2948 4184 3208 4240 transitus
3238 4204 3251 4240 ι
3286 4195 3407 4239 tan-

1864 4294 1977 4340 tum
2035 4284 2186 4338 abest
2210 4281 2370 4352 106
2404 4279 2628 4335 armatis
2680 4276 3001 4348 agminibus.
3058 4275 3161 4330 Sed
3209 4292 3275 4353 ne
3328 4278 3407 4332 sic

1866 4377 2083 4447 quidem
2109 4373 2339 4427 Romani
2372 4372 2541 4425 ullum
2569 4370 2806 4425 laborem
2838 4368 3323 4435 praetermittentes,
3361 4369 3409 4421 si

1865 4478 2024 4533 quem
2076 4459 2285 4529 uspiam
2324 4457 2713 4527 comperissent
2757 4453 2932 4507 locum
2981 4468 3171 4522 parum
3212 4463 3419 4516 tutum,

1865 4557 2065 4626 quique
2108 4553 2381 4607 videretur
2410 4549 2631 4606 transiri
2677 4561 2857 4617 posse,
2912 4562 3035 4602 eum
3086 4546 3309 4601 sudibus
3354 4554 3414 4598 et

218 4626 325 4681 τῶν
376 4629 558 4683 τόπων
604 4633 869 4705 σφαλερόν
918 4650 975 4687 τε
1003 4636 1096 4689 καὶ
1148 4635 1397 4709 βάσιμον,
1443 4640 1638 4705 αὐτίκα
1675 4640 1757 4705 ξύ-

1867 4640 2014 4694 saxis
2044 4638 2418 4704 obstruebant,
2467 4634 2789 4702 assidueque
2829 4634 2976 4704 operi
3005 4643 3161 4688 erant
3192 4632 3402 4687 intenti.

220 4719 328 4783 λοις
382 4735 443 4771 τε
467 4719 562 4773 καὶ
584 4720 752 4786 λίθοις
774 4725 1185 4796 πριέφραττον,
1215 4728 1311 4781 καὶ
1356 4726 1502 4797 θαμὰ
1526 4730 1584 4779 ἐν
1619 4731 1765 4781 τοῖσ-

219 4807 275 4861 δε
306 4806 591 4878 ἐμόχθουν.
630 4812 1053 4885 Διαπορουμένῳ
1097 4814 1161 4886 δὴ
1202 4812 1294 4869 οὖν
1350 4816 1407 4867 ὲν
1460 4816 1573 4878 τοῖς
1624 4833 1764 4888 παρ-

220 4899 336 4954 οῦσι
382 4898 463 4969 τῷ
522 4900 816 4973 Μερμερόῃ
879 4904 975 4957 καὶ⁵
1040 4902 1265 4959 πλεῖστα
1326 4904 1763 4978 διαλογιζομένῳ,

222 4989 527 5062 προσῆλθεν
598 4984 1060 5058 διανοεῖσθαι,’ώς
1108 4994 1165 5048 εί
1211 5012 1276 5065 γε
1325 4996 1591 5068 δτῳδηοῦν
1644 4999 1768 5067 τρό-

224 5101 310 5154 πῳ
358 5082 598 5138 διαλύσοι
646 5083 694 5116 ⁸⁸
731 5082 831 5151 τὴν
860 5070 1102 5179 (ᾕρουρῷ
1146 5087 1254 5142 τῶν
1314 5088 1616 5157 Ῥωμαίων,
1672 5090 1769 5142 καὶ

228 5174 404 5246 ἡρέμα
445 5172 734 5241 ἀπώσοιτο,
762 5173 823 5226 οὐ
852 5172 1083 5245 πάμπαν
1110 5177 1260 5249 αὐτῷ
1285 5179 1354 5232 τὰ
1400 5180 1458 5242 ἐς
1492 5176 1590 5247 τὴν
1647 5178 1766 5233 διά-

226 5264 381 5318 ϐασιν
434 5252 517 5338 [Ρ.
546 5262 660 5336 57.]
691 5264 926 5335 ἀνήνυτα
979 5265 1152 5324 ἔσται.
1203 5270 1478 5342 Πολεμίων
1512 5270 1611 5341 μὲν
1654 5270 1763 5342 γὰρ

1866 4732 2167 4802 Ambigenti
2208 4732 2389 4801 itaque
2425 4729 2573 4783 hisce
2611 4728 2664 4782 in
2712 4728 2877 4782 rebus
2922 4728 3199 4782 Mermeroi
3243 4726 3409 4795 pluri-

1870 4841 2064 4895 maque
2088 4842 2268 4883 secum
2304 4822 2598 4893 reputanti,
2638 4822 2753 4877 haec
2790 4822 3049 4893 cogitatio
3090 4823 3143 4875 in
3175 4828 3409 4873 mentem

1867 4919 2034 4985 venit,
2064 4919 2109 4975 si
2133 4929 2450 4989 quacunque
2473 4914 2686 4969 ratione
2710 4915 3017 4985 praesidium
3042 4914 3415 4967 Romanorum

1868 5011 2073 5064 solvere
2122 5007 2429 5075 sensimque
2466 5020 2745 5060 removere
2781 5013 2979 5074 posset,
3037 5016 3140 5054 non
3187 5000 3415 5053 omnino

1867 5102 2079 5154 irritum
2126 5098 2227 5153 sibi
2272 5096 2534 5151 transitus
2577 5097 2661 5150 sui
2712 5104 2962 5150 conatum
2995 5092 3126 5145 fore.
3156 5089 3412 5146 Hostibus

1863 5187 2007 5240 enim
2041 5182 2259 5238 assidue
2295 5181 2415 5237 loco
2455 5181 2836 5245 insidentibus,
2871 5177 2984 5233 ﬁeri
3036 5191 3141 5231 non
3177 5186 3409 5247 poterat,

1863 5282 1921 5327 ut
1961 5271 2240 5340 utriusque
2279 5269 2504 5325 voti'sui
2535 5284 2755 5338 compos
2801 5267 2969 5321 ﬁeret.
3001 5262 3111 5320 lllis
3153 5280 3281 5321 vero
3318 5279 3409 5319 re-

1483 5440 1713 5496 VARl/E
1756 5438 2159 5497 LECTIONES.

299 5616 345 5649 ⁸⁸
379 5615 508 5696 Post
552 5618 934 5696 ὁμογνώμονας
985 5619 1382 5696 lacunaufuerat
1428 5620 1502 5696 in.
1521 5620 1565 5673 R
1585 5635 1752 5696 usque
1770 5619 1834 5673 ad
1854 5618 1992 5696 ουδὲ,
2028 5618 2085 5696 in_
2100 5634 2259 5696 _qua_‘
2277 5616 2536 5696 recentior
2561 5630 2749 5696 manus
2777 5616 3023 5696 scripsit:
3047 5613 3236 5696 ἐδόκει;
3266 5618 3331 5696 εξ.
3356 5608 3411 5696 in

233 5701 406 5807 manii
422 5681 597 5769 εἶναι(
654 5681 697 5723 ⁸⁸
728 5681 866 5759 ἀμφὶ
910 5690 1011 5742 ἀνά
1059 5708 1107 5745 τ.
1148 5688 1353 5754 ΕὓξᾸῖ.
1429 5691 1473 5721 ⁸ο
1513 5681 1695 5759 στράῦ.
1734 5706 1793 5741 τε
1820 5689 1950 5777 μέγ.
1979 5681 2035 5740 κ.
2064 5681 2186 5740 ἁλὲι.
2225 5686 2286 5749 Β,
2337 5686 2553 5769 στράτκ

234 5759 324 5807 καὶ
412 5754 514 5807 .δε
557 5774 617 5807 τε
673 5760 767 5807 καὶ
795 5759 937 5807 vuln-
1008 5758 1053 5790 ⁸⁸
1094 5759 1459 5807 ’Δοναιοπόλει
1516 5758 1788 5807 ILanL.
1841 5757 2163 5807 Αοναιπόλει
2184 5758 2303 5807 edd.
2379 5754 2424 5785 ⁸³
2464 5755 2553 5807 ὲγιι

234 5759 324 5809 καὶ
347 5746 427 5829 Β,
557 5774 635 5829 τε
673 5746 937 5827 καῖ’νήιε.
1007 5758 1053 5829 ξ’
1094 5746 1459 5829 ’Δρχᾶιοπόλει
1516 5746 1788 5829 |{,'Lugd.,
1820 5746 2303 5829 Ἀρχαιπόλειειιεί.
2353 5746 2438 5829 βξ
2464 5746 2576 5829 ἐγώ
2617 5746 2680 5829 [ἱ.
2724 5772 2822 5829 που
2853 5755 2971 5829 add:
3007 5768 3082 5829 es
3234 5746 3288 5829 ’ζ
3304 5746 3412 5829 Ορ-

2564 5685 2686 5753 μέγ.
2722 5702 2782 5739 τε
2818 5678 3037 5740 κ.’ἀλκ.
3074 5681 3269 5753 v_ulg.__
3292 5678 3412 5753 '15:

484 5824 665 5903 lingis
683 5812 784 5903 ρέα,2
809 5812 1067 5903 ηΙηῖίιιειίω
1087 5812 1335 5903 oppidum
1366 5812 1577 5900 regium,
1617 5812 1819 5903 Ῠὴυγὰρ.
1974 5825 2039 5881 Κ.
2113 5828 2157 5858 ⁸⁸
2187 5824 2375 5896 δρυμοὶ
2402 5821 2487 5885 3.,
2504 5812 2848 5896 ’δρυμὰονυΙςκ
2922 5822 2964 5853 ⁸⁷
2992 5820 3140 5873 οὐδέν
3161 5834 3210 5870 τι
3233 5812 3322 5871 οὖν
3342 5817 3407 5871 Ii.

237 5893 281 5969 Ψ
299 5894 535 5949 autem
555 5896 636 5951 Cl.
649 5938 663 5963 ,
684 5898 917 5951 διαλύσει
950 5897 993 5950 ιι
1008 5908 1059 5952 et
1080 5893 1224 5969 vulg.
1237 5929 1266 5941 ν
