4032 6336
672 491 795 552 1371

1827 503 2174 563 AGATHUE
2200 502 2674 566 SCIIOLASTICI

3606 133 3984 210 Ἦ

3730 494 3852 571 1372

667 605 1003 659 iiiissiuribus
1034 605 1207 671 factis,
1239 624 1361 662 cunt
1403 610 1453 664 id
1483 609 1658 666 solum
1704 612 2117 684 relinqueretur,
2156 625 2204 670 ut

2310 615 2388 686 τῷ
2418 614 2579 686 χώρῳ
2622 612 3036 684 ένδελεχέστατα
3061 612 3476 684 ἐφεδρενόντων,
3525 613 3624 684 οὐχ
3656 612 3767 668 οἷόν
3793 636 3847 670 τε

672 695 911 747 locorum
950 694 1223 763 iniquitati
1252 697 1578 765 mederetur,
1615 710 1670 753 et
1695 700 1927 757 ditlicilis
1958 705 2215 759 transitus

666 784 860 837 itinera
892 786 1071 851 pervia
1104 785 1376 853 redderet;
1407 788 1459 842 id
1486 789 1538 842 ei
1567 805 1673 843 non
1703 791 1992 847 admodum
2018 793 2217 861 impos-

665 876 822 928 sibile
852 875 995 929 factu
1028 876 1325 932 videbatur.
1353 879 1615 949 Sperabat
1641 885 1806 947 enim,
1832 884 2013 937 excisa
2040 885 2216 939 subla—

665 974 824 1032 taque
862 966 912 1018 vi
945 981 1199 1019 manuum
1234 966 1387 1027 silva.
1439 969 1885 1041 obstantibusque
1914 972 2081 1040 petris
2123 988 2214 1026 ett-

662 1055 887 1118 cavatis,
935 1070 992 1108 se
1043 1071 1148 1110 non
1197 1058 1478 1113 diflicultcr
1520 1062 1895 1116 transiturum.
1949 1062 2212 1127 Quocirca

663 1156 742 1207 ut,
772 1160 892 1214 qua:
922 1147 1102 1199 animo
1133 1158 1474 1217 conceperat,
1507 1151 1810 1219 perﬁceret,
1839 1151 2211 1222 hujuscemodi

666 1236 909 1289 fraudem
947 1237 1287 1305 excogitavit.
1338 1238 1627 1294 Simulavit
1666 1255 1727 1296 se
1770 1251 1988 1312 repente
2023 1244 2214 1297 morbo

663 1336 965 1396 correptum
1000 1328 1147 1397 gravi
1179 1328 1381 1396 pariter
1412 1338 1467 1384 et
1502 1330 1811 1387 incurabili.
1848 1334 2214 1389 Decumbebat
2242 1399 2245 1403 ι

664 1417 841 1487 itaque
866 1433 1130 1471 summam
1168 1421 1538 1487 mgritudinem
1574 1438 1681 1491 pra:
1709 1439 1770 1479 se
1800 1423 1997 1489 ferens,
2028 1434 2081 1478 et
2102 1423 2212 1479 for-

665 1520 847 1562 tunam
882 1524 1031 1563 suam
1064 1509 1381 1565 lamentans.
1418 1511 1620 1566 Rumor
1649 1514 1736 1568 hic
1770 1515 1952 1569 statim
1996 1516 2213 1570 univer-

662 1615 780 1653 sum
828 1602 1122 1655 exercitum
1167 1611 1248 1655 est
1276 1614 1615 1672 pervagatus,
1654 1603 1962 1672 prmfectum
2006 1607 2213 1677 gravis-

658 1690 794 1743 sime
813 1700 1070 1758 aegrotare
1094 1705 1267 1759 neque
1281 1691 1436 1761 107
1456 1694 1544 1746 diu
1564 1694 2016 1763 supervicturum.
2040 1696 2212 1752 Porro

658 1778 735 1830 rei
762 1778 927 1846 ipsius
957 1778 1151 1833 veritas
1184 1793 1295 1843 eos,
1328 1780 1421 1847 qui
1451 1795 1643 1849 operas
1685 1798 1812 1839 suas
1842 1786 2095 1842 hostibus
2126 1786 2211 1839 lo-

657 1880 783 1923 cant
809 1869 1033 1922 consilia
1057 1884 1278 1923 suorum
1308 1870 1583 1939 prodendo
1603 1883 1656 1928 et
1676 1889 1874 1930 arcana
1902 1877 2207 1933 clanculum

2312 701 2381 776 ῆν
2410 705 2527 775 ἅμα
2611 706 2932 775 ἀμφοτέρων
2991 704 3060 770 ³⁸,
3140 706 3410 774 κρατῆσαι
3443 719 3461 735 ο
3519 702 3740 757 ἐκείνων
3797 707 3847 759 δὲ

2311 793 2587 858 ἀνιέντων,
2632 792 2767 846 άλλά
2809 792 2976 863 μόνην
3032 807 3097 858 γε
3153 791 3255 861 τὴν
3306 792 3608 862 δυσχωρίαν
3660 794 3847 848 ἀκέσα-

2313 887 2457 949 σθαι,
2512 887 2605 940 καὶ
2651 886 2711 939 τὸ
2758 884 3084 955 δυσέμϐολον
3113 884 3213 954 τῆς
3257 885 3484 954 πορείας
3536 886 3594 949 ἐς
3648 884 3713 937 τὺ
3761 884 3842 937 εὐ-

2310 978 2495 1047 έφοδον
2523 978 2567 1011 “
2594 977 2936 1046 ἀμωσγέπως
2970 974 3367 1045 μετασκευάσαι
3395 978 3454 1028 ού
3486 974 3602 1030 λίαν
3620 974 3845 1029 ἀδύνατα

2308 1064 2449 1124 εῖναι
2493 1068 2536 1101 ⁸⁸
2592 1068 2789 1139 ἠγεῖτο.
2836 1063 3067 1131 Ἤλπιζε
3109 1064 3217 1137 γὰρ
3259 1064 3359 1135 τὴν
3394 1064 3526 1137 ὕλην
3576 1067 3845 1135 ἐκτέμνων

2308 1162 2374 1229 τῇ
2431 1155 2750 1227 πολυχειρίᾳ
2798 1155 2892 1209 καὶ
2922 1153 3321 1226 ἀνακαθαίρων,
3353 1154 3449 1207 καὶ
3498 1154 3603 1209 τῶν
3636 1152 3843 1223 πετρῶν

2307 1250 2389 1303 ὅτι
2417 1248 2666 1314 ἀντίξουν
2722 1245 3095 1301 διακολάπτων
3148 1245 3245 1299 καὶ
3281 1243 3738 1315 παραιρούμενος,
3783 1245 3840 1297 οὐ

2307 1338 2554 1408 χαλεπῶς
2585 1324 2953 1406 διαϐήσεσθαι.
2972 1336 3060 1398 Ὠς
3090 1335 3157 1388 ἂν
3174 1329 3269 1387 οὖν
3292 1334 3465 1389 ταῦτα
3483 1331 3838 1404 διαπράξοιτο,

2309 1428 2518 1482 ἐπενόει
2549 1425 2724 1479 τοιάδε
2749 1441 2765 1456 ο
2799 1425 3099 1495 ἐσκήπτετο
3140 1422 3335 1493 ἀθρόον
3381 1423 3519 1497 νόσῳ
3560 1424 3664 1477 τινὶ
3706 1426 3840 1494 δεινῇ

2306 1534 2367 1571 τε
2401 1516 2493 1571 καὶ
2518 1514 2801 1588 ἀνηκέστῳ
2851 1516 2896 1547 ⁶¹
2930 1512 3253 1576 ἑαλωκέναι,
3296 1513 3392 1566 καὶ
3421 1510 3516 1567 οὖν
3545 1513 3841 1568 ἀνεκέκλιτο

2305 1607 2582 1677 δυσφορῶν
2605 1605 2765 1676 δῆθεν
2794 1604 2888 1659 καὶ
2911 1602 3191 1673 ἀσχάλλων
3228 1602 3323 1657 καὶ
3354 1603 3417 1656 τὸ
3449 1603 3721 1673 ξυμπεσδν
3742 1604 3843 1655 ὀλο-

2308 1697 2607 1767 φυρόμενος
2622 1710 2635 1724 ·
2653 1694 2681 1747 ὅ
2700 1710 2759 1747 τε
2780 1693 2935 1761 λόγος
2957 1687 3109 1757 οὗτος
3138 1692 3243 1747 άνά
3266 1694 3372 1747 πᾶν
3397 1693 3586 1747 αὐτίκα
3610 1692 3841 1760 ἐφοίτα⁶³

2303 1786 2366 1839 τὸ
2402 1786 2709 1858 στράτευμα
2732 1826 2748 1850 ,
2780 1783 2854 1848 ὡς
2886 1786 2915 1837 ὁ
2971 1783 3272 1855 στρατηγὸς
3323 1785 3569 1853 πονήρως
3622 1798 3684 1835 τε
3713 1782 3839 1851 ἔχοι,

2309 1878 2402 1930 καὶ
2446 1877 2568 1929 ὅσον
2596 1874 2747 1928 οὔπω
2774 1874 3053 1935 ἀπολεῖται
3079 1891 3093 1907 ο
3141 1876 3301 1938 ὅσους
3325 1891 3387 1928 τε
3424 1874 3470 1907 ⁸⁸
3496 1873 3671 1927 αὐτῶν
3715 1874 3837 1943 ήρε-

658 1958 1058 2028 patefaciettdo,
1104 1959 1322 2015 latebat.
1374 1960 1795 2020 Accuratissime
1829 1966 1976 2019 enim
2029 1966 2204 2021 consi-

2307 1983 2435 2019 σκεν
2464 1966 2775 2036 μισθαρνεῖν
2805 1966 2917 2028 τοῖς
2961 1964 3221 2029 ἐναντίοις
3257 1964 3351 2018 ἐπὶ
3390 1966 3456 2035 τῇ
3493 1962 3599 2017 τῶν
3634 1962 3842 2015 οίκείων

656 2050 789 2104 lium
844 2050 1140 2113 celabatur,
1197 2060 1250 2105 et
1298 2066 1535 2106 neeum
1597 2054 1941 2111 amicissimis
1991 2058 2205 2125 quidem

655 2140 1182 2206 comntunicabatur;
1237 2140 1368 2197 solis
1416 2157 1544 2198 vero
1582 2146 1933 2212 rumoribus,
1979 2148 2073 2216 qui
2115 2163 2209 2216 per

656 2236 1050 2288 multitudinem
1085 2234 1623 2302 circumferebantur,
1659 2239 1893 2311 decepti.
1929 2242 1979 2296 id
2009 2241 2207 2297 Roma-

657 2326 742 2379 nis
792 2326 1139 2391 nuntiarunt;
1192 2328 1282 2396 qui
1320 2327 1537 2397 quidem
1577 2328 1733 2385 facile
1779 2342 1907 2388 sunt
1936 2334 2203 2403 persuasi,

654 2426 915 2480 nontam,
952 2418 1203 2483 arbitror,
1240 2420 1449 2482 nuntio,
1480 2435 1644 2489 quam
1685 2424 1833 2492 quod
1877 2423 1931 2477 id
1971 2426 2206 2480 maxime

653 2520 794 2564 esset
824 2526 889 2563 ex
921 2509 1161 2578 ipsorum
1186 2511 1355 2564 animi
1387 2512 1674 2567 sententia.

724 2688 812 2743 9.0.
856 2688 1050 2742 Statim
1085 2688 1260 2759 itaque
1281 2702 1587 2745 accuratam
1619 2692 1760 2747 illam
1787 2694 2204 2763 continuamque

654 2795 836 2833 curam
870 2780 1113 2834 laxantes
1158 2795 1223 2834 ac
1263 2782 1625 2843 remittentes,
1677 2784 1895 2852 segnius
1933 2785 2203 2839 custodias

654 2866 902 2935 agebant.
930 2864 1121 2919 Paucis
1154 2873 1273 2933 post
1295 2864 1487 2922 diebus
1512 2866 1833 2923 Mermeroes
1862 2871 2022 2924 etiam
2055 2886 2200 2924 mor-

654 2968 758 3009 tem
786 2955 983 3009 obiisse
1027 2956 1325 3010 nuntiatur.
1369 2955 1662 3012 Occulebat
1706 2958 1850 3013 enim
1898 2974 1956 3015 se
1986 2960 2097 3029 ipse
2145 2962 2198 3015 in

652 3047 880 3116 quadam
926 3046 1272 3111 domuncula,
1316 3048 1451 3101 adeo
1488 3060 1544 3101 ut
1590 3052 1749 3103 etiam
1798 3050 1937 3118 apud
1984 3051 2200 3106 intimos

654 3153 873 3190 suorum
925 3137 1267 3190 familiarium
1309 3153 1373 3191 ea
1420 3137 1602 3207 opinio
1629 3139 1872 3194 valuerit.
1905 3137 2040 3193 Tum
2075 3156 2202 3196 vero

651 3239 703 3283 et
733 3228 947 3296 quidem
982 3227 1152 3298 magis
1193 3242 1654 3297 supervacaneum
1680 3230 1856 3284 visum
1894 3239 1975 3284 est
1996 3230 2197 3286 Roma-

653 3321 735 3374 nis
768 3319 1008 3387 vigilare,
1033 3333 1495 3388 supervacaneum
1527 3319 1770 3390 ingentes
1798 3320 2013 3377 labores
2032 3324 2200 3377 susei-

652 3426 796 3478 pere.
836 3410 1100 3475 Quocirca
1129 3409 1351 3464 omissis
1383 3410 1490 3465 illis
1532 3411 1994 3467 obstructionibus
2042 3414 2200 3468 itine-

651 3516 769 3553 rtnn
816 3510 869 3553 et
907 3499 1202 3567 laboribus,
1248 3516 1388 3570 quos
1432 3500 1557 3555 huic
1605 3503 1755 3572 operi
1803 3503 2197 3572 impendebant,

654 3595 720 3643 ad
754 3580 1029 3646 remissius
1058 3579 1274 3646 vivendi
1301 3607 1470 3661 genus
1487 3603 1613 3648 sunt
1640 3592 1853 3663 dilapsi,
1884 3594 2083 3651 solidas
2103 3610 2201 3650 no-

648 3693 761 3736 etes
798 3682 1149 3745 dormientes,
1180 3683 1235 3736 in
1276 3682 1415 3738 villis
1440 3684 1763 3753 prazdiisque
1789 3685 2066 3755 degentes,
2106 3701 2198 3742 ne-

647 3787 753 3841 que
783 3771 1146 3840 speculatores
1178 3772 1518 3839 emittebant,
1548 3789 1647 3828 nec
1671 3764 1965 3844 quidq'uam
1987 3791 2195 3843 eorum,

647 3879 765 3931 quia:
792 3864 845 3917 in
870 3878 979 3917 rem
1009 3865 1247 3933 ipsorum
1277 3873 1479 3931 essent,
1508 3865 1757 3935 agebant.
1796 3865 2199 3922 Persuadebant

646 3956 788 4008 enim
818 3952 1156 4019 sibi,Persas
1197 3954 1329 4010 duce
1371 3954 1484 4010 sive
1514 3952 1764 4024 praefecto
1815 3954 2055 4019 orbatos,
2104 3970 2198 4009 ne-

647 4060 919 4115 quaquam
966 4045 1020 4099 in
1062 4060 1120 4102 se
1156 4046 1348 4110 ituros,
1394 4046 1525 4115 quin
1574 4047 1754 4116 potius
1801 4048 1964 4116 quam
1995 4047 2199 4115 tongis«

647 4137 785 4191 sitne
822 4136 1107 4207 fugituros.
1140 4136 1263 4193 Haec
1291 4143 1419 4191 vero
1448 4136 1537 4191 ubi
1569 4139 1819 4206 cognovit
1845 4138 2194 4202 Mermerocs,

646 4227 925 4282 confestim
965 4229 1146 4283 dolum
1188 4230 1405 4298 detegit,
1452 4244 1514 4285 ac
1549 4228 1729 4283 Persis
1759 4229 1918 4283 talem
1950 4245 2030 4295 se,
2071 4246 2198 4301 qua-

647 4321 711 4374 lis
736 4328 891 4375 autea
917 4319 1109 4382 fuerat,
1140 4321 1422 4375 visendum
1447 4321 1680 4389 praebet;
1706 4319 1866 4410 1,οβ
1880 4320 2193 4391 statimque,

644 4420 844 4477 quanta
873 4410 1048 4478 potuit
1084 4410 1388 4472 alacritate,
1432 4410 1685 4465 omnibus
1710 4412 1885 4479 copiis
1913 4410 2095 4474 motis,
2144 4422 2213 4485 et,

644 4502 1046 4557 dillienltatibus
1074 4503 1329 4556 itinerum
1358 4516 1441 4565 ea,
1472 4516 1633 4570 quam
1660 4502 1980 4571 jamdudum
2011 4502 2195 4557 animo

645 4609 748 4648 suo
792 4604 1134 4663 conceperat,
1192 4595 1401 4649 ratione
1449 4594 1737 4663 superatis,
1792 4596 2194 4664 propugnaculo
2224 4611 2267 4667 ο

646 4686 1127 4755 appropinquavit;
1158 4694 1211 4739 et
1228 4685 1338 4753 jam
1374 4685 1634 4741 Romanis
1672 4685 1988 4741 imminebat
2012 4686 2191 4756 inapi-

646 4792 772 4833 nato
821 4780 897 4832 rei
950 4789 1141 4833 eventu
1194 4776 1473 4845 perculsis,
1503 4778 1704 4847 quiqtte
1728 4776 1839 4846 jam
1888 4792 2007 4833 sese
2052 4778 2189 4833 tueri

646 4887 753 4924 non
792 4878 1057 4938 poterant.
1112 4866 1268 4923 Tunc
1309 4866 1490 4935 itaque
1534 4866 1797 4923 Martinus
1830 4866 2005 4923 locum
2038 4868 2190 4922 dese-

644 4960 869 5027 rendum
911 4957 1147 5021 censuit,
1189 4957 1505 5027 priusquam
1547 4955 1891 5022 Met-meroes,
1934 4956 2193 5027 penitiore

645 5050 942 5115 irruptione
972 5048 1133 5110 facta,
1182 5044 1476 5110 Romanos,
1506 5049 1600 5118 qui
1628 5048 1699 5102 in
1742 5049 1990 5117 praesidio
2018 5058 2192 5114 erant,

644 5153 839 5207 magna
886 5138 1036 5193 clade
1080 5136 1336 5193 afﬁceret.
1363 5137 1465 5203 Qui
1511 5139 1658 5195 enim
1708 5139 1822 5193 fieri
1855 5147 2089 5209 poterat,
2129 5148 2187 5193 ut

644 5229 893 5296 perpauci
930 5236 1133 5283 tantam
1181 5228 1417 5283 hostium
1456 5231 1565 5284 vim
1612 5228 1968 5293 sustinerent,
2012 5242 2188 5283 neque

2304 2053 2577 2123 προδοσίᾳ,
2604 2053 2696 2105 καὶ
2724 2052 2895 2121 λάθρα
2918 2052 3131 2123 ἐξάγειν
3174 2053 3245 2107 τά
3291 2054 3595 2125 ἀπόρρητα,
3617 2047 3759 2108 οὗτοι
3799 2053 3840 2084 ⁸⁵

2303 2144 2359 2198 δὲ
2407 2143 2469 2197 τὸ
2511 2145 2609 2213 μὲν
2658 2144 2883 2215 ἀτρεκὲς
2926 2146 3023 2197 οὐκ
3074 2145 3405 2214 ἐγίγνωσκον
3431 2160 3445 2173 ·
3477 2144 3839 2215 ἀσφαλέστατα

2302 2237 2410 2309 γάρ
2464 2237 2525 2291 τὸ
2555 2235 2829 2308 βούλευμα
2873 2237 3192 2308 ἐκρύπτετο,
3225 2236 3319 2291 καὶ
3360 2236 3480 2290 οὐδὲ
3512 2238 3567 2299 ἐς
3611 2236 3841 2300 ἀπαντας

2301 2330 2425 2393 τοὺς
2453 2329 2739 2398 φιλτάτους
2768 2329 3031 2395 ἐξέπιπτε
3056 2345 3070 2359 ·
3106 2328 3284 2398 μόνοις
3314 2328 3374 2381 δὲ
3404 2330 3515 2390 τοῖς
3541 2328 3597 2380 ἐν
3625 2326 3705 2397 τῷ
3729 2326 3839 2395 όμί-

2300 2422 2377 2491 λῳ
2406 2420 2819 2492 περιαγομένοις
2846 2417 3251 2489 ἐξηπατημένοι
3287 2419 3400 2481 τοῖς
3438 2416 3723 2487 Ῥωμαίοις
3765 2417 3836 2470 δι-

2300 2508 2542 2576 ήγελλον.
2560 2510 2622 2563 Οί
2646 2509 2703 2563 δέ
2733 2509 2928 2579 ῥαδίως
2939 2508 3212 2562 ἐπείθοντο
3225 2507 3286 2561 οὐ
3302 2505 3570 2573 τοσοῦτον,
3586 2501 3756 2577 οἶμαι,
3780 2509 3837 2576 τῇ

2299 2600 2545 2669 ἀγγελίᾳ,
2579 2600 2770 2653 ὁπόσον
2801 2599 2879 2669 τῷ
2916 2599 3216 2671 βουλομένῳ
3237 2599 3339 2670 τῆς
3365 2597 3608 2668 γνώμης.

2369 2696 2436 2745 κ’.
2469 2688 2641 2752 Εὐθὺς
2669 2688 2732 2759 δὴ
2761 2683 2853 2742 οὖν
2900 2689 2961 2741 τὸ
2992 2688 3212 2760 ἐνεργόν
3235 2705 3294 2743 τε
3330 2688 3424 2741 καὶ
3456 2687 3700 2741 σύντονον
3748 2685 3836 2757 τῆς

2300 2780 2574 2851 φροντίδος
2612 2778 3007 2849 ὑποχαλῶντες,
3034 2778 3216 2832 οὐκέτι
3250 2776 3371 2831 λίαν
3397 2776 3601 2849 ἀκριϐῆ
3618 2776 3718 2847 τήν
3743 2793 3836 2845 φυ-

2299 2871 2469 2939 λακὴν
2513 2868 2806 2924 ἐποιοῦντο.
2854 2869 3058 2939 Ὀλίγαι
3089 2885 3153 2923 τε
3198 2870 3595 2940 παρφχήκεσαν
3619 2868 3834 2939 ἡμέραι,

2298 2957 2392 3011 καὶ
2439 2957 2467 3008 ό
2515 2956 2838 3027 Μερμερόης
2893 2956 2970 3019 ὡς
3029 2955 3094 3028 δή
3135 2954 3409 3027 τεθνηκὼς
3460 2956 3834 3026 ἀπηγγέλλετο.

2301 3048 2578 3119 Ἐκρυπτε
2594 3045 2701 3117 γὰρ
2727 3046 2914 3102 ἑαυτὸν
2935 3046 2993 3111 ἔς
3015 3064 3070 3101 τι
3102 3047 3454 3119 δωμάτιον,⁶⁶,
3479 3048 3556 3112 ώς
3576 3047 3671 3104 καὶ
3696 3047 3836 3118 παρά

2297 3142 2407 3204 τοῖς
2454 3137 2808 3202 οἰκειοτάτοις
2833 3139 2992 3208 τήνδε
3025 3137 3249 3209 νικῆσαι
3293 3139 3391 3210 τήν
3452 3138 3607 3207 δόξαν
3636 3154 3651 3169 ·
3709 3138 3832 3191 Τότε

2297 3228 2361 3301 δὴ
2404 3223 2498 3281 οὖν
2532 3228 2624 3281 καὶ
2660 3227 2860 3297 μᾶλλον
2881 3228 2993 3289 τοῖς
3034 3224 3323 3297 Ῥωμαίοις
3371 3225 3619 3298 περιττόν
3653 3243 3707 3280 τι
3728 3226 3833 3280 ἐδό-

2298 3337 2384 3375 κει
2408 3320 2702 3391 ἀγρυπνεῖν
2750 3335 2810 3371 τε
2858 3317 2951 3372 καὶ
2999 3316 3227 3371 ἐπιπολὺ
3298 3317 3677 3373 διαπονεῖσθαι.
3736 3316 3836 3371 Καὶ

2298 3410 2474 3464 τοίνυν
2521 3409 2776 3481 μεθέντες
2802 3409 2901 3473 τὰς
2930 3407 3285 3481 περιφράξεις
3316 3409 3410 3463 καὶ
3434 3408 3532 3480 τὴν
3560 3410 3617 3464 ἐν
3635 3407 3834 3470 τούτοις

2298 3499 2657 3571 ἀπεργασίαν,
2687 3499 2747 3562 ἐς
2790 3499 2851 3552 τὸ
2910 3497 3189 3568 ἀνειμένον
3222 3498 3579 3569 μετέϐαλλον,
3648 3496 3835 3551 παννύ-

2297 3591 2412 3663 χιόν
2439 3609 2498 3644 τε
2524 3589 2873 3654 καθεύδοντες
2905 3590 2997 3642 καὶ
3033 3589 3093 3653 ἐς
3121 3587 3220 3651 τὰς
3248 3582 3497 3651 ἐπαύλεις
3532 3587 3636 3641 τῶν
3660 3585 3834 3657 ἀγρῶν

2296 3682 2660 3754 διαιτώμενοι,
2709 3683 2802 3737 καὶ
2850 3681 2974 3737 οὔτε
3021 3679 3396 3743 κατασκόπους
3425 3678 3686 3743 ἔστελλον,
3720 3677 3833 3732 οὔτε

2295 3775 2423 3830 ἄλλο
2449 3791 2501 3827 τι
2528 3774 2797 3846 ἔπρασσον
2834 3773 2941 3826 τῶν
2966 3771 3210 3826 δεόντων.
3264 3771 3455 3842 Ιᾨοντο
3521 3768 3627 3842 γάρ
3651 3769 3833 3833 dicati:

2296 3865 2362 3919 ἄν
2415 3881 2546 3918 ποτε
2572 3866 2621 3918 ot
2650 3865 2873 3934 Πέρσαι,
2924 3862 3329 3934 ἀστρατήγητοι
3358 3860 3515 3932 δῆθεν
3540 3862 3828 3931 γεγονότες,

2296 3956 2384 4009 ἐπ’
2416 3955 2611 4018 αὐτοὺς
2655 3954 2865 4024 ἥξουσι,
2906 3953 3105 4023 μᾶλλον
3136 3954 3233 4025 μὲν
3262 3949 3355 4007 οὖν
3383 3955 3474 4011 καὶ
3511 3953 3584 4015 ὡς
3630 3953 3831 4023 πορρω-

2295 4046 2439 4101 τάτω
2495 4044 2833 4116 φευξοῦνται.
2898 4045 3082 4109 Ταῦτα
3123 4045 3186 4099 δέ
3244 4044 3406 4113 γνοὺς
3445 4044 3475 4096 ό
3519 4041 3830 4115 Μερμερόης

2294 4137 2667 4192 ἀνακαλύπτει
2716 4134 3043 4203 ἐξαπιναίως
3072 4134 3163 4187 τὸν
3205 4134 3355 4187 δόλον
3387 4134 3481 4187 καὶ
3499 4133 3830 4203 ἐπιφαίνεται

2295 4233 2406 4292 τοῖς
2458 4228 2691 4301 Πέρσαις
2718 4228 2897 4289 ὁποῖος
2927 4226 3019 4279 καὶ
3052 4224 3335 4297 πρότερον,
3384 4226 3477 4279 καὶ
3531 4224 3707 4289 εὐθὺς,
3761 4220 3829 4283 ὡς

2296 4312 2407 4387 εἶχε
2454 4313 2782 4385 προθυμίας,
2814 4313 3053 4375 ἅπαντας
3078 4312 3321 4384 κινήσας,
3351 4312 3444 4367 καὶ
3488 4312 3585 4384 τήν
3608 4308 3826 4383 χαλεπό-

2293 4422 2429 4476 τητα
2451 4407 2551 4476 τῆς
2579 4403 2802 4474 πορείας
2823 4399 2881 4457 εὖ
2897 4404 3118 4469 διαθεὶς,
3140 4398 3357 4479 πάλαι
3388 4404 3657 4469 διενοεῖτο,
3675 4418 3828 4472 παρα-

2294 4498 2514 4567 γέγονεν
2567 4492 2735 4565 ἀγχοῦ
2802 4494 2896 4548 τοῦ
2957 4495 3246 4567 φρουρίου.,
3293 4493 3404 4549 Καὶ
3453 4494 3552 4565 ήδη
3610 4491 3825 4557 ἐπέλαζε

2292 4591 2404 4650 τοῖς
2480 4584 2768 4655 Ῥωμαίοις
2838 4585 3201 4656 κατεπτηχόσι
3259 4583 3337 4655 τῷ
3402 4584 3689 4657 παραλόγῳ
3743 4582 3825 4636 καὶ

2290 4679 2421 4741 οἵοις
2467 4676 2649 4730 οὐκέτι
2682 4675 3002 4747 ἀμύνεσθαι.
3056 4676 3188 4729 Τότε
3230 4674 3295 4746 δή
3348 4670 3441 4731 οὖν
3488 4676 3517 4729 ό
3574 4675 3825 4746 Μαρτῖνος

2292 4768 2432 4835 ἔγνω
2467 4767 2784 4823 καταλιπεῖν
2833 4768 2895 4821 τδ
2928 4766 3146 4838 χωρίον,
3198 4764 3328 4837 πρὶν
3374 4764 3677 4819 τελεώτατα
3700 4777 3825 4831 παρ·

2289 4857 2484 4924 ελθεῖν,
2522 4859 2654 4912 εἴσω
2700 4856 2793 4912 τὸν
2822 4855 3165 4927 Μερμερόην,
3220 4856 3316 4908 καὶ
3370 4853 3512 4924 μέγα
3565 4870 3621 4905 τι
3668 4848 3821 4904 κακὸν

2289 4950 2415 5012 τοὺς
2466 4950 2593 5020 τῇδε
2655 4947 2958 5019 Ῥωμαίους
3014 4944 3097 5017 [Ρ.
3156 4944 3246 5017 58]
3297 4943 3649 5015 ἐργάσασθαι.
3712 4939 3822 5000 Πῶς

2291 5042 2399 5111 γὰρ
2460 5044 2589 5113 ἐνῆν
2636 5042 2832 5103 αὐτοὺς
2879 5038 3092 5107 ὀλίγους
3146 5056 3209 5107 γε
3259 5037 3417 5100 ὄντας
3475 5037 3708 5104 ἐνεγκεῖν
3760 5030 3820 5083 τά

2290 5132 2463 5202 πλήθη
2489 5132 2596 5187 τῶν
2641 5129 2932 5200 πολεμίων,
2954 5130 3061 5190 ⁴καὶ
3116 5130 3191 5200 μὴ
3241 5126 3360 5197 οὐχὶ
3435 5124 3677 5182 αὐτοϐοεὶ
3714 5122 3842 5183 δια-,

2303 5222 2575 5295 φθαρῆναι
2605 5225 2685 5289 ";
2714 5221 2869 5278 Οὕτω
2897 5221 2962 5292 δὴ
2985 5217 3077 5277 οὖν
3113 5215 3709 5289 καταστρατηγηθέντες
3728 5212 3819 5266 ὑπὸ

1907 5432 2137 5489 νΑιιιλε
2172 5428 2588 5502 ιιεοτιοαεε.

711 5626 757 5659 ³⁸
794 5627 902 5692 ἅμα
922 5619 1435 5693 ἀμφ.Β,ἁμφ.ἀμα
1460 5623 1604 5735 vulg.
1677 5623 1721 5653 "
1758 5621 2004 5689 εὐέφοδον
2021 5620 2202 5686 R,cor

716 5698 855 5735 Remi
892 5711 937 5735 τ-
976 5710 1028 5735 κ-
1056 5692 1213 5735 ἀυῃκ-
1248 5691 1358 5735 kal-
1395 5691 1453 5735 R,
1494 5694 1555 5735 ξι
1645 5692 1692 5735 δι
1748 5708 1795 5735 re,
1856 5709 1908 5735 at-
1946 5693 2029 5735 (id
2060 5693 2198 5735 vnlg-

2299 5616 2901 5735 etiam
2917 5612 3369 5735 ειιξοννκικεσοει
3384 5610 3638 5734 eas
3652 5624 3736 5732 εξ·
3760 5606 3814 5727 ις

644 5702 685 5730 θ’
716 5691 856 5763 δεινῇ
892 5711 939 5745 τ.
966 5691 1213 5763 κηάνηκ.
1248 5691 1358 5763 ἐαλ.
1392 5691 1458 5755 R,
1494 5691 1588 5763 ἐαλ
1645 5692 1693 5744 δ.
1748 5708 1799 5763 τ.
1856 5709 1909 5743 κ.
1946 5693 2031 5763 ἀν.
2060 5693 2199 5763 vulg.

2275 5689 2321 5721 ⁸³
2348 5682 2535 5754 ἐῷοίτα
2587 5682 2649 5750 R,
2680 5682 2874 5755 ἐχώρει
2917 5682 3060 5755 vulg.

3236 5651 3369 5742 ἴσως
3384 5651 3736 5734 ’ἑῖὲῖιῖιίῖ
3761 5651 3814 5727 ’ἐξ

647 5744 955 5835 μισθαρνεῖν
970 5761 1067 5835 ἐπί
1084 5744 1155 5831 τῇ’
1176 5776 1225 5813 τ.
1257 5762 1363 5835 οἰκ.
1595 5764 1705 5835 τηῖς
1734 5761 1930 5835 μέναντῖ
1972 5744 2204 5835 ιδ’--..ινδ

2299 5744 2472 5835 ιῃιμίίὶ.
2548 5758 2593 5788 ⁸⁸
2632 5744 2689 5835 ἐς
2709 5744 2777 5835 τι.
2793 5744 3060 5835 boandro
3091 5753 3133 5807 ιι
3188 5762 3245 5808 et
3279 5750 3439 5820 itttpr.
3487 5749 3539 5804 in

645 5824 889 5904 quoda'm,
928 5831 1017 5883 ἐπὶ
1202 5830 1342 5899 vulg.
1416 5824 1461 5861 ’ί
1498 5828 1854 5901 διαφθαρῆναι
1910 5829 2013 5881 ὑπὸ
2051 5830 2198 5893 δέους

2299 5828 2388 5881 tid.
2420 5841 2486 5897 ι6.
2527 5841 2575 5882 v.
2618 5824 2875 5878 αὑτοθοεί.
