4032 6336
158 376 278 432 1409

1248 375 1777 437 HISTORIARUM
1824 375 2049 436 LIBER
2075 379 2185 437 lli.

3181 382 3317 445 1410

148 501 284 543 ρἿυν,
318 481 409 534 καὶ
438 481 717 552 ξυμφορὰν
749 484 809 537 τὸ
843 487 1081 556 πραχθὲν
1126 489 1420 545 ἐποιοῦντο,
1448 484 1676 557 ἡσυχίαν

1792 484 2037 551 let'ebaut,
2092 497 2145 540 et
2172 496 2323 541 atrox
2380 486 2589 543 facimus
2642 504 2761 544 esse
2808 491 3123 557 censebant;
3154 492 3323 563 quieti

216 576 359 641 ὅμως
385 567 539 642 ἦγον,
584 575 814 643 οἰόμενοι
855 577 1072 645 βασιλέα
1111 577 1476 629 ’1ουστινιανόν
1506 577 1678 629 ταῦτα

144 662 321 728 cur,th
348 664 667 718 ἐπιστεῖλαι.
711 665 768 718 Ὀ
799 667 855 718 δὲ
898 668 1007 721 τῶν
1051 668 1243 731 Λαζῶν
1291 668 1474 737 ὅμιλος
1502 667 1677 718 διετα-

147 750 310 821 ράχθη
333 768 394 803 τε
433 751 600 816 ἄπας,
633 755 724 807 καὶ
755 755 1020 827 δυσθυμία
1062 754 1399 827 κατείχοντο,
1447 757 1520 819 ὡς
1549 757 1679 825 μηδὲ

146 843 539 912 ἀναμίγνυσθαι
577 846 821 901 τολοιπὸν
867 852 979 911 τοῖς
1019 850 1342 918 Ῥωμαίοις,
1390 851 1525 919 μήτε
1561 849 1679 913 ξυν-

143 938 548 1007 επιστρατεύειν
588 940 881 1011 αἱρεῖσθαι,
905 942 1037 995 ἀλλὰ
1068 943 1157 995 τὸν
1187 943 1374 1013 νεκρὸν
1403 943 1447 974 ⁶⁶
1536 944 1681 995 νενό-

145 1044 323 1096 μισται
350 1029 783 1100 καταχώσαντες.
814 1032 1004 1102 ἔμενον
1042 1034 1183 1087 οὔτω
1202 1034 1495 1104 ἀπόμαχοι,
1519 1034 1592 1098 ὡς
1615 1034 1679 1103 δὴ

139 1118 284 1174 δεινὰ
316 1119 635 1192 ὑϐρισμένοι
679 1123 769 1177 καὶ
789 1123 886 1195 τὴν
931 1125 1159 1195 πάτριον
1186 1124 1341 1189 δόξαν
1377 1125 1679 1195 ἀποὸεϐλη-

143 1208 316 1275 κότες.
1106 1228 1109 1231 ·
1268 1250 1269 1253 η

212 1392 271 1440 ι’.
311 1386 635 1456 Μέγιστον⁶¹⁷
678 1388 783 1459 γὰρ
824 1389 972 1453 ἔθνος
1014 1392 1106 1443 καὶ
1128 1382 1412 1463 ἀγέρωχον
1443 1393 1490 1444 oi
1519 1392 1684 1456 Δαζοὶ

145 1478 233 1534 καὶ
262 1468 533 1549 ίίεγίστων
577 1479 749 1535 ἄλλων
794 1481 1083 1553 κρατοῦσι,
1130 1483 1206 1551 τῷ
1235 1499 1293 1534 τε
1325 1482 1537 1553 παλαιῷ
1578 1486 1683 1536 τῶν

144 1571 358 1641 Κόλχων
381 1571 603 1638 ὀνόματι
632 1572 1009 1643 βρενθυόμενοι
1045 1578 1185 1646 πέρα
1208 1575 1300 1627 τοῦ
1338 1576 1555 1649 μετρίου
1586 1594 1683 1645 με·

144 1662 468 1733 γαλαυχοῦσι
488 1664 670 1729 “,,καὶ
695 1667 832 1735 τάχα
855 1668 915 1718 οὐ
939 1667 1055 1718 λίαν
1080 1668 1302 1734 ἀλόγως.
1340 1668 1425 1719 Ἑν
1450 1667 1554 1736 γὰρ
1574 1669 1686 1731 τοῖς

144 1756 313 1810 ἔθνεσι
339 1760 454 1821 τοῖς
490 1758 588 1810 ὅσα
632 1758 720 1825 ὑφ’
764 1749 1014 1825 ἐτέραν⁶⁹
1058 1757 1330 1827 βασιλείαν
1372 1760 1681 1827 τετάχαται,

144 1849 237 1901 οὐκ
252 1843 367 1902 οἴδα
382 1848 556 1917 ἔγωγε
583 1847 711 1901 ἄλλο
728 1846 867 1901 οὓτω
886 1850 1089 1901 κλεινόν
1111 1868 1211 1902 που
1235 1850 1396 1918 φῦλον
1413 1851 1458 1881 ⁷⁸
1479 1852 1571 1903 καὶ
1594 1854 1682 1903 εὐ-

155 1936 360 2009 δαϊμον,
392 1939 623 1992 πλούτου
655 1956 713 1991 τε
740 1938 1005 2011 ὑπερϐολῇ
1041 1942 1134 1993 καὶ
1158 1941 1348 2012 πλήθει
1379 1943 1679 2010 κατηκόων,

146 2030 317 2084 τόπων
336 2046 397 2083 τε
420 2030 676 2102 εὐκαιρίᾳ
704 2030 797 2084 καὶ
820 2031 1045 2101 ἀφθονίᾳ
1081 2032 1188 2084 τῶν
1224 2031 1554 2101 ἐπιτηδείων,
1589 2032 1683 2084 καὶ

152 2125 217 2194 τῇ
258 2123 366 2177 τῶν
410 2122 558 2192 ἠθῶν
605 2124 869 2195 εὐκοσμίᾳ
899 2140 958 2177 τε
1001 2125 1093 2177 καὶ
1121 2125 1403 2195 δεξιότητι,
1442 2126 1550 2177 Καὶ
1575 2126 1681 2177 τοί-

147 2231 237 2269 νυν
261 2214 310 2268 οί
344 2215 445 2286 μὲν
485 2215 709 2269 πάλαι⁷¹
751 2218 1034 2286 οἰκήτορες
1060 2216 1165 2269 τῶν
1203 2218 1265 2268 ἐκ
1293 2218 1389 2285 τῆς
1421 2216 1685 2284 Θαλάττης

148 2307 360 2376 ἀγαθῶν
386 2308 628 2376 ἀγνῶτες
665 2312 1000 2373 παντάπασιν
1044 2308 1128 2380 [Ρ.
1156 2308 1245 2380 7η
1277 2310 1567 2379 ἐτύγχανον
1601 2310 1684 2362 ὅν-

147 2416 252 2463 τες,
279 2396 361 2463 οἷς
392 2416 457 2467 γε
482 2400 598 2453 οὐδὲ
622 2398 789 2468 ὄνομα
813 2399 945 2463 νεὼς
974 2399 1217 2468 ἠκούετο,
1248 2401 1373 2470 πρίν
1402 2418 1464 2467 γε
1490 2400 1553 2470 δὴ
1583 2402 1683 2453 αὺ-

145 2491 254 2554 τοῖς
282 2490 380 2559 τὴν
414 2490 591 2562 Ἀργὼ
632 2492 839 2559 ἐκείνην
878 2490 1240 2558 ἐπιφοιτῆσαι.
1292 2492 1354 2543 Οί
1386 2492 1439 2544 δὲ
1472 2491 1563 2543 νῦν
1590 2492 1683 2544 καὶ

149 2581 509 2635 ναυτίλλονταί
537 2598 622 2647 γε,
670 2582 809 2633 οὕτω
832 2580 1129 2649 παρασχὸν,
1170 2582 1263 2633 καὶ
1289 2582 1357 2634 τὰ
1384 2581 1481 2651 τῆς
1512 2584 1680 2651 ἐμπο-

151 2674 267 2745 ρίας
293 2673 604 2743 κομίζονται
645 2672 830 2742 κέρδη.
860 2670 979 2726 Εἰσί
1020 2689 1077 2724 τε
1106 2673 1166 2724 οὐ
1195 2673 1455 2742 βάρϐαροι
1483 2675 1543 2725 τέ)
1576 2675 1683 2726 λοι-

152 2764 267 2825 πὸν.
299 2764 420 2817 οὐδὲ
457 2763 656 2817 ouem"
686 2764 1031 2833 βιοτεύουσιν,
1070 2765 1183 2817 ἀλλ’
1209 2768 1265 2828 ἐς
1312 2767 1370 2818 τό
1414 2767 1685 2820 πολιτικόν

150 2870 206 2907 τε
235 2856 325 2909 καὶ
352 2855 573 2924 ἔννομον
611 2854 1033 2924 μεταῦέεληνται
1078 2859 1144 2927 τῇ
1197 2857 1332 2928 πρὸς
1387 2858 1686 2925 Ῥωμαίους

152 2946 429 3019 ἐπιμιξίαι
494 2947 632 2999 ὥστε
678 2948 731 3000 εῐ
769 2966 851 3009 τις
894 2948 1015 3011 τοὺς
1064 2949 1398 3019 χαλκόποδας
1458 2953 1687 3021 ταύρους

153 3040 407 3109 περιέλοι,
444 3041 539 3092 καὶ
564 3038 796 3103 τάττιῖΝ
826 3040 1070 3110 γηγενῶν
1106 3042 1549 3114 ἀναϐλαστήσεις,
1596 3046 1689 3097 καὶ

154 3130 315 3184 όπόσσ
349 3129 486 3185 ἄλλα
524 3130 797 3201 τερατώδη
831 3133 925 3185 καὶ
968 3132 1167 3186 ἄπιστα
1194 3136 1261 3203 τῇ
1303 3136 1516 3202 ποιήσει
1548 3135 1685 3201 ἀμφὶ

156 3222 229 3292 τῷ
250 3224 419 3294 Αἰήτῃ
454 3223 842 3292 κεκόμψευται,
876 3224 1025 3292 εὖροι
1047 3241 1108 3291 γε
1129 3223 1194 3277 ἂν
1214 3225 1284 3276 τὰ
1306 3225 1545 3295 παρόντα
1569 3225 1696 3277 πολ-

157 3313 231 3383 λῷ
271 3314 379 3366 τῶν
426 3314 707 3384 προτέρων
725 3313 771 3344 ’³
812 3312 1090 3382 ἀμείνονα.
1145 3313 1385 3366 Τοιοῦτοι
1426 3312 1488 3385 δὴ
1542 3312 1698 3368 οὖντδ

157 3404 299 3467 ὄντες
330 3406 379 3457 οἱ
408 3403 592 3467 Λαζοὶ,
624 3403 845 3467 εἰκότως
872 3404 970 3457 οὐκ
994 3405 1193 3459 ἀνεκτά
1233 3405 1459 3474 ἡγοῦντο
1501 3425 1698 3460 πεπον-

160 3494 320 3557 θέναι,
352 3494 428 3558 ὡς
454 3493 519 3563 δὴ
548 3492 639 3547 τὸν
681 3492 900 3563 βασιλέα
948 3494 1094 3562 σφῶν
1128 3496 1448 3564 παραλόγοις
1488 3498 1700 3569 ἀφῃρη-

162 3585 327 3656 μένοι.
356 3584 562 3640 Αὐτίκα
588 3582 645 3638 δὲ
672 3584 721 3637 oi
760 3585 1033 3654 Ῥωμαῖοι,
1077 3586 1349 3658 Μαρτίνου
1395 3588 1701 3657 ἐξοτρύνον-

160 3695 267 3741 τος.
292 3678 578 3748 ἠπείγοντο
605 3676 832 3730 πανσυδὶ
858 3677 1137 3731 ἐπιθέσθαι
1164 3680 1275 3741 τοῖς
1304 3681 1360 3742 ἐς
1398 3680 1701 3749 ὐνόγουριν

162 3767 413 3837 Πέρσαις.
443 3767 612 3836 Τήνδε
636 3768 693 3820 δὲ
714 3768 811 3837 τὴν
834 3769 1143 3839 ἐπωνυμίαν
1165 3770 1229 3822 ἐκ
1250 3770 1481 3823 παλαιοῦ
1509 3772 1701 3840 ἔλαχεν

161 3856 221 3909 τὸ
238 3858 455 3931 χωρίον.
480 3857 691 3911 Οὖννων
723 3857 851 3920 ἴσως
877 3861 935 3911 ἐν
960 3862 1072 3921 τοῖς
1103 3861 1213 3914 ἄνω
1239 3862 1469 3930 χρόνοις,
1500 3863 1608 3915 τῶν
1636 3863 1700 3929 δὴ

174 3947 498 4019 Ὀνογούρων
518 3948 931 4017 ἐπιλεγομένων,
952 3951 1113 4003 αὐτοῦ
1138 3969 1239 4004 που
1263 3952 1639 4021 ξυμϐαλόντων
1654 3954 1698 3986 ⁷⁸

162 4040 269 4103 τοῖς
291 4040 542 4109 Κόλχοις,
571 4038 665 4093 καὶ
687 4034 803 4092 εἶτα
825 4040 1205 4109 νενικημένων,
1240 4042 1331 4093 καί
1357 4043 1542 4114 ὥσπερ
1569 4060 1701 4112 μνη-

166 4131 313 4199 μείου
342 4131 503 4203 χάριν
527 4131 620 4184 καὶ
644 4133 901 4202 τροπαίου
938 4134 1037 4202 τὴν
1065 4132 1348 4202 ἐπίκλησιν
1373 4135 1571 4203 ταύτην
1592 4135 1700 4187 τῶν

161 4222 465 4295 ιπιχωρίων
511 4224 925 4291 ἐπενεγκόντων.
972 4224 1085 4291 Νῦν
1117 4226 1174 4278 δὲ
1222 4225 1318 4295 οὐχ
1363 4224 1503 4278 οὕτω
1552 4227 1702 4295 παρὰ

166 4316 330 4380 ulc"
353 4314 567 4379 πολλοῖς
594 4315 933 4386 ὀνομάζεται,
964 4317 1077 4370 ἀλλ’
1103 4317 1288 4388 ἐπειδὴ
1316 4318 1584 4385 Στεφάνου
1608 4318 1701 4372 τοῦ

1678 3140 1691 3186 ι
1716 3099 1757 3154 C

1778 586 1957 631 tamen
2007 580 2334 641 manebant,
2382 580 2752 635 existimantes
2804 581 3163 637 Justinianuni
3212 587 3324 641 ha-e

1777 680 1963 733 aperte
1989 684 2083 735 per
2110 670 2315 724 litteras
2345 671 2650 726 mandasse.
2696 671 2959 726 Lazorum
3009 691 3141 728 vero
3172 692 3324 731 exer-

1779 756 1948 809 citum
1983 758 2293 813 universum
2325 754 2537 831 ingens
2562 763 2894 839 perturbatio
2920 774 2974 819 ct
3014 780 3217 819 mceror
3246 768 3316 820 in-

1778 848 1936 913 vasit,
1974 849 2107 903 adeo
2134 859 2190 903 ut
2222 866 2323 905 nec
2354 852 2664 921 permisceri
2699 854 2950 926 deinceps
2976 872 3094 910 cum
3124 857 3328 913 Roma~

1778 938 1886 1001 nis,
1922 954 2095 1009 neque
2124 956 2245 993 cum
2280 942 2413 1009 ipsis
2443 943 2675 998 militare
2706 944 2907 998 vellent
2941 961 2955 1000 :
2991 946 3081 999 sed
3119 954 3327 1013 postea-

1779 1044 1943 1096 quam
1991 1042 2259 1085 mortuum
2299 1048 2363 1086 ex
2413 1035 2650 1103 ipsorum
2701 1050 2850 1089 more
2887 1046 3049 1104 atque
3084 1039 3331 1091 instituto

1783 1122 2179 1187 tinnulassent,
2236 1127 2541 1181 secessione
2598 1127 2737 1183 facta
2797 1143 2827 1181 a
2888 1129 3028 1183 bello
3076 1132 3331 1199 deinceps

1782 1214 2175 1281 abstinuerunt,
2207 1225 2389 1285 utpote
2418 1220 2588 1274 atroci
2631 1220 2843 1290 injuria-
2862 1218 3054 1287 allecti,
3082 1232 3138 1274 et
3160 1222 3331 1289 patria

1780 1304 1949 1375 gloria
1983 1309 2205 1363 amissa.

1854 1398 1908 1452 5.
1940 1397 2173 1454 Maxima
2203 1401 2346 1454 enim
2377 1408 2459 1455 est
2490 1410 2543 1455 et
2586 1400 2737 1455 ferox
2782 1403 2928 1456 natio
2972 1402 3294 1457 Colchorum
3314 1444 3329 1467 ,

1782 1492 2143 1561 maximisque
2191 1494 2312 1548 aliis
2355 1477 2662 1562 imperant:
2693 1503 2745 1547 et
2790 1497 2952 1549 veteri
2981 1493 3326 1562 .Colcbornm

1782 1580 2139 1648 appellatione
2183 1584 2511 1651 gloriantes,
2558 1599 2720 1653 supra
2766 1587 2988 1639 modum
3029 1602 3147 1640 sese
3190 1586 3333 1654 ipsos

1781 1672 2054 1726 extollunt
2086 1684 2138 1726 et
2163 1674 2404 1743 jactant,
2451 1684 2503 1728 et
2534 1674 2761 1730 fortasse
2790 1692 2896 1729 non
2930 1676 3219 1731 admodum
3260 1687 3336 1731 te-

1784 1778 1949 1818 mere.
1983 1763 2125 1817 lnter
2156 1766 2405 1819 nationes
2431 1766 2595 1829 enim,
2626 1782 2747 1833 quze
2773 1768 2873 1821 sub
2906 1766 3080 1821 alieno
3111 1768 3334 1836 imperio

1785 1864 1909 1908 sunt
1944 1856 2270 1918 constitutae,
2306 1856 2507 1909 nullam
2541 1858 2790 1925 equidem
2822 1860 2979 1911 aliam
3011 1857 3117 1911 vidi
3142 1858 3211 1912 ita
3243 1874 3334 1913 ce-

1784 1946 1983 1999 lebrem
2017 1957 2178 2015 atque
2210 1946 2418 1999 felicem
2456 1956 2561 1999 tam
2590 1962 2778 2022 ὀριιιιι
2816 1949 3131 2002 excellentia
3175 1965 3336 2019 quam

1786 2036 2128 2091 multitudine
2164 2038 2526 2099 subditorum,
2568 2038 2804 2089 locorum
2830 2039 2994 2091 etiam
3018 2032 3337 2107 opportuni-

1784 2131 1912 2191 tate,
1943 2126 2101 2203 146
2128 2128 2563 2195 ιιῖ.ι.ιι‹1;ιιιιίιιηιιο
2599 2141 2777 2180 rerum
2805 2128 3254 2190 necessariarum,
3282 2139 3338 2183 et

1784 2236 1997 2274 morum
2030 2222 2295 2291 elegantia
2321 2236 2383 2275 ac
2408 2223 2748 2276 dexteritate.
2782 2222 2859 2276 Ac
2887 2234 3092 2276 veteres
3118 2223 3336 2292 quidem

1784 2310 2112 2365 habitatores
2138 2311 2555 2380 honornmﬁqnm
2574 2310 2727 2364 affert
2752 2326 2919 2375 mare,
2945 2326 3167 2381 prorsus
3188 2322 3341 2366 erant

1786 2402 1984 2471 ignari,
2010 2402 2207 2471 quippe
2232 2404 2430 2471 quibus
2462 2419 2528 2456 ne
2563 2419 2753 2457 nomen
2785 2404 2999 2473 quidem
3030 2406 3181 2460 navis
3216 2416 3333 2459 erat

1785 2495 2049 2557 auditum,
2083 2496 2256 2549 donec
2284 2511 2349 2549 eo
2378 2496 2522 2564 Argo
2549 2496 2636 2547 illa
2666 2497 2979 2564 appulisset.
3008 2494 3178 2565 llujus
3208 2512 3336 2550 vero

1785 2586 2039 2651 temporis
2072 2584 2255 2636 Colchi
2295 2596 2350 2638 et
2385 2586 2654 2652 navigant,
2689 2601 2811 2637 cum
2848 2586 2917 2638 ita
2953 2602 3052 2638 usu
3084 2586 3247 2648 venit,
3279 2596 3335 2639 et

1788 2688 1852 2726 ex
1887 2684 2189 2726 mercatura
2214 2684 2477 2742 quazstum
2505 2656 2706 2727 faciunt
2730 2689 2742 2724 :
2769 2685 3003 2742 suntque
3032 2676 3096 2728 de
3127 2676 3338 2744 reliquo

1790 2780 2132 2832 nequaquam
2166 2764 2407 2828 barbari,
2436 2780 2609 2833 neque
2640 2765 2712 2818 ita
2741 2766 2947 2829 vivunt,
2975 2765 3065 2818 sed
3094 2770 3158 2818 ad
3182 2764 3340 2819 civile

1789 2870 1852 2909 ac
1891 2855 2061 2925 legale
2085 2856 2298 2909 vivendi
2334 2873 2503 2926 genus
2530 2872 2595 2910 ex
2632 2857 3024 2911 consuetudine
3052 2872 3173 2911 cum
3229 2856 3339 2911 llo-—

1790 2948 1965 3001 inanis
2017 2959 2144 3001 sunt
2193 2948 2424 3002 traducti
2462 2966 2475 3001 :
2512 2948 2646 3002 adeo
2687 2958 2746 3002 ut
2798 2949 2844 3003 si
2891 2949 3016 3017 quis
3066 2949 3345 3018 aeripedes

1790 3047 1975 3091 tauros
2007 3036 2397 3106 hominumque
2429 3052 2459 3091 e
2499 3048 2640 3090 terra
2688 3036 3063 3105 pullulantium
3108 3046 3345 3106 segetem

1792 3128 2005 3197 aliaque
2057 3139 2364 3197 portentosa
2424 3138 2477 3181 ct
2534 3128 2891 3191 incredibilia,
2947 3145 3067 3197 quae
3110 3131 3242 3184 scite
3282 3130 3348 3183 de

1793 3216 1950 3271 Eeta
1979 3218 2255 3287 finguntur
2278 3234 2306 3271 a
2329 3218 2520 3287 poetis,
2543 3219 2743 3283 demat,
2765 3219 3049 3287 praesentia
3073 3219 3348 3273 veteribus

1796 3310 1955 3377 longe
1992 3309 2215 3363 meliora
2258 3310 2573 3377 comperiat.
2606 3307 2761 3362 Tales
2795 3310 2974 3379 itaque
3007 3325 3128 3363 cum
3164 3318 3349 3363 essent

1795 3400 1946 3465 Lazi,
1978 3401 2171 3455 merito
2203 3402 2618 3456 se-intolerabili
2658 3403 2853 3471 injuria
2898 3402 3114 3455 allectos
3156 3417 3348 3456 cense-

1796 3489 1944 3553 bant,
1980 3499 2163 3559 utpote
2188 3504 2310 3558 rege
2341 3505 2441 3544 suo
2467 3493 2721 3549 atrociar
2748 3492 2958 3560 pn’vati.
2994 3489 3185 3544 Statim
3222 3507 3346 3544 vero

1798 3583 2048 3646 Romani,
2077 3583 2331 3636 incitante
2361 3582 2612 3648 Martiae,
2638 3585 2891 3637 omnibus
2915 3583 3117 3636 viribus
3142 3582 3347 3636 adoriri

1799 3674 2062 3742 parabant
2094 3672 2287 3727 Persas
2309 3672 2605 3741 Onoguriin
2642 3673 2959 3727 insidentes.
2980 3672 3199 3738 Accepit
3222 3687 3350 3726 vero

1792 3768 1906 3832 jam
1939 3766 2065 3819 inde
2098 3766 2167 3818 ab
2195 3766 2419 3835 antiquo
2454 3765 2540 3817 hic
2586 3764 2736 3818 locus
2766 3780 2881 3817 eam
2918 3764 3349 3833 appellationem,

1798 3856 1940 3925 quod
1976 3872 2097 3910 cum
2146 3854 2321 3908 llnnni
2371 3855 2623 3918 fortasse,
2669 3854 2905 3923 Onoguri
2945 3855 3148 3916 vocati,
3183 3869 3349 3921 supe-

1799 3953 2035 4027 rioribus
2065 3950 2395 4018 temporibus
2440 3950 2530 4003 illo
2570 3951 2685 4019 ipso
2732 3954 2783 4002 in
2827 3950 2944 4003 loco
2974 3965 3093 4002 cum
3136 3949 3351 4003 Colchis

1798 4044 1985 4110 praelia
2018 4044 2387 4096 decertassent
2418 4042 2649 4110 victique
2684 4040 2928 4105 fuissent,
2961 4040 3123 4094 veluti
3159 4057 3351 4093 monu-

1801 4135 1962 4187 menti
1990 4144 2045 4187 et
2072 4133 2257 4203 tropaai
2288 4150 2451 4188 causa
2483 4134 2531 4187 id
2566 4149 2759 4186 nomen
2789 4134 2836 4187 ei
2880 4134 2947 4186 ab
2974 4132 3237 4202 indigenis
3271 4132 3354 4184 in-

1799 4224 1968 4278 ditum
2007 4224 2199 4289 fuerit;
2254 4240 2397 4278 nunc
2425 4239 2553 4276 vero
2579 4225 2837 4292 temporis
2863 4238 2967 4275 non
2997 4222 3066 4274 ita
3104 4236 3133 4273 a
3162 4220 3354 4287 pleris-

1801 4332 1906 4386 que
1937 4317 2268 4385 appellatur;
2307 4317 2399 4370 sed
2433 4332 2554 4370 cum
2586 4316 2657 4369 ibi
2692 4317 2942 4383 templum
2969 4322 3107 4366 esset
3138 4328 3353 4366 sacrum

165 4407 449 4463 θεσπεσίου
470 4409 610 4480 ἱερὸν
637 4409 866 4463 ἐνταῦθα
891 4409 1117 4480 ἵδρυται,
1140 4411 1197 4462 ὃν
1224 4410 1287 4481 δὴ
1309 4411 1518 4480 πρῶτον
1540 4414 1692 4467 πάλαι

1805 4409 1988 4461 divino
2020 4408 2093 4461 illi
2130 4408 2425 4476 Stephano,
2472 4424 2631 4477 quem
2665 4407 2879 4475 quidem
2936 4401 3090 4473 147
3122 4405 3353 4471 primum

165 4501 323 4567 φασιν
344 4500 486 4569 ὑπὲρ
510 4501 619 4553 τῶν
662 4501 1000 4565 Χριστιανοτς
1029 4500 1224 4570 ἄριστα
1252 4502 1547 4557 δοκούντων
1586 4504 1692 4558 ἐθε-

1803 4500 1931 4552 olim
1963 4499 2116 4551 aiunt
2146 4514 2243 4565 pro
2279 4498 2604 4552 Christianis
2643 4496 2842 4563 optime
2870 4496 3231 4549 sentientibus
3262 4510 3356 4545 νιι-

168 4584 352 4657 λοντὴν
396 4588 895 4641 διακινδυνεύσαντα
944 4588 1047 4640 ὑπὸ
1092 4588 1199 4640 τῶν
1243 4590 1499 4642 ἐναντίων
1545 4609 1710 4645 κατα-

167 4676 471 4748 λευσθῆναι,
498 4676 577 4746 τῷ
603 4676 810 4729 ἐκείνου
837 4676 1056 4744 ὀνόματι
1094 4676 1373 4730 καλεῖσθαι
1415 4679 1507 4731 τὸν
1548 4681 1709 4734 τόπον

168 4770 490 4842 νενόμισται.
542 4770 719 4839 Ἦμᾶς
749 4768 804 4821 δέ
849 4761 1019 4829 οὐδὲν,
1067 4765 1239 4839 οἶμαι,
1289 4769 1350 4822 τδ
1380 4772 1603 4836 κωλύον,
1654 4778 1709 4838 ἐς

170 4860 449 4939 γνώρισμα
490 4862 559 4931 τῇ
608 4857 996 4931 ἀρχαιοτάτῃ¹⁷
1048 4861 1281 4931 χρῆσοαι
1331 4866 1705 4934 προσηγορίᾳ,

172 4953 287 5006 ἐπεὶ
308 4952 404 5007 καὶ
432 4951 713 5022 ξυγγραφῇ
745 4949 940 5027 μᾶλλον
969 4950 1250 5021 προσήκει.
1296 4949 1353 5000 ὐ
1380 4949 1443 5017 δὴ
1482 4946 1573 5001 οὖν
1602 4952 1708 5002 τῶν

181 5043 459 5115 Ῥωμαίων
488 5042 710 5123 στρατὸς
754 5044 809 5105 ἐς
863 5041 1166 5123 ’ρνόγουριν
1209 5042 1340 5093 ἱέναι
1376 5046 1709 5109 παρεσκευά-

172 5134 400 5197 Cerno".
443 5135 504 5188 Οί
534 5131 641 5201 γὰρ
662 5132 756 5186 τοῦ
791 5133 1090 5203 μιάσματος
1124 5131 1439 5201 βουληφόροι
1472 5133 1528 5192 ἐς
1554 5132 1712 5186 τοῦτο

176 5226 457 5289 ἐνέκειντο,
499 5224 802 5288 ἐλπίζοντες
848 5224 1043 5294 ῥᾳδίως
1086 5223 1241 5276 τοῦτο
1269 5224 1330 5294 δὴ
1372 5223 1431 5275 τὸ
1457 5224 1709 5292 φρούριον

177 5316 685 5387 καταστρέψασθαι·
727 5312 897 5385 ταύτῃ
938 5329 996 5363 τε
1042 5312 1132 5364 τὸν
1160 5312 1399 5380 βασιλέα,
1445 5315 1491 5364 εἰ
1524 5316 1709 5368 καὶτὰ

1804 4588 2099 4641 luntarium
2129 4599 2402 4642 certamen
2431 4588 2733 4650 adeuntem,
2764 4584 3034 4654 lapidibus
3067 4586 3135 4639 ab
3161 4586 3351 4638 adver-

1803 4681 1962 4749 sariis
1988 4680 2242 4735 obrutum
2277 4678 2463 4742 fuisse,
2492 4684 2751 4729 statutum
2784 4686 2864 4730 est
2894 4688 2950 4729 ut
2979 4692 3043 4731 ex
3078 4676 3219 4729 illius
3252 4689 3351 4725 no-

1806 4772 1948 4827 mine
1980 4771 2129 4824 locus
2150 4766 2559 4838 appellationem
2593 4754 2879 4836 acciperet.
2906 4767 3013 4821 Nos
3038 4780 3164 4817 vero
3195 4764 3349 4827 nihil,

1815 4866 2068 4925 arbitror,
2095 4870 2257 4923 vetat,
2284 4858 2575 4927 quominus
2613 4860 2980 4913 vetustissima
3004 4855 3356 4924 appellatione

1814 4953 2015 5006 notitia:
2030 4964 2191 5004 causa
2207 4957 2441 5011 utamur,
2458 4963 2581 5002 cum
2596 4950 2757 5003 etiam
2776 4949 3010 5003 historia:
3026 4945 3193 5012 magis
3216 4959 3351 4998 cen—

1814 5042 2011 5096 vcniat.
2047 5038 2416 5093 Romanorum
2449 5041 2628 5108 itaque
2660 5040 2927 5093 exercitus
2957 5035 3352 5102 expeditionem

1815 5130 2104 5201 Onogurim
2138 5146 2327 5185 versus
2366 5132 2682 5200 apparabat;
2726 5129 2884 5183 caedis
2930 5126 3071 5180 enim
3109 5138 3357 5180 auctores

1814 5226 1914 5279 hoc
1934 5222 2211 5293 urgebant,
2232 5233 2509 5292 sperantes
2532 5221 2688 5276 facile
2707 5235 2764 5273 se
2782 5220 3240 5287 propugnaculum
3261 5220 3359 5271 hoc

1812 5317 1867 5369 in
1913 5322 2228 5383 potestatem
2273 5329 2428 5369 suam
2488 5313 2828 5375 redacturos;
2870 5325 3045 5380 eoque
3072 5310 3358 5379 imperato-

1402 5466 1630 5541 VARIzE
1672 5486 2073 5545 LECTIONES.

246 5589 293 5623 “
319 5590 409 5644 τὸν
436 5590 633 5660 νεκρὸν
645 5589 691 5643 Ii
721 5588 913 5660 Lugd.,
935 5587 1002 5660 τὸν
1016 5585 1204 5660 νεκρὸν
1221 5586 1349 5660 _e_dd.

184 5660 333 5730 ᾗιυχ.
393 5675 455 5712 τε
511 5654 567 5712 at.
606 5657 679 5730 Β,
765 5654 958 5730 ⁶⁹ῖὺφζ
988 5654 1187 5730 ἑτέρων
1221 5654 1284 5705 li.

184 5725 229 5762 "
253 5723 538 5801 ιπροτέραν
584 5728 704 5780 edd.
807 5729 849 5758 ⁷⁸
877 5723 992 5781 ὀὖν
1048 5723 1168 5781 add.
1216 5741 1275 5777 ex
1316 5723 1377 5775 ll.

188 5792 232 5831 ’⁸
262 5796 669 5866 ξυνεσκευάξετο
692 5795 759 5850 Βκ

1463 5585 1505 5615 ⁸⁷
1538 5584 1643 5653 Pro
1678 5585 1929 5653 μέγιστον
1958 5595 2011 5637 et
2049 5599 2172 5639 mox

1385 5654 1430 5685 7°
1490 5652 1653 5721 φῦλον
1680 5652 1833 5725 lanie
1860 5654 2063 5725 κλεινόν
2091 5652 2243 5725 ponit
2276 5655 2339 5709 ﬂ.

1482 5708 1525 5755 ⁷³
1565 5726 1623 5789 ξυ
1633 5722 1970 5793 μδαλλόντων
2016 5723 2080 5777 R.

2204 5599 2301 5653 pro
2333 5584 2475 5653 πέρα
2499 5580 2824 5653 τοῦγΙιιοιιιιιιε
2844 5584 2913 5653 in
2943 5574 3142 5653 R.__"_
3186 5588 3356 5653 μεγα-

2443 5653 2485 5682 “
2514 5652 2676 5703 πάλαι
2699 5654 2807 5706 oni.
2843 5652 2903 5701 ll.
3023 5647 3067 5675 "
3088 5645 3255 5707 οὕτως
3292 5646 3360 5699 li.

2187 5726 2235 5755 ⁷⁸
2278 5722 2403 5791 περὶ
2466 5724 2576 5782 τοῖς
2614 5721 2679 5774 [ι.
2786 5721 2827 5750 ⁷⁷
2850 5720 2915 5786 τῇ
2935 5717 3257 5785 ἀρχαιότητι
3289 5716 3356 5769 Β.
