4032 6336
97 502 224 567 1417

1204 497 1734 560 HISTORIARUM
1766 495 1996 555 LIBER
2031 496 2140 555 Ill.

3136 499 3270 561 1413

155 620 225 682 η’.
258 602 417 663 οὗτοι
462 608 569 679 γὰρ
610 607 813 682 ἀνδρῶν
842 605 1017 677 ἔρημα
1040 604 1107 659 τὰ
1146 604 1325 676 ἐκείνῃ
1353 603 1506 655 πεδία
1534 601 1626 653 εὑ-

1795 598 1849 655 8.
1893 599 1957 653 Hi
1984 601 2125 655 enim
2160 614 2283 655 cum
2324 597 2433 671 illic
2471 617 2689 674 campos
2734 606 3042 661 hominibus
3072 624 3275 667 vacuos

92 703 290 774 ρόντες,
323 698 567 753 διέλυσάν
607 714 666 750 τε
704 698 768 750 τὸ
809 696 1142 765 χαράκωμα,
1185 694 1279 746 καὶ
1312 694 1523 746 ἅπαντα
1562 690 1631 743 τά

90 793 232 854 ἐντὸς
274 787 792 861 ληῖσάμενοι,.οὖτω
834 786 898 857 δὴ
945 784 1232 854 γεγηθότες
1263 781 1632 851 ¹⁶λὲπανῆλθον

91 886 167 944 εἰς
206 883 275 935 τά
320 881 514 943 οίκετα,
563 880 655 931 καὶ
700 877 797 947 τῆς
845 874 1109 945 προτέρας
1160 870 1313 938 αὖθις
1358 872 1539 944 χώρας
1588 871 1627 902 ⁸⁸

90 974 371 1044 ἐκράτουν.
404 970 589 1024 Καίτοι
618 970 734 1033 πῶς
757 970 816 1022 οὐ
844 968 963 1020 λίαν
1006 967 1271 1037 ἀρίδηλον,
1312 966 1387 1027 ῶς
1413 964 1552 1018 θεῖόν
1579 980 1631 1016 τι

96 1067 299 1134 μήνιμα
333 1061 428 1115 τοῦ
463 1060 675 1115 ἀνοσίου
717 1060 945 1129 αἵματος
992 1060 1036 1090 ¹⁵
1063 1059 1214 1112 ἕκατι
1244 1057 1313 1111 τά
1351 1055 1631 1125 Ῥωμαίων

91 1153 283 1223 ἔσφηλε
329 1150 528 1222 πλήθη,
558 1151 612 1204 οἴ
654 1166 717 1218 γε
753 1148 1134 1203 έδουλεύσαντό
1165 1166 1223 1201 τε
1255 1147 1324 1201 τά
1366 1147 1628 1218 χείριστα,

92 1243 181 1295 καὶ
207 1240 362 1302 ὄντες
392 1240 452 1292 οὐ
484 1242 633 1309 μεῖον
658 1239 692 1309 ἢ
740 1237 900 1291 πέντε
927 1238 1179 1309 μαχίμων
1218 1236 1427 1313 ἀνδρῶν
1454 1237 1498 1268 ’³
1527 1251 1633 1306 μυ-

94 1330 291 1400 ριάδες,
325 1328 429 1382 ὑπὸ
472 1327 777 1398 τρισχιλίων
816 1328 1037 1399 Περσῶν
1080 1328 1314 1396 ἀγεννῶς
1348 1326 1489 1379 οὕτω
1534 1342 1632 1378 πε-

92 1419 346 1488 φεύγασι,
380 1418 656 1480 πλείστους
681 1418 837 1480 ὅσους
866 1417 1324 1485 ἀποϐεϐληκότες
1356 1414 1493 1485 πλὴν
1518 1414 1631 1467 ἀλλ’

92 1511 236 1564 αὐτοί
276 1527 344 1579 γε
370 1512 419 1563 οί
449 1508 547 1578 τῆς
578 1508 883 1578 μιαιφονίας
929 1510 1153 1579 ἐργάται
1179 1509 1279 1560 οὐκ
1318 1509 1375 1571 ἐς
1419 1504 1633 1577 μακρὰν

93 1604 187 1673 τὴν
214 1601 548 1670 τελεωτάτην
584 1599 891 1670 ἀνέπλησαν
916 1600 1088 1671 δίκην,
1128 1598 1203 1662 ὡς
1234 1600 1506 1669 προϊόντες
1536 1601 1635 1667 ἀφ·

93 1691 426 1761 ηγησόμεθα.
449 1692 581 1744 Τότε
620 1692 677 1745 δὲ
702 1691 961 1762 χειμῶνος
986 1691 1392 1761 ἐπιλαϐομένου,
1438 1691 1539 1744 ἀνά
1566 1693 1635 1745 τὰ

97 1782 400 1853 πολίσματά
442 1781 506 1855 [Ρ
532 1780 621 1852 81]
671 1799 729 1835 τε
764 1783 859 1835 καὶ
901 1781 1131 1853 φρούρια
1176 1781 1317 1843 ἅπας
1341 1783 1369 1834 ό
1410 1780 1634 1851 στρατὸς

97 1876 462 1937 ἑσκεδάννυτο,
508 1869 650 1946 ᾗπερ
696 1874 906 1939 ἑκάστῳ
954 1871 1318 1941 διαχειμάζειν
1359 1872 1628 1923 ἐτέτακτο.

108 1963 191 2017 Ἐν
210 1962 385 2031 τούτῳ
407 1962 462 2013 δὲ
485 1940 553 2015 τά
582 1940 687 2013 τῶν
712 1960 929 2029 Κόλχων
955 1960 1249 2031 πράγματα
1275 1956 1548 2028 ἀμφίϐολά
1571 1972 1632 2023 γε
1662 1940 1706 1999 Β

95 2050 158 2123 ἦν
186 2055 241 2116 ἐς
283 2054 355 2105 τὰ
392 2050 621 2120 μάλιστα
671 2053 762 2105 καὶ
794 2051 1190 2120 τεταραγμένα.
1228 2048 1514 2120 Τοιγάρτοι
1542 2048 1637 2102 καὶ

98 2146 324 2205 ἅπαντες
350 2145 397 2195 oi
428 2145 484 2195 ὲν
516 2143 656 2195 τέλει
684 2143 992 2213 διηπόρουν,
1016 2142 1158 2204 τίνες
1186 2141 1253 2194 ἂν
1280 2140 1516 2209 γένοιντο
1544 2139 1637 2194 καὶ

96 2236 210 2287 ὅποι
233 2236 509 2304 τραπεὶεν.
541 2232 647 2285 Καὶ
672 2230 762 2286 οὖν
792 2232 894 2285 ὑπό
934 2248 1053 2284 τινα
1084 2232 1341 2301 φάραγγα
1365 2228 1459 2281 τοῦ
1489 2231 1634 2282 Καυ-

100 2323 258 2375 κάσου
286 2322 603 2391 ἀγείραντες
645 2324 704 2375 ὲν
748 2316 1039 2393 ἀπορρήτῳ
1066 2322 1125 2375 τὸ
1155 2322 1400 2374 πλεῖστον
1414 2318 1515 2372 τοῦ
1546 2318 1636 2371 έθ-

97 2432 236 2477 νιους,
279 2413 358 2475 ὡς
403 2413 468 2467 ἀν
516 2413 601 2486 μὴ,
634 2413 873 2466 ἔκπυστα
914 2414 1000 2483 εἴη
1031 2414 1073 2445 ιδ
1100 2415 1211 2477 τοῖς
1252 2411 1540 2482 Ῥωμαίοις
1569 2412 1637 2465 τά

100 2503 463 2575 μελετώμενα,
507 2504 697 2575 βουλὴν
732 2504 1093 2573 προύτίθεντο,
1124 2502 1348 2573 πότερον
1380 2502 1471 2553 ἐπὶ
1501 2502 1636 2571 Πέρ-

99 2612 193 2659 σας
231 2597 657 2666 μεταχωρητέον,
688 2596 722 2666 ἢ
755 2594 976 2665 μενετέα
1019 2595 1098 2646 ἔτι
1128 2593 1276 2663 παρά
1328 2591 1632 2661 Ῥωμαίοις.

98 2686 296 2741 Αὐτίκα
338 2686 395 2740 δὲ
434 2686 619 2739 πολλοὶ
669 2685 1063 2756 άπερῤίπτοντο
1104 2683 1270 2750 λόγοι,
1316 2684 1366 2735 οί
1415 2682 1514 2753 μὲν
1545 2683 1641 2734 ἐπὶ

97 2778 239 2845 τάδε,
262 2780 313 2831 οί
353 2778 407 2831 δὲ
437 2777 528 2829 ἐπὶ
557 2776 753 2846 θάτερα
782 2775 1223 2847 προκαλούμενοι.
1250 2770 1357 2828 Ἦν
1387 2774 1442 2827 δὲ
1479 2774 1635 2844 ἄκρι-

98 2885 183 2931 τος
207 2870 240 2937 ἡ
274 2867 373 2938 βοὴ
417 2868 508 2919 καὶ
533 2866 869 2938 ταραχώδης,
919 2867 1054 2937 μήτε
1089 2864 1181 2919 τοῦ
1219 2864 1464 2932 λέγοντος
1488 2864 1635 2927 ὅστις

101 2959 203 3028 εἴη,
234 2960 371 3027 μήτε
412 2958 440 3010 ὃ
461 2974 513 3009 τι
550 2956 678 3009 ποτὲ
707 2956 851 3025 λέγοι
880 2956 945 3022 ¹⁸,
977 2953 1496 3025 διαγιγνωσκομένου
1540 2970 1637 3006 σα-

102 3048 230 3115 φῶς.
278 3048 414 3100 Τότε
447 3046 513 3117 δὴ
559 3041 651 3100 οὖν
699 3047 746 3099 οί
793 3044 1147 3100 δυνατώτατοι
1192 3045 1350 3114 σιγὴν
1398 3046 1495 3115 μὲν
1523 3046 1637 3109 τοῖς

100 3137 355 3201 πλήθεσιν
378 3138 521 3209 ἔχειν
554 3136 992 3208 παρεκελεύοντο,
1024 3137 1275 3208 παριέναι
1304 3137 1359 3190 εὲ
1386 3137 1478 3217 τόν
1509 3137 1635 3208 βου-

1735 690 2085 755 invenissent,
2125 694 2300 749 soluto
2328 695 2611 764 dirutoque
2648 697 2809 759 vallo,
2840 697 3019 751 omnia
3059 715 3179 769 quae
3222 702 3275 756 in

1735 796 1801 835 eo
1833 793 1989 838 erant
2020 784 2330 854 depraedati,
2362 786 2467 842 laeti
2508 787 2574 840 ad
2612 802 2708 842 sua
2740 788 3035 856 redierunt,
3066 793 3277 859 priora-

1735 888 1839 940 que
1882 873 2073 928 iterum
2118 876 2233 930 loca
2262 887 2612 947 occuparunt.
2654 880 2815 948 Atqui
2844 896 2953 949 quo
2985 891 3141 950 pacto
3172 898 3279 937 non

1736 962 1911 1019 cuivis
1948 964 2101 1019 valde
2135 967 2473 1036 perspicuum
2515 968 2694 1034 fuerit,
2716 970 2951 1025 divinam
2993 964 3279 1043 quamdam
3342 996 3347 1000 ι

1738 1051 1870 1106 iram
1908 1053 2120 1121 injustas
2150 1057 2324 1115 caedis
2368 1073 2531 1114 causa
2567 1059 2931 1115 Romanorum
2965 1064 3148 1131 copias
3175 1064 3280 1116 cir-

1738 1144 2095 1208 cumvenisse,
2142 1161 2263 1200 cum
2292 1147 2522 1215 pessima
2558 1148 2779 1202 consilia
2820 1159 3019 1204 secuta:
3060 1152 3277 1216 fuerint,

1735 1240 1790 1284 et
1842 1231 2234 1301 quinquaginta
2291 1247 2399 1286 non
2450 1234 2632 1289 minus
2677 1221 2923 1290 virorum
2964 1237 3278 1292 bellatorum

1742 1317 1909 1371 millia
1940 1333 1971 1372 a
1999 1319 2173 1375 tribus
2198 1319 2483 1376 Persarum
2525 1324 2760 1379 millibus
2786 1326 2921 1379 adeo
2943 1326 3175 1395 turpiter.
3195 1326 3280 1380 fu-

1736 1418 1881 1478 gata,
1919 1425 2080 1479 quam
2120 1413 2366 1482 plurimis
2388 1413 2746 1471 desideratis?
2790 1415 2957 1472 Porro
2992 1418 3090 1487 ipsi
3120 1419 3279 1473 etiam

1737 1502 1896 1555 credis
1936 1512 2181 1559 auctores
2229 1520 2335 1559 non
2375 1506 2543 1560 multo
2588 1517 2709 1576 post
2744 1519 3033 1564 extremam
3067 1526 3277 1581 poenam

1740 1593 1976 1657 luerunt,
2034 1602 2093 1647 ut
2140 1595 2194 1648 in
2245 1612 2527 1668 progressu
2567 1600 2927 1655 narrabimus.
2978 1601 3114 1656 Tum
3154 1620 3280 1656 vero

1737 1682 2015 1753 ingruente
2059 1685 2233 1741 hieme
2263 1703 2356 1758 per
2388 1691 2579 1758 Oppida
2622 1700 2677 1744 et
2712 1694 3110 1761 propugnacula
3161 1698 3281 1748 uni-

1738 1790 1925 1830 versus
1961 1776 2227 1832 exercitus
2276 1787 2359 1833 est
2396 1782 2740 1849 distributus,
2780 1795 2940 1853 prout
2978 1786 3173 1853 cuique
3214 1790 3280 1841 ad

1736 1865 2126 1921 hibernandum
2149 1868 2298 1924 locus
2323 1879 2408 1925 est
2437 1872 2769 1943 designatus.
2808 1874 3016 1930 interea
3054 1876 3279 1933 Colcho-

1733 1971 1853 2010 rum
1883 1971 1970 2012 res
2006 1958 2181 2014 dubiae
2206 1959 2495 2027 admodum
2525 1964 2858 2033 turbataque
2878 1976 3051 2031 erant,
3079 1984 3201 2023 cum
3227 1979 3279 2024 et

1735 2043 1970 2125 universi
2024 2045 2292 2116 principes
2343 2048 2499 2121 ιει
2543 2051 2680 2106 ἱηιοι·
2727 2067 2820 2107 eos
2870 2054 2974 2108 viri
3012 2058 3279 2113 haererent

1732 2133 1918 2200 animi,
1954 2135 2083 2204 quid
2130 2150 2347 2208 agerent
2376 2156 2552 2209 quove
2589 2157 2648 2197 se
2673 2152 2962 2203 verterent.
2996 2147 3133 2201 Cum
3172 2150 3275 2202 ita-

1730 2238 1838 2292 que
1869 2225 1936 2282 ad
1972 2229 2259 2295 quamdam
2292 2230 2519 2286 Caucasi
2548 2236 2751 2289 montis
2783 2236 3076 2291 convallem
3106 2241 3276 2293 maxi-

1733 2330 1873 2368 mam
1916 2319 2091 2386 gentis
2156 2334 2269 2375 sua:
2314 2332 2522 2390 partem
2563 2326 2701 2379 clam
2750 2339 3157 2397 convocassent,
3212 2346 3279 2389 ne

1732 2406 1963 2461 inauditi
1998 2424 2031 2461 a
2059 2407 2317 2465 Romanis
2343 2427 2464 2481 quae
2496 2415 2865 2470 tractabantur
2886 2430 3124 2487 possent,
3156 2437 3279 2491 prn-

1732 2510 2022 2569 posuerunt
2050 2499 2116 2555 ad
2145 2502 2574 2572 deliberandum,
2598 2514 2777 2559 utrum
2804 2508 2870 2562 ad
2896 2508 3085 2566 Persas
3105 2522 3281 2568 trans-

1731 2589 1965 2666 eundum
1996 2599 2156 2656 esset,
2182 2607 2261 2645 an
2297 2606 2426 2645 vero
2462 2594 2602 2661 apud
2649 2592 2919 2652 Romanos
2961 2599 3135 2655 adhuc
3161 2617 3279 2656 ma-

1735 2678 1990 2735 nendum.
2020 2678 2209 2741 Statim
2239 2696 2366 2735 vero
2390 2682 2547 2757 multi
2568 2685 2956 2753 spargebantur
2978 2703 3274 2754 sermones,

1733 2767 1855 2822 aliis
1887 2768 2011 2834 hoc,
2041 2770 2169 2826 aliis
2192 2769 2323 2825 illud
2369 2774 2710 2843 urgentibus.
2750 2775 3126 2834 Confusaneus
3154 2796 3281 2834 vero

1732 2867 1786 2913 et
1817 2848 2173 2917 turbulentus
2201 2862 2406 2917 clamor
2449 2864 2803 2933 excitabatur,
2831 2866 2966 2921 adeo
3007 2878 3069 2925 ut
3109 2886 3280 2941 neque

1732 2951 1856 3020 quis
1897 2952 2118 3019 diceret,
2162 2954 2513 3025 nequequid
2542 2956 2766 3023 diceret,
2819 2969 3003 3029 aperte
3044 2962 3279 3017 discerni

1736 3052 1941 3112 posset.
1971 3041 2107 3097 Tum
2139 3044 2409 3115 principes
2440 3045 2639 3100 indicto
2671 3048 3002 3106 multitudini
3047 3051 3277 3118 silentio,

1730 3133 1924 3204 jubent
1956 3142 2016 3189 ut
2042 3134 2292 3204 quiquid
2323 3135 2464 3190 facto
2504 3152 2638 3205 opus
2681 3138 2951 3193 videretur
2984 3144 3281 3210 composite

101 3228 317 3299 λόμενον
360 3230 418 3282 ἐν
461 3228 648 3299 κόσμῳ
691 3229 783 3281 καί
818 3229 879 3281 τὸ
917 3228 1187 3298 πρακτέον
1215 3227 1463 3315 διεξιέναι
1489 3231 1636 3290 ὅστις

1737 3245 2035 3299 proponere
2073 3230 2250 3295 vellet,
2303 3234 2595 3298 accederet,
2624 3235 2929 3305 quicunque
2973 3240 3185 3292 tandem
3233 3241 3280 3293 is

102 3319 166 3373 ἂν
189 3315 300 3384 οἷός
327 3337 388 3373 τε
518 3320 676 3390 Ἀνὴρ
715 3319 771 3371 δέ
815 3336 900 3383 τις
930 3319 1035 3375 τῶν
1064 3306 1464 3390 λογιμωτάτων,
1506 3319 1637 3387 Alﬁ-

100 3426 195 3481 της
240 3410 410 3480 δνομα
460 3410 524 3476 ⁸⁸,
575 3409 850 3489 ἐδυσφόρει
898 3410 1093 3479 μᾶλλόν
1147 3426 1201 3463 τι
1248 3410 1495 3463 ἁπάντων
1542 3410 1637 3463 καὶ

102 3500 446 3571 ἐχαλέπαινεν
482 3499 575 3553 ἐπὶ
614 3500 692 3571 τῷ
726 3500 1105 3571 ξυνενεχθέντι,
1154 3499 1229 3555 ὣν
1276 3499 1374 3570 μὲν
1422 3500 1515 3553 καὶ
1546 3500 1640 3552 ἄλ-

102 3592 202 3657 λως
232 3593 598 3665 μισορώμαιος
624 3594 687 3660 ⁸⁷,
730 3593 825 3648 καί⁵
858 3593 928 3649 τά
971 3591 1193 3665 Περσῶν
1235 3592 1320 3646 ἀεὶ
1349 3592 1637 3663 προσιέμε-

101 3702 205 3750 νος.
233 3685 368 3739 Τότε
410 3681 471 3739 δὲ
513 3685 608 3739 καὶ
652 3683 811 3738 πλέον
838 3683 915 3754 τῷ
947 3682 1284 3756 εὑπροσώπῳ
1318 3684 1414 3754 τῆς
1464 3684 1639 3747 αίτιας

102 3774 500 3847 ἀποχρώμενος,
529 3773 763 3845 ἐξαίρειν
785 3774 1038 3845 ἐπειρᾶτο
1065 3774 1207 3843 πέρα
1230 3773 1324 3825 τοῦ
1351 3764 1641 3844 προσήὲον-

102 3884 187 3932 τος
232 3868 295 3922 τὸ
322 3867 714 3936 γεγενημένον·
764 3866 859 3920 καὶ
890 3864 1009 3919 οὐδὲ
1049 3863 1242 3934 βουλῆς
1276 3863 1507 3932 ἔφασκεν
1532 3862 1640 3915 δεῖν

106 3960 192 4010 ἐπὶ
216 3961 326 4021 τοῖς
370 3957 649 4023 παροῦσιν,
676 3955 791 4009 ἀλλ’
834 3955 995 4018 εὐθὺς
1022 3957 1079 4018 ὲς
1119 3953 1444 4009 τελεώτατον
1487 3954 1640 4023 μηδι⁶

108 4050 234 4119 σμδν
259 4050 605 4119 καταστῆναι.
638 4046 758 4101 Τῶν
799 4046 856 4099 δὲ
897 4045 1068 4098 ἄλλων
1115 4043 1191 4115 μὴ
1234 4046 1429 4115 χρῆναι
1460 4045 1640 4111 λεγόν-

105 4159 207 4197 των
232 4140 374 4196 οὕτω
399 4142 463 4212 δή
491 4158 542 4194 τι
568 4139 823 4210 ἐξαπίνης
846 4138 936 4192 τὸν
961 4137 1072 4207 βίον
1095 4136 1212 4191 ὅλον
1242 4136 1284 4168 ³⁸
1311 4135 1641 4205 μετασκευά-

109 4234 317 4301 ςασθαι,
346 4233 476 4304 πρὶν
500 4232 564 4303 δὴ
604 4229 938 4302 σχολαίτερον
966 4228 1112 4297 σφίσι
1157 4226 1558 4297 βουλευομένοις
1582 4226 1641 4277 τὸ

108 4327 237 4397 λῷον
262 4325 581 4396 ἀναφανείη,
606 4327 635 4378 ό
658 4323 715 4377 δὲ
740 4320 972 4384 ἀναστὰς
1000 4320 1095 4376 σὺν
1119 4321 1274 4392 ὀργῇ,
1305 4320 1399 4373 καὶ
1428 4333 1640 4389 προπη-

110 4420 268 4489 δήσας
294 4420 404 4482 ¹⁹ὲς
431 4417 643 4489 μέσους,
676 4414 1000 4487 ἐδημηγόρει
1028 4413 1344 4483 καθάπερὲν
1369 4412 1643 4483 δημοκρα-

110 4508 237 4579 τικῷ
265 4508 645 4579 βουλευτηρίῳ.
676 4502 783 4561 Ἦν
814 4506 919 4577 γάρ
960 4504 1053 4558 καὶ
1080 4504 1255 4571 λέγειν
1292 4496 1459 4565 δεινὸς
1489 4502 1644 4555 πλέον

1736 3320 1816 3373 vel
1851 3321 2243 3392 qualiscunque
2274 3331 2437 3378 esset.
2476 3321 2569 3376 Vir
2604 3333 2778 3378 autem
2819 3324 3037 3394 quidam
3069 3339 3278 3396 specta-

1735 3410 1876 3477 bilis,
1908 3410 2091 3468 Eetes
2122 3413 2356 3479 nomine,
2386 3414 2479 3484 qui
2508 3429 2615 3484 pra:
2645 3414 2764 3469 aliis
2802 3416 3055 3472 omnibus
3080 3417 3277 3474 factum

1738 3502 1841 3557 hoc
1873 3503 2099 3558 moleste
2126 3504 2449 3575 indigneque
2480 3503 2701 3570 terebat,
2736 3514 2789 3559 et
2821 3506 3020 3577 alioqui
3055 3506 3279 3563 Romani

1736 3594 1975 3649 nominis
2024 3609 2153 3650 osor
2199 3596 2539 3673 Persicisque
2586 3597 2747 3650 rebus
2798 3611 3010 3668 semper
3038 3600 3277 3663 studens,

1738 3693 1868 3739 tunc
1894 3697 1947 3741 et
1969 3686 2183 3755 quidem
2211 3688 2382 3757 magis
2404 3687 2651 3757 specioso
2685 3704 2863 3743 causa:
2885 3699 3142 3760 praetextu
3187 3693 3282 3745 ab-

1739 3785 1896 3831 utens
1924 3775 2123 3832 factum
2174 3778 2350 3848 ipsum
2384 3793 2546 3849 supra
2585 3794 2745 3849 quam
2780 3795 2875 3847 par
2916 3792 3033 3835 erat
3053 3798 3279 3852 exagge-

1738 3881 1860 3919 rare
1882 3851 2152 3922 nitebatur
2169 3907 2184 3933 ,
2208 3883 2454 3924 asserens
2478 3878 2878 3943 respraesentes
2898 3851 3281 3926 deliberatione

1738 3973 1846 4011 non
1901 3974 2079 4027 egere,
2124 3959 2218 4014 sed
2262 3957 2543 4037 confestim
2595 3958 2937 4031 apertissime
2980 3958 3051 4012 ad
3088 3958 3281 4015 Persas

1739 4049 2123 4103 transeundum
2170 4063 2310 4104 esse.
2360 4049 2492 4104 Aliis
2536 4064 2663 4127 vero
2717 4058 2905 4103 contra
2953 4049 3279 4117 dicentibus,

1739 4154 1847 4192 non
1893 4149 2140 4209 oportere
2178 4140 2248 4194 ita
2296 4149 2513 4210 repente
2549 4148 2717 4196 totam
2768 4140 2930 4195 vitam
2975 4143 3280 4207 immutare,

1739 4229 2052 4300 priusquam
2124 4231 2349 4288 lentiore
2411 4232 2797 4287 deliberatione
2853 4232 3076 4299 habita,
3138 4236 3282 4305 quod
3356 4258 3358 4262 λ

1740 4321 1976 4375 maxime
2006 4337 2037 4376 e
2081 4338 2140 4376 re
2180 4321 2319 4376 foret
2348 4332 2678 4392 compertum
2722 4322 3163 4391 exploratumque
3198 4340 3284 4377 es-

1741 4419 1850 4476 set;
1875 4421 1985 4464 tutn
2022 4411 2112 4465 ille
2152 4412 2230 4465 ira
2267 4410 3287 4481 concitatuscum155assurrexissct

1742 4511 1797 4556 et
1827 4502 1879 4556 in
1917 4503 2119 4556 medios
2160 4502 2497 4572 prosiliisset,
2529 4503 2843 4558 concionem
2896 4501 3085 4556 habuit
3121 4505 3287 4559 veluti

110 4590 305 4667 ἦνκατά
333 4596 654 4669 βαρϐάρους,
684 4597 776 4649 καὶ
796 4591 906 4658 οἷος
929 4596 1040 4655 τοῖς
1068 4593 1297 4661 νοήμασι
1334 4591 1637 4662 ῥητορεύειν

1745 4593 1797 4646 in
1841 4602 2028 4647 senatu
2074 4594 2339 4663 pepulari.
2389 4594 2517 4648 Erat
2555 4593 2696 4647 enim
2737 4592 3096 4661 eloquentior,
3124 4610 3287 4665 quam

112 4689 315 4759 φύσεως
350 4689 631 4760 δεξιότητι.
668 4690 777 4742 Καὶ
799 4687 975 4742 τοίνυν
1007 4684 1151 4750 ἔλεξε
1188 4683 1362 4737 τοιάδε
1382 4701 1395 4713 ·

177 4966 240 5019 8‘.
279 4967 351 5019 El
374 4962 488 5032 μὲν
528 4962 597 5015 ἐν
632 4961 834 5031 λόγοις
866 4955 1022 5029 ἡμᾶς
1048 4959 1095 4991 ’⁸
1116 4957 1214 5011 καί
1233 4956 1487 5033 ,ϐουτιαὲξ
1513 4956 1640 5022 ἠδί-

60 5090 67 5115 ι
115 5071 259 5110 κουν
294 5052 582 5122 Ῥωμαῖοι,
612 5047 818 5119 καλῶςξ
848 5051 924 5106 ἂν
955 5052 1053 5104 καί
1076 5049 1243 5120 ἡμεῖς
1271 5048 1393 5114 τοῖς
1422 5050 1642 5114 ὁμοίοις

62 5134 75 5245 ᾗ
114 5146 324 5213 αὐτοὺς
357 5147 401 5177 ’ί
426 5144 780 5215 ἀμυνόμενοι
811 5128 1185 5211 διετελοῦμεν
1204 5157 1220 5171 ο
1261 5140 1377 5195 νῦν
1421 5140 1488 5192 δὲ
1519 5140 1641 5205 πῶς

116 5234 379 5302 ἀνεκτὸν,
427 5236 568 5302 τοὺς
615 5234 730 5305 μὲν
779 5234 893 5301 ἤδη
942 5235 1014 5288 τὰ
1060 5233 1300 5287 πάντων
1342 5233 1645 5287 δεινότατα

78 5323 477 5396 ᾕδεδρακέναι,
505 5326 647 5396 ἡμῖν
670 5325 738 5379 δὲ
783 5325 888 5379 τὸν
914 5324 1022 5377 τοῦ
1061 5323 1405 5393 ἀντιδρᾶσαι
1440 5323 1643 5390 καιρὸν

1743 4683 1919 4736 solent
1951 4699 2071 4739 esse
2118 4684 2351 4747 barbari,
2382 4684 2581 4753 quique
2628 4682 2911 4738 sententiis
2944 4684 3079 4753 ipsis
3106 4694 3287 4739 orato-

1745 4789 1855 4828 rem
1904 4780 2061 4847 ager'e
2094 4785 2318 4845 poterat,
2366 4785 2569 4828 naturae
2609 4771 2923 4830 dexteritate
2955 4776 3189 4845 adjutus.
3227 4772 3281 4827 In

1746 4868 1890 4923 hunc
1916 4870 2097 4937 itaque
2123 4867 2337 4919 modum
2366 4866 2526 4919 verba
2557 4865 2718 4921 fecit:

1816 4959 1869 5013 9.
1911 4959 1972 5014 Si
2009 4957 2173 5011 verbis
2212 4973 2305 5009 nos
2343 4966 2434 5009 aut
2473 4958 2704 5012 consiliis
2749 4958 3004 5012 [missam
3049 4956 3284 5017 Romani,

1747 5059 1882 5103 recte
1930 5047 2160 5117 profecto
2196 5048 2355 5099 etiam
2396 5062 2487 5100 nos
2533 5046 2789 5101 similibus
2842 5046 2989 5099 rebus
3036 5043 3284 5112 injuriam

1748 5144 2145 5197 vindicarcmus.
2178 5137 2229 5191 Ν
2236 5156 2333 5193 nnc
2358 5156 2475 5193 vero
2494 5156 2715 5209 quonam
2742 5136 2892 5209 pa'cto
2929 5137 3024 5190 hoc
3066 5136 3134 5189 sit
3160 5136 3287 5190 tole-

1748 5232 1989 5297 randum,
2030 5230 2149 5283 illos
2189 5231 2396 5298 quidem
2442 5231 2782 5283 atrocissimis
2823 5228 2977 5281 malis
3018 5245 3111 5283 nos
3158 5230 3273 5297 απε-

1748 5325 1901 5387 cissc,
1952 5321 2098 5374 nobis
2138 5338 2252 5374 vero
2290 5320 2681 5388 compensanda:
2713 5319 2924 5387 injuriae
2966 5323 3293 5375 occasionem

1377 5499 1460 5555 VA
1470 5500 1607 5556 ΒΙᾹΞ
1638 5498 2037 5555 LECTIONES.
2122 5526 2123 5529 η

184 5691 228 5722 ¹⁹
248 5690 311 5761 δή
336 5704 392 5741 τι
426 5688 639 5761 γεγδι.
683 5688 755 5761 Αη
788 5684 971 5761 χώρας
997 5679 1152 5747 αὖθις
1304 5682 1374 5761 ’ξ’
1400 5682 1495 5735 τοῦ
1548 5682 1660 5761 ἀνω
1707 5678 2079 5761 ρεύμιιιιιοςβ³
2155 5680 2198 5713 ⁸³
2234 5679 2491 5761 άνδρείων
2518 5675 2566 5729 R
2594 5691 2693 5761 pro
2720 5667 2950 5761 ἀνδρῶν.
3104 5677 3189 5761 εἴτε
3222 5675 3285 5735 lt,

124 5758 195 5812 ἔοι
220 5747 363 5825 vulg.
439 5747 482 5789 ί⁸
506 5747 655 5823 λέγει
683 5756 748 5812 R.
790 5747 1040 5825 ’διαγιγν.
1086 5753 1271 5821 σαφῶς
1304 5749 1368 5812 R,
1408 5751 1637 5825 catino:

1758 5750 1901 5825 vulg.
1979 5749 2024 5780 ¹⁶
2054 5750 2225 5825 ὄνομα
2256 5747 2573 5825 [nscimus
2599 5748 2748 5825 vulg,
2821 5748 2859 5779 ¹⁷
2887 5747 3285 5825 μισορρώμα’τ;;

108 5831 259 5899 'vulg.
311 5816 379 5861 ’⁷³⁸
399 5825 508 5899 βίον
532 5816 651 5879 ὂλον
688 5816 1045 5899 Βηδλονῇον
1081 5816 1224 5899 vulg.
1244 5816 1637 5899 -μετασκ-ευάσο

1737 5837 1774 5871 ιι
1790 5816 1879 5899 ﬁ,
1918 5816 2346 5899 μετασκευάσθιιι
2398 5816 2564 5899 Lugd.
2598 5816 2915 5899 et‘ed..pr.,
2960 5818 3287 5895 P~37501J4i~

127 5892 239 5954 σθσῖ
265 5892 410 5957 Ρπί
460 5896 502 5927 ⁸’
530 5896 913 5965 προπηδήσας
934 5892 1007 5947 Β.
1040 5920 1045 5923 -

437 6018 697 6081 ΡΔτιοι..
727 6014 838 6075 Gn.
872 5978 1243 6075 Lx'xxvm.

1082 5894 1127 5925 so
1156 5889 1300 5962 ,ςμᾶς
1329 5890 1442 5945 Ret
1477 5891 1661 5961 intpr.,
1706 5889 1847 5958 ὑμᾶς
1881 5889 2021 5959 νυίὲο

2098 5891 2139 5921 ⁸⁸
2165 5890 2355 5949 αὐτοὺς
2378 5888 2497 5940 add.
2538 5901 2605 5941 cx
2636 5889 2677 5942 li
2705 5896 2755 5942 et
2784 5888 2925 5953 ittlpr
2955 5886 3003 5936 in
3026 5902 3131 5938 cos.

3012 5998 3085 6057 ἶιό
