4032 6336
186 434 327 498 1445

1324 438 1853 500 HISTORIARUM
1879 441 2106 502 LIBER
2138 444 2253 506 III.

3251 435 3384 522 ius

180 544 367 595 πόλιν
388 540 505 610 τὴν
543 542 839 611 Ποντικὴν
867 543 986 611 ἅμα
1031 542 1111 609 τῷ
1148 544 1379 612 στρατῷ
1408 546 1738 615 μεταϐήσῃ,

1840 556 1932 614 per
1957 551 2124 603 otium
2173 568 2412 621 agamus,
2469 555 2590 623 ﬁdis
2627 567 2827 611 utentes
2874 562 3244 629 internuntiis;
3283 560 3386 621 nisi

178 630 418 685 ἐνθάδε
444 632 513 685 δὲ
542 633 711 701 ἡμεῖς
753 634 1049 704 μενοῦμεν
1096 637 1151 688 ol
1176 666 1183 674 -
1204 634 1423 702 Πέρσαι
1443 652 1456 664 ·
1489 638 1640 689 οὕτω
1677 652 1741 688 τε

178 720 257 773 τὰ
299 721 346 751 ⁷³
396 718 501 789 τῆς
537 722 863 791 ἐκεχειρίας
908 725 1301 792 σχολαίτερον
1331 722 1737 793 διαλεξόμεθα,

176 810 419 878 πιστοῖς
445 811 731 881 χρώμενοι
752 813 1221 882 ἀγγελιαφόροις.
1247 816 1316 868 El
1344 810 1453 885 γὰρ
1472 816 1556 886 μὴ
1590 814 1742 869 ἑκὼν

180 898 270 969 [Ρ.
310 897 401 971 95]
438 896 590 955 εἶναι
618 900 865 968 ἀπάξεις
911 901 1149 955 ἐνθένδε
1198 902 1242 933 ⁷⁸
1283 902 1348 955 τὸ
1380 902 1736 973 στράτευμα,

178 990 328 1052 ἴσθι,
380 984 428 1041 ὦ
474 989 730 1056 γενναῖε,
780 990 860 1055 ὡς
894 989 1041 1055 πρὸς
1067 988 1334 1059 ἀνάγκης
1362 992 1737 1061 ἀπελαθήσῃ.

176 1079 542 1132 Βεϐαιότατα
582 1080 694 1148 γὰρ
716 1078 829 1149 ἐγὼ
867 1078 983 1147 τὴν
1023 1080 1201 1148 νίκην
1226 1081 1362 1148 ἔχω,
1394 1082 1491 1133 καὶ
1525 1084 1743 1151 περιϐέ-

176 1172 402 1239 ϐλημαι
431 1172 478 1210 ⁷⁸
501 1173 572 1225 οὐ
596 1169 1005 1239 χαλεπώτερον
1047 1172 1087 1239 ἢ
1120 1170 1253 1224 τόδε
1276 1172 1340 1224 τὸ
1373 1173 1587 1241 κτῆμα.
1628 1175 1737 1228 Καὶ

174 1261 298 1331 ἅμα
313 1262 504 1330 λέγων,
521 1262 610 1315 τὸν
625 1261 902 1314 δακτύλιον
928 1261 1269 1316 ἐπεδείκνυεν
1292 1262 1336 1310 7⁵
1351 1260 1409 1315 ὃν
1424 1263 1737 1333 ἐπεφέρετο.

178 1351 329 1421 Πρὸς
346 1350 516 1406 ταῦτα
533 1352 590 1404 δὲ
614 1350 894 1405 ὑπολαϐών
910 1369 924 1381 ·
965 1353 1134 1407 Ἀλλ’
1152 1351 1366 1421 ἔμοιγε,
1393 1356 1420 1405 ό
1446 1353 1738 1423 Μαρτίνος,

182 1445 411 1497 εὐκτὸν
436 1444 552 1512 μὲν
581 1445 621 1512 ἠ
665 1443 871 1512 εἰρήνη
906 1442 1071 1496 δοκεῖ
1107 1443 1205 1497 καί
1237 1444 1598 1512 τιμιιὶιτατον,
1644 1446 1741 1498 καὶ

176 1534 587 1602 συλλήψομαι
612 1548 717 1587 σοι
752 1533 1175 1605 προσαγομένη)
1200 1551 1264 1587 τε
1306 1533 1498 1601 αὐτὴν
1523 1535 1621 1588 καὶ
1648 1551 1744 1587 κα-

179 1624 494 1683 θιστῶντι·
534 1624 775 1693 ἄμεινον
820 1624 908 1688 δὲ,
961 1620 1138 1693 οἶμαι,
1190 1624 1373 1678 ταῦτα
1419 1624 1740 1695 δράσοιμεν

178 1716 282 1783 ἂν,
306 1716 428 1787 εἴγε
463 1716 545 1771 σὺ
567 1717 684 1786 μὲν
718 1717 797 1783 ὡς
823 1716 1075 1787 τάχιστα
1101 1718 1165 1783 ἐς
1203 1717 1457 1784 Ἰϐηρίαν
1475 1734 1738 1786 μεταχω-

1841 653 1955 691 vero
1996 641 2164 693 volens
2190 659 2251 695 ac
2280 644 2447 699 libens
2466 648 2745 701 exercitum
2772 652 2890 703 hinc
2917 652 3215 720 abduxeris,
3233 659 3388 723 scite,

1841 744 1872 777 o
1913 728 2088 793 bone,
2119 732 2255 799 quod
2306 747 2397 799 per
2446 735 2548 786 vim
2600 737 2981 805 proﬂigaberis.
3029 742 3389 805 Certissimam

1842 817 1979 868 enim
2018 818 2177 871 habeo
2203 820 2474 874 victoriam
2501 863 2516 887 ,
2547 841 2759 895 eantque
2776 830 2935 881 nihilo
2964 832 3235 899 difficilius
3260 825 3390 889 mihi

1838 909 2134 971 comparavi
2163 925 2317 977 quam
2344 911 2477 964 hanc
2504 917 2874 977 possessionem
2906 934 2927 992 ;
2972 905 3237 991 simulque
3276 925 3391 980 haec

1840 994 2049 1059 dicens,
2107 1000 2385 1063 annulum,
2439 1018 2599 1071 quem
2632 1008 2889 1073 gestabat,
2940 1012 3272 1065 ostendebat.
3312 1015 3392 1067 Αιι

1840 1088 1954 1142 haec
1994 1088 2288 1158 subjiciens
2319 1092 2623 1149 Martinus:
2679 1094 2747 1147 Et
2781 1097 2939 1164 mihi,
2980 1100 3174 1169 inquit,
3212 1119 3316 1170 pax
3336 1105 3391 1155 in

1839 1180 1970 1231 votis
1997 1196 2297 1249 summoque
2325 1183 2379 1234 in
2410 1185 2576 1251 pretio
2613 1194 2711 1248 est,
2759 1196 2902 1248 teque
2947 1204 3059 1241 eam
3095 1207 3391 1259 proponen-

1842 1276 1943 1321 tem
1986 1279 2035 1322 et
2076 1274 2474 1327 constituentem
2518 1276 2743 1343 juvabo;
2788 1278 2966 1331 melius
3014 1296 3131 1332 vero
3164 1285 3270 1333 lucc
3298 1299 3389 1335 nos

1838 1355 2157 1423 perfecturos
2185 1362 2435 1425 putarim,
2465 1362 2509 1413 si
2533 1373 2587 1414 tu
2617 1380 2771 1431 quam
2802 1364 3046 1419 citissime
3075 1367 3126 1418 in
3163 1365 3391 1420 Iberiam

1841 1453 1891 1496 te
1923 1447 2274 1513 transtuleris,
2329 1450 2487 1519 182
2520 1469 2611 1521 ego
2645 1471 2763 1507 vero
2790 1455 3109 1510 Muchirisim
3135 1476 3213 1511 me
3250 1477 3388 1512 rere-

1840 1550 1986 1603 pero,
2043 1546 2198 1607 atque
2228 1541 2302 1591 ita
2342 1541 2404 1593 de
2462 1542 2615 1595 rebus
2664 1547 2860 1598 nostris
2913 1548 3264 1615 dispiciemus.
3320 1551 3389 1603 lle

1838 1625 2061 1679 victoria
2114 1644 2230 1681 vero
2268 1628 2422 1681 liceat
2472 1629 2565 1681 tibi
2608 1630 2932 1698 jactabumle
2981 1651 3390 1705 arroganterque

1848 1711 2009 1781 loqui,
2040 1731 2253 1785 eamque
2289 1719 2425 1777 inter
2452 1719 2652 1772 venales
2684 1730 2732 1773 et
2781 1732 2957 1775 nostro
3006 1726 3223 1777 arbitrio
3262 1729 3384 1780 sub-

174 1809 413 1877 ρήσεις,
446 1808 558 1879 ἐγὼ
594 1808 662 1860 δὲ
692 1809 1017 1878 ἐλεύσομαι
1042 1809 1106 1877 ἐς
1149 1809 1547 1877 Μουχείρισιν.
1582 1810 1740 1862 Οὕτω

1839 1803 2005 1872 jectas
2032 1821 2094 1858 ac
2122 1809 2381 1874 parabiles
2411 1824 2487 1861 res
2518 1811 2793 1865 collocare.
2835 1812 2944 1882 Ego
2998 1832 3114 1868 vero
3142 1819 3386 1870 victorias

179 1872 255 1953 τε
284 1872 450 1952 τὰ
476 1872 621 1951 ποσὶ
666 1872 1125 1967 διασκεψίόμεθά.
1163 1872 1379 1967 Τῆς-δε
1397 1899 1571 1967 νίκης
1610 1899 1740 1965 πέρι

1843 1893 1940 1947 Dei
1986 1896 2139 1948 unius
2192 1896 2455 1973 voluntate
2501 1901 2689 1953 librari
2745 1918 2924 1971 censeo
2956 1922 3165 1975 eamque
3197 1912 3387 1960 nonad

179 1990 285 2042 σοὶ
310 1989 428 2057 μὲν
452 1986 671 2053 ἐξέστω
695 1990 1098 2059 μεγαλαυχεῖν
1123 1989 1204 2055 τῷ
1237 1990 1394 2059 λόγῳ
1425 1989 1521 2042 καὶ
1555 1990 1739 2043 αὐθα-

180 2077 500 2145 διάζεσθαι,
546 2079 647 2133 καί
695 2079 815 2133 τῶν
850 2078 1140 2150 ἀγοραίων
1179 2078 1373 2147 αὐτὴν
1406 2079 1502 2132 καί
1546 2080 1743 2133 αὐθαι-

173 2168 372 2237 ρέτων
416 2168 687 2239 ἡγεῖσθαι
722 2169 1051 2239 κτημάτων.
1128 2169 1274 2240 Ἐγὼ
1317 2168 1386 2222 δὲ
1426 2169 1525 2223 καὶ
1568 2170 1743 2223 τοῦτό

188 2276 349 2330 φημι
388 2258 463 2329 τῇ
517 2260 624 2315 τοῦ
666 2261 1001 2328 κρείττονος
1038 2260 1502 2314 meammeam
1542 2259 1740 2329 γνώμῃ

182 2351 285 2405 καί
334 2353 406 2406 οὺ
448 2351 605 2420 παρὰ
648 2352 786 2416 τοὺς
838 2351 992 2422 μέγα
1043 2350 1528 2420 ,βρενθυομένους
1570 2350 1737 2415 lerat,

182 2444 325 2499 ἀλλ’
344 2444 430 2512 ἐφ’
456 2443 563 2509 οὓς
580 2444 659 2498 ἂν
676 2446 709 2498 ὁ
725 2442 963 2497 πάντων
999 2443 1339 2513 προαγωγὸς
1363 2442 1648 2509 ἐπινεύσῃ
1671 2440 1737 2495 ⁷⁷.

182 2534 346 2589 οὕτω
364 2534 420 2587 δὲ
440 2534 533 2588 τοῦ
552 2533 820 2603 Μαρτίνου
841 2531 1191 2604 ἀνδρειότατά
1211 2549 1272 2585 τε
1291 2532 1386 2585 καὶ
1412 2531 1558 2602 μάλα
1579 2532 1743 2596 ὁσίως

182 2624 645 2696 ἀποκριναμένου,
676 2623 773 2677 καὶ
808 2624 854 2656 ⁷⁸
880 2626 947 2695 τῇ
981 2622 1074 2676 τοῦ
1110 2622 1384 2695 βαρϐάρου
1412 2626 1742 2695 νεμεσήσαν-

181 2733 279 2780 τος
312 2714 594 2786 ἀλαζονείᾳ
624 2714 778 2767 οὐδὲν
818 2713 875 2768 δὲ
922 2713 1099 2768 ὁτιοῦν
1146 2713 1406 2786 προελθὸν
1442 2716 1739 2785 εἰρηναῖον,

179 2805 536 2877 διεκρίθησαν
566 2806 659 2859 ἀπ’
691 2805 952 2877 ἀλλήλων.
982 2806 1092 2860 Καὶ
1120 2807 1150 2859 ὀ
1180 2806 1277 2875 μὲν
1319 2807 1377 2868 ἐς
1421 2806 1483 2857 τὸ
1516 2806 1739 2873 στρατό-

184 2897 354 2951 πεδον
396 2896 657 2966 ἐπανῆκε,
688 2897 962 2966 Μαρτῖνος
1005 2896 1062 2949 δὲ
1102 2897 1161 2959 ἐς
1196 2894 1295 2965 τὴν
1338 2894 1538 2963 Νῆσον.
1569 2894 1659 2965 Τῷ
1684 2894 1739 2948 δὲ

113 3008 116 3010 ⁷
185 2988 517 3059 Ναχοραγάν
548 2985 771 3056 μενετέα
803 2984 900 3055 μὲν
927 2984 1089 3038 αὑτοῦ
1111 2986 1310 3056 ἥκιστα
1356 2984 1551 3048 ἐδόκει,
1588 2987 1645 3048 ἐς
1684 2983 1740 3036 δὲ

1842 1985 2107 2055 [astuosos
2163 1988 2408 2058 valdeque
2434 1989 2597 2042 elatos
2621 2006 2842 2060 vergere,
2866 1998 2955 2046 sed
2984 1997 3051 2047 ad
3078 2014 3185 2061 eos,
3206 1998 3388 2067 quibus

1838 2077 1932 2131 ille
1972 2080 2203 2132 omnium
2238 2083 2521 2148 productor
2572 2092 2725 2151 atque
2779 2085 3079 2138 moderator
3128 2092 3388 2142 annuerit.

1838 2168 1969 2224 Haec
1995 2186 2118 2225 cum
2156 2170 2419 2226 Martinus
2446 2182 2759 2242 perstrenue
2789 2176 3272 2247 honestissimeque
3302 2196 3389 2233 re-

1848 2258 2180 2329 spondisset,
2210 2262 2425 2316 barbari
2455 2265 2761 2333 arrogantia
2816 2265 3076 2330 oﬂeusus,
3136 2284 3263 2337 pace
3305 2272 3390 2322 in-

1840 2349 2004 2416 fecta,
2043 2366 2074 2404 a
2104 2360 2295 2405 mutuo
2349 2353 2621 2421 colloquio
2670 2356 3072 2425 discesserunt;
3116 2369 3275 2429 atque
3306 2360 3393 2414 hic

1838 2440 2061 2510 quidem
2113 2442 2180 2496 ad
2213 2455 2413 2509 castra,
2468 2442 2733 2499 Martinus
2766 2461 2894 2502 vero
2956 2449 3009 2502 in
3070 2451 3301 2506 Insulam
3337 2468 3393 2505 se

1839 2532 2058 2601 recepit.
2093 2530 2442 2603 Nachoragan
2468 2544 2647 2590 autem
2680 2551 3021 2606 nequaquam
3052 2539 3124 2593 ibi
3155 2557 3388 2595 commo-

1838 2622 2066 2677 randum
2102 2638 2352 2687 censens,
2399 2627 2466 2679 ad
2500 2616 2791 2681 Pbasidetﬁ
2830 2629 3016 2683 urbem
3061 2646 3118 2685 se
3148 2633 3393 2687 conferre

1838 2713 2051 2777 statuit,
2087 2728 2259 2784 eoque
2295 2716 2473 2783 potius
2500 2715 2772 2773 Romanos
2793 2735 3034 2775 evocare.
3054 2721 3392 2778 Facillimum

1838 2803 1983 2866 enim
2008 2814 2315 2875 expugnalu
2340 2805 2449 2861 illic
2477 2820 2598 2862 esse
2629 2812 3089 2880 propugnaculum
3120 2812 3384 2876 audierat,

1837 2894 2034 2964 quippe
2078 2895 2223 2965 quod
2268 2904 2435 2951 totum
2484 2912 2515 2952 e
2569 2898 2728 2969 lignis
2766 2910 3095 2956 exstructum
3132 2914 3293 2967 esset,
3340 2914 3392 2958 et

1848 2984 2225 3054 circumiectos
2248 3001 2469 3057 campos
2506 2998 2747 3058 patentes
2784 2998 2852 3046 et
2896 2994 3087 3049 castris
3126 2996 3393 3049 men-ridis

182 3078 281 3132 τὸν
321 3078 488 3132 Φᾶσιν
519 3077 565 3109 ⁷⁹
610 3077 709 3150 τὴν
754 3076 908 3131 πόλιν
960 3076 1094 3130 ίέναι
1142 3076 1413 3137 διενοεῖτο,
1460 3076 1637 3129 ἐκεῖσέ
1679 3092 1739 3128 τε

1842 3078 2283 3132 accommodatos
2319 3080 2558 3134 haberet.
2596 3082 2758 3151 Atqui
2812 3084 3000 3139 urbem
3048 3085 3331 3141 Phasidem
3361 3104 3390 3140 a

188 3171 395 3242 μᾶλλον
419 3170 809 3226 ἐκκαλέσασθαι
837 3172 963 3234 τοὺς
994 3170 1317 3241 Ῥωμαίους.
1363 3168 1740 3239 Ἐπιμαχὼτα-

1839 3164 2003 3220 ﬂuvio
2034 3166 2081 3220 ei
2110 3168 2429 3234 cognomine
2454 3168 2525 3221 ita
2555 3178 2799 3224 vocatam
2832 3187 2951 3226 esse
2970 3216 2983 3238 ,
3002 3175 3272 3238 omnibus,
3303 3191 3391 3227 ar-

184 3279 281 3316 τον
316 3262 423 3333 γὰρ
469 3262 529 3315 τὸ
564 3262 745 3331 ἐκείνῃ
789 3260 967 3332 ἔρυμα
1011 3255 1147 3313 εἶναι
1188 3261 1481 3321 ἐπέπυστο,
1536 3259 1629 3312 ἅτε
1676 3258 1740 3330 δὴ

1839 3253 2028 3317 bitror,
2051 3263 2134 3307 est
2158 3254 2534 3321 notissimum;
2582 3258 2672 3326 qui
2709 3258 2924 3327 quidem
2963 3260 3156 3315 lluvius
3201 3260 3390 3315 I’ha‘sis

188 3349 370 3415 ξύλοις
402 3350 546 3403 ἅπαν
588 3348 1008 3418 ἐσκευασμένον,
1054 3348 1146 3400 καὶ
1190 3347 1271 3399 τὰ·
1303 3348 1533 3417 ἐχόμενα
1583 3347 1740 3399 πεδία

1839 3359 1947 3399 non
1977 3345 2163 3414 procul
2194 3345 2262 3398 ab
2290 3361 2350 3399 ea
2380 3345 2516 3413 lluit,
2552 3357 2606 3400 et
2643 3349 2787 3403 circa
2826 3351 2993 3418 ipsam
3030 3351 3081 3403 in
3116 3351 3385 3405 Euxinum

186 3441 432 3512 εὑόμαλά
456 3441 501 3472 ⁸⁸
518 3458 578 3495 τε
605 3440 698 3493 καὶ
724 3438 903 3508 ἀγαθὰ
926 3436 1566 3508 ἐνστρατοπεδεύεασθαι.
1604 3437 1740 3505 Ἤδη

1839 3434 2069 3490 Pontum
2098 3435 2285 3490 fertur.
2331 3438 2411 3491 Ad
2457 3439 2607 3493 littus
2660 3440 2802 3493 enim
2857 3450 2911 3494 et
2956 3443 3092 3496 ostia
3136 3447 3263 3497 urbs
3288 3444 3388 3497 sita

185 3533 249 3587 δὲ
287 3534 324 3603 ἡ
352 3533 502 3596 πόλις
524 3534 553 3586 ό
580 3532 766 3599 Φᾶσις,
795 3531 1019 3594 ἅπασιν,
1042 3527 1213 3601 οἶμαι,
1246 3528 1639 3600 διαδηλότατον,
1668 3528 1740 3590 ὡς

1841 3538 1956 3595 est;
1997 3528 2161 3581 distat
2188 3537 2365 3582 autem
2398 3529 2467 3583 ab
2501 3530 2676 3585 insula
2705 3546 2801 3586 sex
2837 3547 3109 3588 summum
3135 3549 3390 3604 parasan-

187 3627 257 3678 ἐκ
296 3623 392 3677 τοῦ
435 3624 679 3695 ποταμοῦ
722 3622 910 3693 εἴληφε
949 3623 1049 3693 τὴν
1097 3621 1437 3692 ἐπωνυμίαν,
1487 3619 1740 3690 πλησιαί-

1842 3618 1924 3688 gis
1955 3633 2209 3674 occasum
2252 3635 2462 3676 versus.

186 3738 335 3777 τατα
376 3721 743 3793 ὑπορρέοντος,
794 3719 887 3772 καὶ
925 3718 1061 3788 ἀμφ’
1090 3716 1257 3789 αὐτὴν
1290 3719 1346 3781 ἐς
1412 3716 1502 3769 τὸν
1570 3714 1818 3777 Εὔξεινον
1855 3712 2045 3766 πόντον
2093 3715 2547 3785 ἀπερευγομένου.
2582 3714 2725 3785 Πρὸς
2766 3715 2874 3787 γὰρ
2919 3715 2995 3785 τῷ
3039 3717 3265 3787 αἰγιαλῷ
3296 3718 3390 3770 καὶ

187 3816 313 3876 ταῖς
364 3812 606 3876 ἐκϐολαῖς
653 3813 715 3867 τὸ
759 3813 997 3882 πόλισμα
1054 3812 1295 3883 ἵδρυταισ
1350 3810 1626 3881 ἀφέστηκε
1683 3808 1741 3860 δὲ
1777 3806 1876 3877 τῆς
1918 3807 2103 3878 Νήσου
2140 3807 2200 3872 ἒξ
2241 3808 2476 3878 μάλιστα
2549 3811 2926 3879 παρασάγγαις
2970 3812 3061 3863 ἐπὶ
3138 3812 3389 3880 δυόμενον

232 3905 349 3956 λιον
381 3902 448 3955 ⁸⁸.
1142 3940 1147 3946 .

320 3919 349 3955 ν
381 3906 448 3955 εί.
1142 3940 1147 3946 .

186 3906 339 4049 illis.
378 3992 549 4057 Εὐθὺς
573 3992 636 4065 δὴ
663 3987 755 4047 οὖν
780 3995 809 4047 ὁ
835 3991 1161 4063 Ναχοραγάν
1183 3992 1372 4062 πόρρω
1399 3993 1507 4045 τῶν
1532 3989 1740 4045 νυκτῶν

1909 3982 2063 4052 183
2134 3982 2223 4035 20.
2290 3982 2586 4038 Confestim
2636 3984 2817 4055 itaque
2877 3983 3226 4055 Nachoragan
3305 3988 3381 4042 in-

187 4087 296 4150 τὰς
348 4086 580 4149 ἀκάτους
622 4085 822 4148 ὁπόσας
871 4084 955 4153 ἐφ’
991 4082 1212 4153 ἁμαξῶν
1243 4084 1499 4154 ἐπήγετο,
1550 4083 1608 4142 ὲς
1654 4080 1740 4132 τὴν

1839 4082 2100 4146 tempesta
2146 4082 2306 4131 nocte
2381 4077 2642 4146 scaphis,
2706 4086 2972 4147 quotquot
3011 4094 3191 4133 secum
3235 4079 3381 4147 plau-

190 4178 441 4248 τεαταμδν
471 4176 723 4250 ἐμϐαλὼν
746 4177 836 4229 καὶ
862 4174 1146 4242 συζεύξας,
1175 4174 1422 4228 λανθάνει
1448 4176 1571 4236 τοὺς
1612 4173 1740 4225 Ῥω-

1839 4168 1969 4222 stris
2024 4167 2357 4234 advexerat,
2418 4170 2473 4222 in
2516 4168 2714 4222 ﬂumen
2772 4169 3029 4224 immissis
3086 4179 3246 4239 atque
3300 4171 3386 4223 in-

191 4272 394 4343 μαίους
425 4270 666 4342 γέφυράν
704 4268 765 4322 τέ
806 4285 927 4323 τινα
973 4267 1033 4333 ἐξ
1069 4268 1370 4339 αὐτομάτου
1414 4267 1743 4338 πηξάμενος,

186 4366 292 4419 καὶ
321 4364 468 4418 ἅπαν
499 4363 562 4416 τὸ
603 4361 803 4433 πλῆθος
841 4362 899 4425 ἐς
947 4360 1010 4414 τὸ
1059 4360 1355 4433 ἀντιπέραν
1398 4360 1744 4422 διαϐιϐάσας·

184 4454 445 4509 ἐϐούλετο
472 4454 580 4524 γὰρ
605 4456 660 4518 ἐς
698 4454 768 4508 τά
799 4453 935 4524 πρὸς
980 4453 1128 4506 νότον
1163 4453 1361 4523 ἄνεμον
1391 4452 1681 4523 ἀφικέσθαι
1702 4452 1746 4484 δ’

183 4545 287 4600 τοῦ
318 4544 527 4609 ἄστεος,
559 4544 679 4598 ὅθεν
699 4544 763 4615 δὴ
793 4543 941 4613 αὐτῷ
971 4543 1217 4612 οὐδαμῶς
1242 4543 1442 4612 ἤμελλε
1461 4544 1528 4595 τὰ
1560 4542 1748 4612 ῥεῖθρα

181 4634 286 4690 τοῦ
320 4634 565 4706 ποταμοῦ
618 4634 842 4705 κώλυμα
876 4633 1089 4687 ἔσεσθαι
1138 4631 1217 4703 τῷ
1261 4631 1534 4702 περιϐόλῳ
1580 4631 1756 4707 πελά--

182 4727 375 4793 (over
405 4726 510 4780 ὑπὸ
538 4724 739 4797 γὰρτὸ
780 4724 1024 4797 ἀρκτῷον
1056 4726 1323 4795 καταρρεῖ
1364 4722 1459 4777 καὶ
1485 4722 1744 4793 παρατεί-

182 4836 342 4877 vcta:
368 4819 549 4891 μέρος.
583 4818 693 4873 Καὶ⁸
728 4818 757 4870 ὁ
787 4818 885 4888 μὲν
912 4816 1051 4888 ἀμφὶ
1076 4815 1139 4869 τὸ
1168 4813 1487 4886 περίορθρον
1513 4814 1648 4885 ἄρας
1678 4815 1742 4867 ἐκ

180 4912 295 4984 τῆς
335 4909 521 4981 ὄχθης,
560 4910 735 4981 εἴχετο
764 4908 865 4978 τῆς
907 4907 1151 4979 πορείας,
1181 4907 1275 4960 καὶ
1314 4905 1412 4976 τὴν
1453 4904 1633 4973 Νῆσον
1666 4903 1741 4969 ὡς

181 5003 466 5072 ἀπωτάτω
512 5001 1012 5079 παραμειψάμενος,
1041 4998 1145 5053 ἀνά
1187 4998 1255 5052 τὰ
1292 4996 1475 5067 πρόσω
1512 4995 1737 5067 ἐχώρει·

184 5097 354 5169 μόλις
388 5094 445 5148 δέ
488 5092 619 5164 περὶ
658 5092 963 5173 πλήθουσαν
1009 5089 1212 5161 ἀγορὰν
1263 5089 1313 5141 oi
1359 5087 1615 5156 Ῥωμαίοι
1642 5088 1741 5159 τὴν

177 5188 444 5243 διάϐασιν
486 5181 807 5249 ιγνωκότες,
851 5181 1281 5252 διεταράχθησάν
1310 5198 1367 5232 τε
1409 5177 1503 5231 καὶ
1540 5178 1585 5209 ³³
1616 5180 1742 5249 περὶ

179 5276 449 5331 πλείστου
504 5272 780 5327 ἐποιοῦντο
825 5271 1153 5340 προτερῆσαι
1190 5270 1293 5324 ἀνά
1328 5270 1387 5321 τὸ
1438 5267 1571 5320 ἄστυ
1620 5270 1740 5330 τοὺς

1841 4269 1923 4316 ter
1977 4275 2036 4316 se
2098 4260 2322 4329 junctis,
2378 4260 2565 4317 insciis
2616 4249 2874 4315 Romanis
2921 4271 3134 4332 pontem
3175 4263 3387 4327 stravit,

1842 4362 1896 4409 et
1972 4353 2268 4414 exercitum
2339 4354 2651 4409 universum
2710 4354 2761 4407 in
2842 4354 3141 4421 oppositam
3218 4355 3391 4424 ripam

1842 4444 2161 4499 transmisit.
2203 4443 2464 4513 Cupiebat
2510 4447 2650 4498 enim
2679 4444 2733 4497 in
2782 4439 2900 4497 eam
2952 4444 3133 4513 Oppidi
3160 4454 3388 4513 partem,

1843 4548 1963 4603 qua:
2011 4543 2257 4588 austrum
2290 4542 2512 4603 spectat,
2545 4532 2860 4602 pervenire;
2891 4548 2921 4586 e
2947 4548 3049 4602 qua
3080 4544 3226 4603 parte
3253 4536 3391 4592 Pha-

1844 4623 1977 4679 sidis
2035 4623 2237 4680 ﬂuenta
2300 4640 2637 4695 nequaquam
2686 4624 2789 4677 sibi
2848 4626 3231 4695 impedimento
3274 4629 3389 4683 fore

1844 4715 2163 4770 videbantur
2224 4730 2380 4770 muro
2440 4716 2921 4785 appropinquanti;
2952 4734 3074 4771 nam
3112 4720 3156 4773 is
3203 4718 3253 4771 in
3288 4718 3386 4772 bo-

1845 4807 2040 4861 realem
2060 4807 2327 4861 delabitur
2348 4813 2402 4859 et
2423 4806 2757 4874 protenditur
2785 4818 3007 4877 partem.
3038 4807 3387 4878 Nacltoragan

1843 4899 2025 4969 itaque
2054 4900 2153 4952 sub
2183 4898 2417 4966 primum
2451 4897 2751 4954 diluculum
2799 4915 3021 4954 movens
3054 4915 3083 4953 e
3133 4900 3241 4966 ripa
3288 4902 3389 4955 iter

1843 5006 2000 5045 suum
2058 4990 2412 5055 continuavit,
2440 4990 2759 5062 [.Insulaque
2809 5007 2967 5063 quam
3030 4993 3391 5050 remotissima

1789 5116 1793 5118 ν
1842 5077 2110 5147 ργαεῑειιὶιε
2134 5077 2198 5131 ad
2228 5070 2483 5135 ulteriora
2503 5084 2785 5149 processit.
2839 5081 3063 5135 Romani
3110 5097 3238 5137 vero
3267 5102 3386 5140 cum

1842 5171 1929 5223 vix
1960 5168 2174 5222 tandem
2207 5169 2336 5223 liora
2368 5171 2473 5225 diei
2503 5181 2653 5226 sexta
2684 5174 2835 5241 pleno
2869 5171 2978 5240 jam
3022 5172 3139 5225 loro
3187 5190 3388 5245 cogno-

1845 5265 2049 5317 vissent
2078 5261 2268 5319 Persas
2298 5266 2492 5319 ﬁumen
2547 5267 2847 5335 trajecisse,
2894 5266 3235 5321 vehementer
3273 5284 3389 5337 per-

180 5370 508 5439 πολεμίους.
537 5364 820 5439 Τοιγάρτοι
847 5361 941 5427 τάς
968 5378 1027 5414 τε
1057 5363 1295 5432 τριήρεις
1324 5361 1415 5414 καὶ
1455 5360 1566 5413 ὅσοι
1592 5374 1740 5429 τρια-

1846 5355 2046 5409 turbati
2082 5363 2258 5423 erant,
2304 5371 2621 5425 summaque
2672 5356 2722 5408 vi
2775 5355 3157 5410 adnitebantur
3208 5358 3388 5409 hostes

207 5482 211 5484 ’
1458 5500 1692 5557 VARIAE
1722 5498 2125 5556 LECTIONES.
2578 5462 2583 5467 ’

257 5649 313 5681 ⁷³
332 5648 397 5701 τὰ
439 5661 547 5701 om.
582 5646 646 5700 Β.
734 5646 783 5678 ’⁵
806 5645 987 5699 ἐνθάδε
1013 5644 1076 5698 Β.
1173 5643 1220 5674 ⁷⁵
1240 5642 1382 5714 ἔχων
1417 5644 1595 5714 περιϐ,
1623 5644 1685 5697 R.
1739 5713 1746 5714 ί
1776 5643 1824 5714 1⁷⁸
1853 5640 2188 5714 ἐπεδείκνυεν
2240 5642 2327 5707 IL,
2362 5639 2700 5714 ἐπεδείκνυτο
2730 5640 2900 5714 νιιιςζ.Δ
2949 5639 2991 5669 ⁷⁷
3026 5634 3278 5705 ἐπινεύσῃ
3314 5632 3379 5698 Β,

184 5718 471 5776 ιπινεύσοι
501 5718 642 5785 vulg.
692 5786 697 5787 ν
725 5715 917 5787 Δημκαὶ
971 5723 1096 5771 ante
1120 5715 1185 5787 τῇ
1218 5708 1329 5767 om.
1364 5713 1428 5766 Β.
1490 5708 1503 5714 ’
1532 5715 1576 5746 ⁷⁸
1606 5715 1693 5768 τὸν
1717 5712 1879 5787 Φάσιν
1902 5710 1966 5775 Β,
1990 5713 2086 5781 τὴν
2115 5715 2177 5765 Φ.
2203 5714 2348 5787 vulg.
2438 5711 2483 5740 "°
2507 5709 2744 5787 εὑόμαλα
2782 5708 2849 5787 li;
2886 5708 3045 5787 impr.
3064 5716 3384 5787 “exsequutus

181 5766 912 5862 ἓὲ⁷ῥὶιίἓὲιὲἐοςὲέῗέὑέμ6ολα
933 5766 1092 5854 Vilis-7
1119 5766 1346 5862 δὲςυῑμε
1382 5800 1521 5862 δραι,
1555 5766 1867 5862 constantia:
1897 5766 2081 5860 causa,
2109 5766 2499 5862 auctoritatem
2540 5766 2771 5862 eti-dicis“.
2816 5766 2872 5862 in
2916 5766 3183 5862 pripribus
3238 5787 3382 5862 (frte

184 5845 355 5919 Iib'ris
381 5845 727 5928 Lugdunensi
745 5845 909 5927 longe
933 5845 1340 5926 pristantioris.
1414 5845 1653 5910 “stadiis
1676 5860 1877 5908 centum
1909 5845 2076 5922 impr;
2102 5853 2281 5921 (πέντε
2312 5853 2464 5919 παρ.)
2538 5851 2583 5883 ⁸³
2613 5851 2815 5905 ἱκέσθαι
2838 5845 2930 5902 Β(
2973 5847 3018 5879 ⁸³
3050 5863 3111 5910 γε
3135 5849 3225 5899 καὶ
3246 5845 3309 5902 R.
