4042 6334
201 429 346 509 m7-

1327 433 1858 498 IIISTOIHARUM
1909 434 2134 500 LIBER
2172 435 2264 493 IV.

3260 440 3396 506 1478

199 563 393 624 tnfet;
419 557 728 628 Προδοτῶν
745 549 985 624 μὲνοῦν
1111 553 1346 621 άληθῶς
1366 553 1461 606 και
1495 552 1580 623 [Ρ.
1606 551 1738 623 ΜΞ]

1846 550 1980 602 ribus
2033 567 2156 602 sane
2215 551 2376 602 etiam
2447 553 2850 620 quamplurimis
2890 571 2918 607 e
2951 557 3121 611 meaio
3152 558 3393 618 sublatis,

198 652 513 712 πλείστων,
541 650 594 701 ει
623 647 720 700 καὶ
749 646 909 699 ὅσων
938 643 1386 710 ἀπολλυμένων,
1410 645 1463 695 εὶ
1493 642 1591 694 καὶ
1631 659 1744 710 μη-

197 742 297 794 δὲν
322 741 525 807 ἕτερον
553 737 673 790 τῶν
696 721 1004 804 ὠφὲλίμων
1033 732 1156 798 τοῖς
1182 731 1514 800 ἀνῃρηκόσι
1555 746 1741 798 προσ-

198 830 431 901 γένοιτο
479 831 545 890 ⁸⁸,
601 827 760 882 ἀλλὰ
808 825 1066 894 αὐτάτε
1117 823 1186 876 τὸ
1235 821 1372 885 τοὺς
1440 823 1743 885 τοιούτους

197 920 481 985 θνήσκειν
510 919 848 988 ἀρκούντως
902 914 1032 984 ἔχει
1086 913 1236 982 πρὸς
1279 912 1513 977 ὄνησιν.
1567 912 1636 962 Et
1675 910 1745 962 δὲ

198 1006 516 1077 προδοσίας
547 1004 834 1077 μηδαμῶς
864 1002 1383 1072 άποδεδειτμένης.
1417 1001 1744 1070 ἠφάνισται

196 1119 278 1166 τις
315 1099 530 1167 ἀθρόον
575 1097 696 1152 τῶν
729 1094 962 1164 σφόδρα
983 1096 1244 1164 λογίμων
1287 1093 1386 1146 καὶ
1438 1090 1744 1159 τετιμώρη-

195 1205 303 1249 ται,
346 1186 610 1253 καθάπερ
649 1181 950 1254 διαφανῶς
1013 1180 1426 1252 ἐγνωσμένος-ς
1490 1177 1616 1245 πῶς
1666 1178 1745 1232 ἂν

195 1278 335 1342 ὑμῖν
365 1275 604 1331 ἐνθένδε
652 1275 719 1328 τὸ
773 1261 1153 1342 συμμαχικὸν
1211 1269 1621 1339 σωφρονήσειε
1656 1269 1743 1330 ⁶⁸;

196 1367 320 1433 ιίῶς
350 1367 419 1420 δὲ
452 1369 561 1420 οὐκ
594 1365 672 1418 ἂν
700 1363 942 1432 μᾶλλον
968 1361 1067 1417 καὶ
1094 1362 1445 1416 διαλύσαιεν
1467 1360 1541 1412 τὰ
1598 1375 1745 1428 συτ-

196 1461 454 1527 κείμενα,
487 1458 547 1512 εῐ
569 1473 635 1528 τε
671 1454 996 1520 κοινωνοὺς
1025 1452 1180 1523 ὑμᾶς
1209 1455 1256 1486 ⁸⁸
1282 1451 1576 1520 ὑπάρχειν
1634 1449 1744 1505 τοῦ

190 1551 518 1620 μιάσματος
541 1548 828 1616 οίηθεῖεν;
857 1545 1246 1616 Λοτιζόμενοι,
1275 1545 1357 1608 ὡς
1400 1543 1456 1596 ει
1480 1559 1546 1612 τε
1595 1541 1746 1608 πρὸς

195 1640 332 1706 τοὺς
353 1638 746 1703 οἰκειοτάτους
796 1636 938 1706 ὑμῖν
990 1634 1089 1688 καὶ
1149 1633 1434 1699 συνήθεις
1506 1632 1746 1701 φειδοῦς

195 1731 411 1795 ἣκιστα
451 1729 689 1798 μέτεστι
721 1729 820 1782 καὶ
859 1727 1270 1793 δικαιοσύνης,
1311 1723 1514 1793 σχολῇ
1572 1740 1640 1793 τε
1664 1722 1742 1777 ἂν

189 1822 413 1887 βέϐαιοι
439 1820 765 1890 διαμενεῖτε
790 1820 940 1887 πρὸς
966 1817 1127 1884 τοὺς
1144 1815 1492 1887 ἀλλογενεῒς
1519 1817 1616 1870 και
1651 1816 1745 1869 ὀθ-

192 1917 410 1975 νείους,
456 1910 552 1964 και
586 1908 697 1978 τῆς
733 1908 1209 1975 προσπεσούσης
1233 1907 1458 1976 χρείας,
1521 1908 1595 1959 οὑ
1648 1921 1743 1958 πε·

187 2001 432 2072 ιαιτέρω
459 1997 935 2070 νομιζομένους.
980 1998 1144 2052 Ἀλλ’
1185 1997 1324 2051 οὔτε
1352 1996 1746 2066 μετειλήφατε

192 2094 299 2167 τοῦ
335 2092 769 2160 βουλεύματος,
817 2089 955 2142 οὔτε
1012 2087 1079 2142 τό
1121 2088 1353 2152 τούτοις
1400 2086 1517 2152 ιδίᾳ
1558 2101 1746 2154 προοι-

191 2184 466 2251 κείμενον
510 2181 652 2250 ἆτος
702 2179 803 2233 ἐπὶ
853 2179 922 2234 τὸ
979 2180 1228 2246 σύμπαν
1269 2177 1389 2231 τῶν
1448 2178 1748 2244 Ῥωμαίων

190 2274 366 2336 ἔθνος
391 2269 806 2338 άναδραμεῖται
833 2285 848 2298 ·
899 2268 1036 2321 οὔτε
1064 2266 1179 2333 τὴν
1203 2266 1385 2320 πάλαι
1417 2267 1549 2334 περὶ
1583 2264 1748 2334 ὑμῶν

190 2357 584 2427 κρατήσασαν
605 2356 811 2420 δόξαν,
845 2354 926 2421 ὡς
952 2353 1067 2423 ἄρα
1103 2355 1300 2408 πιστοὶ
1342 2355 1415 2408 τὰ
1487 2353 1604 2422 ἤδη
1648 2353 1747 2406 και

184 2450 420 2515 βέϐαιοι
459 2446 881 2516 καθεστήκατε,
939 2444 1040 2498 και
1075 2442 1328 2509 δικαίοις
1355 2500 1358 2503 ,
1383 2441 1611 2512 χρῆσθε
1649 2442 1747 2494 νό-

186 2559 326 2610 μοις
364 2542 432 2606 ⁸³,
455 2541 495 2608 ἠ
529 2539 753 2592 τούτων
779 2537 1016 2602 νικήσει
1072 2532 1512 2602 κακοδαιμονία.
1571 2533 1748 2586 Τούν-

196 2634 409 2684 artior
437 2631 560 2700 ιτὰρ
591 2628 689 2681 καὶ
721 2627 1021 2695 ἡγούμεθα
1045 2626 1114 2680 τὸ
1140 2623 1335 2692 παρὸν
1363 2621 1755 2691 δικαστήριον·

190 2723 348 2790 ὑπὲρ
379 2719 490 2786 τῆς
541 2715 751 2784 κοινῆς
783 2715 890 2769 τοῦ
928 2712 1142 2783 γένους
1161 2712 1433 2775 εὐκλείας
1451 2726 1750 2778 συνεστη-

193 2809 388 2874 κέναι,
423 2809 582 2873 ὅπως
623 2805 700 2860 ἂν
740 2792 998 2870 ἅπαντες
1040 2803 1332 2871 ἄνθρωποι
1396 2801 1615 2872 γνοῖεν,
1667 2800 1748 2864 ὡς

186 2897 468 2964 οὐδαμῶς
504 2893 583 2966 ἦν
600 2894 742 2965 ὑμῖν
786 2894 832 2926 ⁸⁸
864 2891 1262 2963 ,βουλομένοις
1318 2890 1559 2945 τοιαῦτα
1608 2889 1748 2954 τοὺς

189 2991 472 3057 Κόλχους
521 2988 686 3042 δεινὰ
713 2985 814 3041 καὶ
855 2985 1027 3049 βίαια
1074 2983 1450 3039 πεπονθέναι.
1489 2982 1617 3036 Νῦν
1634 2979 1750 3049 μὲν

188 3082 304 3152 τὰρ
345 3082 488 3148 ἴσως
514 3081 608 3150 ἐφ’
643 3077 891 3146 ἑκάτερα
929 3075 1046 3156 τῶν
1088 3074 1333 3131 πολλῶν
1380 3071 1750 3142 φοιτῶσινριιι

1839 641 2044 692 etiamsi
2078 640 2206 692 nihil
2240 640 2390 693 aliud
2427 642 2676 696 utilitatis
2707 644 2776 695 ad
2809 645 3160 713 interfectores
3201 646 3395 711 redeat,

1840 731 1950 800 ipse
2006 741 2177 784 tamen
2240 732 2424 784 talium
2467 734 2709 786 interitus
2734 735 2938 788 abunde
2966 738 3095 789 satis
3127 753 3218 805 per
3248 754 3302 790 se
3321 747 3397 790 est
3484 757 3488 762 ι

1842 823 2161 891 fructuosus.
2185 821 2252 876 At
2286 838 2404 876 vero
2433 825 2503 886 si,
2535 825 2826 892 proditione
2856 828 3155 895 neutiquam
3189 826 3401 880 demon-

1841 921 2035 975 strata,
2074 914 2344 980 confestim
2364 917 2444 967 vir
2465 915 2656 983 aliquis
2688 918 2907 968 maximi
2935 918 3158 968 nominis
3188 933 3214 969 e
3232 918 3399 968 medio

1843 1002 2062 1054 tollatur
2085 1004 2438 1073 supplicioque
2476 1006 2752 1075 afficiatur,
2777 1006 2986 1073 perinde
3038 1019 3191 1074 atque
3240 1006 3399 1075 215

1842 1103 2019 1158 aperte
2045 1091 2402 1159 deprehensus,
2427 1109 2529 1162 quo
2551 1103 2702 1162 pacto
2726 1093 2867 1147 vobis
2893 1094 3021 1146 socii
3057 1093 3178 1147 hinc
3226 1095 3399 1146 mode-

1842 1185 2067 1237 rationes
2106 1186 2395 1237 reddantur
2419 1187 2444 1239 ι
2494 1183 2611 1237 Ima
2646 1201 2763 1238 vero
2791 1202 2894 1255 quo
2950 1187 3102 1238 modo
3145 1202 3245 1239 non
3302 1203 3399 1254 po-

1843 1273 1945 1325 tius
1974 1285 2128 1341 pacta
2154 1283 2499 1344 contentaque
2525 1274 2829 1339 dissoluant,
2871 1275 2917 1328 si
2977 1291 3063 1328 vos
3115 1276 3399 1344 participes

1844 1364 1979 1416 tanti
2003 1363 2210 1416 sceleris
2235 1364 2497 1417 exstitisse
2529 1365 2791 1431 putarint,
2831 1373 3131 1432 reputantes
3162 1365 3299 1432 quod
3351 1365 3399 1416 si

1841 1469 1961 1522 erga
2011 1454 2226 1506 intimos
2276 1453 2826 1523 conjunctissimosque
2882 1452 3025 1506 vobis
3095 1454 3224 1506 adeo
3284 1455 3401 1507 sitis

1841 1545 2114 1597 inhumani
2143 1554 2298 1613 atque
2327 1545 2516 1613 iniqui.
2545 1546 2691 1597 nullo
2711 1546 2869 1598 etiam
2903 1546 3054 1597 modo
3109 1556 3402 1600 constantes

1841 1637 1955 1689 sitis
1983 1637 2150 1706 futuri
2178 1653 2300 1705 erga
2327 1636 2644 1704 alienigenas
2667 1647 2714 1690 et
2737 1645 2960 1701 exteros,
2992 1648 3062 1701 et,
3101 1638 3404 1692 necessitate

1845 1736 2049 1779 tantum
2098 1721 2190 1778 ita'
2217 1726 2537 1795 postulante,
2587 1743 2688 1779 non
2731 1727 2873 1780 ultra
2915 1738 3060 1781 notos
3090 1730 3114 1780 ?
3145 1729 3402 1782 Ca'teruns

1843 1835 1930 1872 cos
1987 1835 2148 1888 neque
2199 1819 2392 1888 nefarii
2443 1819 2590 1873 illius
2641 1820 2851 1873 consilii
2895 1822 3174 1889 participes
3205 1821 3401 1890 fuistis,

1850 1926 2007 1980 neque
2032 1910 2299 1976 piaculare
2320 1909 2510 1974 scelus,
2551 1911 2692 1980 quod
2725 1912 2973 1978 privatim
3028 1913 3133 1965 illis
3189 1913 3403 1974 insedit,

1845 2005 2138 2056 universam
2188 1999 2538 2055 Romanorum
2588 2011 2786 2071 gentem
2811 2004 3042 2068 involvit,
3077 2019 3236 2071 neque
3265 2015 3405 2057 rete-

1845 2110 1950 2146 rem
1990 2093 2140 2147 illam
2202 2094 2266 2147 de
2321 2095 2461 2147 robis
2505 2095 2816 2160 opinionem,
2861 2096 2997 2164 quod
3027 2096 3273 2148 nimirum
3307 2096 3405 2163 fidi

1844 2194 2239 2254 constantesque
2289 2187 2406 2239 sitis
2459 2186 2872 2255 tequissimisque
2922 2185 3115 2255 legibus
3182 2196 3404 2248 utentes.

1844 2277 2030 2330 horum
2059 2277 2265 2345 nefaria
2291 2278 2595 2346 malignitas
2628 2279 2912 2347 infringet:
2936 2278 3062 2346 quin
3112 2279 3286 2346 potius
3330 2279 3407 2331 ita

1845 2367 1991 2421 nobis
2018 2369 2410 2436 persuademus,
2433 2378 2658 2421 vestrum
2687 2368 2783 2420 hoc
2852 2368 3086 2421 tribunal
3112 2384 3206 2438 pro
3267 2385 3407 2421 com-

1844 2462 1992 2512 muni
2032 2461 2197 2529 gentis
2226 2460 2396 2529 gloria
2420 2461 2802 2521 constitutum;
2835 2471 2888 2512 ut
2921 2461 3148 2512 universi
3173 2459 3406 2513 homines

1842 2549 2158 2616 intelligant,
2229 2549 2371 2602 vobis
2423 2551 2726 2618 neutiquam
2766 2550 3050 2603 volentibus
3096 2549 3406 2618 factum,ut

1845 2639 2049 2696 Colchis
2101 2642 2228 2694 adeo
2287 2650 2442 2693 atrox
2472 2639 2670 2707 injuria
2715 2657 2777 2693 ac
2808 2642 2882 2693 vis
2911 2641 3213 2712 inferretur.
3249 2641 3407 2695 Nunc

1844 2732 1980 2782 enim
2030 2730 2254 2797 fortasse
2306 2730 2363 2782 in
2415 2740 2688 2799 utramque
2718 2739 2922 2797 partem
2966 2732 3236 2786 sententia:
3267 2731 3408 2783 mul-

1846 2826 2018 2867 torum
2071 2826 2281 2884 vergunt
2309 2817 2673 2885 opinionesque
2705 2817 2966 2883 fluctuant
2996 2832 3014 2870 :
3043 2833 3108 2870 ea:
3142 2827 3230 2872 tuo
3267 2835 3406 2885 rero,

1846 2923 1875 2958 ιδ
1896 2906 2080 2974 judex,
2117 2905 2347 2972 judicio,
2380 2907 2516 2960 hisce
2533 2907 2763 2976 jainjam
2795 2909 3011 2973 necatis,
3051 2909 3213 2978 ntagis
3248 2911 3409 2963 etiam

1846 3015 1982 3052 nunc
2030 2999 2359 3068 perspicuum
2409 2999 2520 3066 ﬁet,
2574 2999 2712 3067 quod
2760 3014 2859 3050 non
2894 2999 3182 3051 amicorum
3215 3009 3410 3053 oestro-

1846 3104 1964 3141 rum
2017 3089 2308 3154 proditores
2361 3089 2450 3141 sed
2475 3088 2886 3157 delinquentium
2923 3090 3265 3159 castigatores
3294 3106 3408 3144 esse

190 3174 446 3250 γνῶμαι,
476 3173 574 3226 καὶ
606 3172 678 3225 τὰ
702 3170 810 3238 τῆς
841 3167 1164 3234 δοκήσεως
1183 3165 1276 3266 ἐπ’
1309 3165 1540 3266 farivus"
1581 3163 1747 3266 φάρξ-

1846 3181 2229 3233 consueveritis.
2305 3178 2533 3233 Tametsi
2589 3182 2728 3233 enim
2781 3181 2946 3234 verbis
2997 3197 3406 3238 causamsuant

187 3282 289 3320 ται
327 3249 543 3332 τρόπῳ.
582 3260 685 3314 Ἐκ
704 3258 772 3312 δὲ
815 3257 928 3326 τῆς
991 3255 1133 3325 σῆς,
1182 3251 1230 3310 ὦ
1297 3251 1571 3317 δικαστὰ,
1623 3249 1747 3319 κρί-

189 3370 355 3422 σεως
384 3353 608 3407 τούτων
625 3350 790 3405 ὅσον
817 3348 982 3402 οὔπω
1003 3341 1514 3414 διαφθειρομένων,
1574 3341 1744 3409 γενή-

185 3463 367 3501 σεται
389 3444 487 3498 και
533 3443 649 3497 νῦν
697 3439 1151 3512 τνιῳιμὼπτερον,
1199 3436 1279 3502 ὡς
1332 3436 1405 3488 οὐ
1465 3431 1746 3501 προδόται

185 3536 315 3591 τῶν
345 3535 592 3598 οικείων,
645 3533 806 3589 ἀλλὰ
851 3527 1251 3600 σωφρονισταὶ
1302 3524 1418 3580 τῶν
1479 3524 1748 3580 ἀδικούν-

187 3643 314 3679 των
351 3621 504 3680 εῐναι
556 3624 878 3693 πεφύκατε.
927 3621 995 3674 Et
1039 3618 1148 3689 τὰρ
1202 3616 1299 3672 καὶ
1360 3615 1484 3680 τοῖς
1546 3613 1748 3683 λόγοις

197 3712 637 3784 ἀπολογεῖσθαι
661 3712 971 3778 δοκοῦσιν,
1001 3710 1137 3775 ἀλλ’
1187 3708 1337 3778 ἕρτῳ
1360 3703 1750 3774 κατηγοροῦν-

194 3824 302 3874 τες
332 3804 509 3875 σφῶν
526 3802 724 3858 αὐτῶν
747 3800 1212 3870 ἀποδείκνυνται
1251 3796 1349 3850 καὶ
1386 3795 1455 3850 τὸ
1484 3793 1748 3861 παράλο-

185 3914 306 3967 rer
348 3894 460 3964 τῆς
483 3891 824 3963 μιαιφονίας
847 3887 1300 3970 ’δμαιοτοῦντεςο
1356 3885 1427 3940 Τὸ
1463 3885 1580 3954 μὲν
1638 3883 1748 3950 τὰρ

181 3989 516 4053 ,βασίλειον
549 3985 783 4056 γράμμα
811 3981 1273 4050 παρακελεύεται
1314 3979 1440 4044 τοῖς
1489 3993 1745 4044 στρατη-

189 4076 334 4150 γοῖς
356 4075 639 4130 στέλλειν
673 4067 820 4127 κατὰ
860 4070 928 4125 τὸ
955 4069 1069 4140 μὲν
1115 4066 1434 4128 Βυζάντιον
1460 4066 1566 4119 τὸν
1599 4067 1750 4117 Γου-

188 4168 399 4236 6άᾶιν,
428 4163 621 4220 πειθοῖ
636 4163 755 4234 μὲν
789 4160 855 4215 τὸ
897 4159 1149 4229 πρῶτον,
1171 4154 1660 4224 άνηκουστοῦντα
1679 4152 1750 4205 δὲ

186 4256 294 4313 και
329 4256 478 4326 πρὸς
515 4251 800 4328 ἀνάγκης.
849 4247 1308 4316 ἐναντιούμενον
1345 4243 1413 4296 δὲ
1466 4239 1560 4295 καὶ
1607 4242 1746 4306 βια-

186 4344 481 4418 ζιομένοις⁸
497 4335 833 4398 ἀποκτεῖναι
855 4337 924 4392 δὲ
936 4335 1214 4407 μηδαμῶς
1235 4335 1374 4403 πρὶν
1398 4333 1475 4388 ἂν
1499 4333 1747 4398 ἐκεῖνος,

180 4439 257 4505 ’ἐς
309 4434 679 4503 τελεωτάτην
707 4429 1046 4485 ἀπόστασιν
1077 4423 1417 4498 ἆφιτμένος,
1464 4427 1536 4479 τὰ
1577 4427 1750 4478 πολε-

178 4527 349 4600 μίων
379 4523 530 4593 δρᾷν
566 4521 908 4592 προαχθείη.
973 4521 1038 4571 0t
1095 4517 1164 4571 δὲ
1216 4517 1316 4588 και
1362 4516 1547 4569 ταῦτα
1601 4514 1751 4584 μήτε

182 4612 521 4685 στρατηγοὶ
564 4607 948 4673 καθεστῶτες,
988 4603 1142 4674 μήτε
1189 4603 1388 4668 άλλως
1440 4603 1751 4671 ἐφειμένον

181 4705 405 4771 αὐτοῖς
440 4700 626 4766 ἀδεῶς
660 4699 1030 4764 άβούλοιντο
1054 4696 1099 4727 ⁸⁷
1127 4693 1401 4771 πράττειν
1451 4695 1752 4763 παραχρῆ-

175 4814 273 4870 μα
299 4797 413 4850 τὸν
439 4793 700 4847 δείλαιον
725 4790 1146 4851 ἀπεκτόνασιν,
1179 4784 1314 4838 οὔτε
1367 4786 1517 4837 κατὰ
1555 4784 1622 4837 τὸ
1637 4787 1751 4838 Βυ-

183 4889 433 4952 ζάντιον
446 4883 627 4938 αὑτὸν
634 4881 905 4952 γενέσθαι
919 4879 1352 4946 προτρέψαντες
1362 4874 1498 4926 οὔτε
1510 4874 1637 4941 μὴν
1645 4873 1754 4928 ὥσ-

181 4988 307 5041 πφ
341 4965 677 5024 ἀπειθοῦντι
695 4963 942 5033 μετρίαν
968 4959 1115 5031 γοῦν
1142 4956 1409 5026 άνάτκην
1425 4956 1753 5024 esca-rara.

179 5078 290 5128 τες
311 5060 458 5117 οὔτε
490 5057 603 5124 τὴν
635 5054 831 5123 ἀρχὴν
852 5053 915 5118 ἐς
939 5048 1144 5116 πεῖράν
1165 5064 1296 5102 τινα
1324 5048 1749 5113 καταστάντες,

180 5152 369 5217 ειπερ
389 5145 692 5215 δτῳδηοῦν
719 5145 911 5211 τρόπῳ
935 5139 1045 5194 τοῦ
1070 5135 1520 5206 προστάγματος
1543 5132 1590 5164 ⁸⁸
1624 5134 1750 5188 ὀλι-

180 5239 483 5310 τιφήστι.
514 5238 712 5293 Καίτοι
746 5229 1195 5305 μεγαλαυχοῦσι
1223 5223 1749 5296 καιβρενθύονται.

1846 3274 2120 3342 defendere
2178 3275 2440 3339 videntur,
2485 3276 2656 3344 reipsa
2710 3284 2884 3328 tamen
2938 3291 2993 3329 se
3031 3276 3134 3343 ipsi
3161 3291 3408 3332 accusare

1845 3370 2219 3438 coarguuntur,
2266 3379 2314 3423 et
2381 3369 2539 3422 ccedis
2599 3368 2692 3422 abs
2750 3384 2857 3423 sese
2899 3370 3189 3423 commissa:
3244 3370 3410 3442 218

1846 3463 2209 3532 indignitatem
2261 3464 2439 3532 fateri.
2497 3462 2670 3530 Regiw
2715 3463 2848 3516 enim
2903 3462 3095 3517 littere
3152 3465 3406 3519 mandant

1845 3554 2102 3624 prcefectis
2158 3555 2383 3618 militiae,
2430 3563 2487 3606 ut
2539 3552 2782 3606 Gubazen
2819 3552 3136 3623 Byzantium
3171 3556 3406 3620 mittant,

1845 3651 2015 3719 primo
2071 3649 2278 3720 quidem
2326 3648 2551 3702 suadela
2578 3657 2800 3710 utentes,
2829 3649 3186 3702 obaudientem
3216 3665 3332 3702 vero
3355 3659 3408 3702 et

1847 3742 2146 3796 necessitati
2197 3741 2538 3795 reluctantem
2595 3751 2878 3810 cogerent;
2931 3741 3080 3795 nulla
3130 3751 3299 3795 tamen
3325 3757 3410 3794 ra-
3454 3730 3468 3748 ³

1849 3839 1987 3890 tione
2001 3836 2367 3904 interﬁcerent,
2390 3836 2551 3888 donec
2571 3846 2754 3902 aperta
2781 3834 3064 3902 defectione
3083 3834 3228 3901 facta
3248 3833 3387 3886 hosti
3399 3865 3406 3872 -

1847 3925 1967 3978 liter
1988 3940 2138 3993 agere
2169 3925 2424 3990 cepisset.
2465 3921 2536 3973 lli
2572 3924 2689 3974 vero
2721 3937 2837 3973 cum
2866 3937 3024 3988 neque
3050 3923 3280 3989 praefecti
3304 3922 3407 3974 mi-

1847 4017 2027 4069 litares
2063 4026 2253 4076 essent,
2294 4030 2457 4077 neque
2482 4013 2677 4083 alioqui
2707 4014 2781 4066 eis
2811 4013 3012 4077 liceret,
3047 4029 3162 4082 qua:
3201 4014 3405 4076 liberet,

1847 4108 2035 4174 facere,
2094 4114 2297 4171 repente
2336 4105 2581 4156 miserum
2612 4103 2963 4165 trucidarunt,
3003 4104 3408 4174 haudquaquam

1847 4206 1904 4249 ut
1935 4194 2249 4265 Byzantium
2278 4195 2375 4248 iret
2405 4195 2622 4259 hortati,
2645 4211 2760 4248 cum
2783 4211 2844 4248 ne
2905 4196 3164 4248 modicam
3200 4196 3411 4266 quidem

1847 4291 1950 4344 vim
1981 4291 2029 4344 ei
2050 4299 2106 4343 ut
2129 4291 2372 4343 reniteriti
2393 4289 2711 4354 intulissent,
2735 4305 2894 4359 neque
2945 4291 3157 4345 omnino
3214 4299 3411 4343 tentas—

1849 4395 1961 4439 sent
2027 4402 2097 4441 au
2139 4384 2321 4453 aliqua
2371 4383 2581 4436 tandem
2607 4383 2758 4436 modo
2781 4384 3084 4435 mandatum
3108 4381 3243 4449 regis
3282 4397 3412 4435 con-

1853 4487 2117 4536 temneret.
2185 4479 2492 4535 Gloriantur
2551 4478 2748 4531 interea
2797 4475 2878 4526 illi
2933 4484 2981 4526 et
3027 4475 3305 4542 jactitant,
3356 4490 3413 4527 se

1851 4575 2178 4643 imperatoris
2231 4573 2486 4627 mandata
2543 4577 2830 4631 exsecutos,
2887 4582 3004 4620 cum
3062 4568 3235 4636 potius
3265 4567 3408 4619 illius

1851 4669 2168 4740 uoluntatem
2217 4664 2582 4730 contempsisse
2633 4660 3105 4729 deprehendantur,
3159 4659 3411 4728 falsisque

1853 4753 2304 4808 criminationibus
2362 4750 2608 4805 Gubasen
2657 4764 2873 4802 onerare
2909 4765 3008 4802 non
3043 4749 3148 4802 sint
3173 4746 3320 4799 veriti
3355 4754 3408 4798 et

1852 4849 2119 4904 contraria
2139 4846 2204 4899 ab
2232 4847 2320 4909 iis,
2352 4861 2470 4914 qute
2490 4855 2626 4898 recte
2674 4845 2925 4897 mandata
2982 4850 3150 4902 erant,
3193 4840 3407 4907 propria

1855 4940 2169 4994 auctoritate
2214 4937 2270 4990 in
2315 4952 2434 4990 eum
2483 4935 2790 4998 decernere;
2830 4945 2879 4989 et
2905 4932 3041 5003 quod
3069 4931 3272 5010 quidem
3294 4935 3429 4982 orn-'

1855 5035 1998 5087 nium
2044 5039 2128 5084 est
2171 5030 2580 5099 iniquissimum,
2650 5044 2812 5099 neque
2865 5025 3054 5078 litteris
3080 5023 3408 5090 intperatoris

1854 5124 2093 5188 ostensis,
2144 5129 2202 5174 ut
2254 5121 2464 5190 cognita
2506 5121 2622 5190 ejus
2657 5119 2918 5174 uoluntate
2937 5113 3062 5183 quid
3112 5113 3254 5182 facto
3279 5131 3408 5183 opus

1854 5231 1984 5276 esset
2008 5225 2316 5272 statuerent.
3220 5219 3222 5221 ’
3424 5205 3429 5213 ’

180 5298 289 5398 ῶς-
439 5327 686 5392 Barrus?
728 5298 1049 5380 δοκοῦντά
1088 5317 1499 5380 διανύσαντες,
1539 5315 1664 5383 οἵτε
1707 5310 1821 5397 ’και
1857 5312 1971 5380 τήν
2024 5307 2260 5361 ἐκείνου
2322 5305 2712 5377 περιορῶντες
2781 5302 3087 5372 πεφήνασι
3148 5298 3406 5371 γνώμην,

1464 5487 1696 5543 VARUE
1730 5480 2131 5543 LECTIONES.

261 5676 320 5709 ε’
356 5673 718 5746 προσγένηται
744 5622 850 5733 ‘n;
921 5627 1910 5746 cummis-.miqsgeiﬁ:
1982 5635 2082 5746 ατε

2223 5679 2334 5718 om.
2389 5662 2456 5716 Β.
2530 5659 2581 5703 “~
2616 5660 2797 5728 νόμοις
2832 5659 2871 5712 Β
2901 5668 2954 5727 et
2980 5658 3140 5728 in_1pr.
3166 5648 3402 5728 legibus,

183 5721 1145 5826 νομιειᾶξῦξιίῖἷιέῆῖτᾳσαβίῂἶά
1173 5721 1504 5826 ἦγ’ᾼῦῗμξγδξῖ,
1533 5733 1660 5806 ὖμῐν
1689 5729 1757 5804 ἦν
1787 5733 1935 5802 vulg.
2009 5731 2052 5764 ⁸⁷
2073 5721 2139 5786 ἂν
2163 5721 2308 5803 βούλ.
2337 5730 2400 5787 Β.
2437 5771 2446 5779 .
2496 5729 2543 5764 ⁸⁸
2573 5721 2990 5826 προστάγματος
3020 5723 3064 5779 R
3086 5732 3141 5776 et
3165 5721 3330 5790 impr.
3357 5723 3405 5774 si

183 5806 303 5882 ιῲ
315 5806 484 5887 jussis
501 5809 708 5878 obsequi
742 5806 974 5879 auderet,
1001 5806 1316 5878 πράγματος
1347 5806 1491 5868 vulg.
