4042 6334
614 322 634 384 ι
646 322 748 384 H9

1781 325 2139 385 AGATHI/E
2170 325 2572 390 SCHOLASTI
2579 331 2651 391 CI

3698 114 3993 396 ml

610 452 739 490 vero
761 434 1002 487 venirent
1027 434 1393 504 impetumque
1418 433 1676 498 facerent,
1708 445 1819 488 tutn
1846 433 2075 487 Romani
2099 434 2165 487 ad

2278 450 2349 497 το.
2382 438 2574 491 αὐτίκα
2598 440 2647 492 oi
2669 439 2856 493 ὀπαδοὶ
2875 440 3135 510 ἀράμενοι
3163 440 3321 495 αὐτὸν
3342 440 3548 511 ᾤχοντο
3578 443 3717 512 μετὰ
3738 444 3824 497 τάς

611 529 771 582 aliam
805 528 1090 595 quamdam
1134 526 1274 581 viam
1314 525 1599 597 fugientes,
1637 534 1691 580 et
1731 527 1791 579 in
1818 541 1876 580 se
1913 540 2029 587 eos.
2072 525 2163 594 qui

614 620 1063 688 insequebantur,
1106 619 1457 681 attrahentes,
1490 618 1668 671 locum
1718 617 1793 669 illi
1837 616 2058 682 dabant,
2110 625 2168 670 ut

612 726 750 780 a3gre
782 710 992 764 tandem
1022 711 1076 763 in
1116 709 1576 779 propugnaculum
1603 704 1921 761 deferretur.
2136 714 2157 741 υ

687 974 771 1028 15.
818 971 1021 1027 interea
1047 972 1295 1029 Justinus
1333 971 1584 1027 Germani
1614 972 1754 1029 ﬁlius
1784 988 1949 1027 unum
1979 988 2021 1029 ὀ
2055 974 2167 1029 suis

614 1064 866 1129 ducibus,
914 1063 1168 1118 llunnum
1210 1065 1443 1131 natione,
1496 1065 1773 1120 Elminzur
1822 1066 2060 1129 nomine,
2102 1079 2165 1118 ex

618 1157 794 1211 Insula
824 1156 1179 1224 liliodOpolim
1224 1158 1383 1211 mittit
1428 1173 1551 1211 cum
1594 1157 1807 1211 duobus
1831 1156 1989 1226 237
2015 1157 2169 1225 equi-

616 1258 728 1299 tum
772 1248 1029 1303 millibus.
1061 1247 1153 1301 Est
1189 1238 1367 1303 autem
1400 1247 1515 1302 haec
1543 1247 1870 1316 Rhodopolis
1915 1247 2165 1318 oppidum

614 1336 967 1399 Colchicum;
1000 1352 1028 1390 a
1063 1335 1243 1391 Persis
1276 1345 1453 1389 tamen
1492 1343 1617 1390 tunc
1662 1336 1922 1403 temporis
1955 1335 2172 1389 teneba-

617 1437 724 1491 tur,
759 1441 787 1479 a
821 1424 1114 1480 Mermeroe
1137 1424 1307 1479 multo
1329 1434 1452 1479 ante
1480 1435 1718 1493 captum,
1740 1426 1832 1493 qui
1860 1426 2019 1479 etiam
2043 1424 2171 1481 Per-

615 1515 786 1568 sienm
830 1516 1136 1584 praesidium
1196 1515 1251 1568 in
1294 1530 1360 1569 eo
1388 1514 1698 1569 collocarat.
1750 1512 1874 1569 Haec
1904 1529 2031 1569 vero
2067 1530 2170 1584 quo

510 1640 513 1645 ‹
616 1617 771 1677 pacto
797 1616 946 1675 gesta
971 1607 1188 1672 fuerint,
1232 1607 1539 1675 praeteribo,
1588 1615 1701 1659 uta
1735 1603 2001 1675 Procopio
2042 1607 2171 1660 rhe-

616 1709 733 1753 tore
777 1709 960 1768 aperte
1005 1703 1331 1766 conscripta.
1372 1696 1733 1766 Posteaquam
1773 1696 1937 1765 igitur
1968 1696 2172 1751 Elmin-

2266 544 2412 595 χους,
2439 529 2563 598 πρὶν
2591 529 2838 594 ἅπαντας
2869 531 3114 584 ἐπελθεῖν
3140 534 3265 596 τοὺς
3296 532 3609 603 πολεμίους.
3652 534 3740 598 Ὠς
3765 535 3821 587 δὲ

2263 613 2397 688 ἧκον
2429 618 2898 691 καὶ-ἐπεφέροντο,
2925 622 3046 673 τότε
3074 621 3138 691 δὴ
3173 624 3220 674 οἱ
3256 622 3405 676 ἄλλοι
3452 624 3715 694 Ῥωμαῖοι
3740 626 3822 694 ἐφ’

2266 707 2458 778 ἑτέραν
2485 708 2604 762 τινὰ
2631 710 2919 779 φεύγοντες
2945 712 3187 782 πορείαν,
3216 712 3309 765 καὶ
3344 714 3485 767 κατὰ
3524 715 3674 782 σφῶν
3699 717 3821 779 τοὺς

2264 799 2555 863 διώκοντας
2596 800 2982 873 ἐπισπώμενοι,
3016 802 3196 873 χώραν
3240 783 3511 875 παρέσχον
3546 807 3740 877 ἐκείνῳ
3766 811 3825 862 ἐν

2265 888 2342 960 τῷ
2361 890 2594 960 ἐρύματι
2624 892 2965 963 σχολαίτερον
2993 892 3451 963 ἀποκομισθῑψαι.

2338 986 2416 1035 ιε’.
2457 982 2545 1035 Ἐν
2585 982 2758 1055 τούτῳ
2784 983 2840 1036 δὲ
2881 982 3158 1046 Ἰουστῖνος
3196 984 3226 1036 ὁ
3268 983 3546 1054 Γερμανοῠ
3589 986 3685 1041 ἕνα
3717 987 3824 1040 τῶν

2268 1073 2403 1141 ἀμφ’
2432 1073 2592 1124 αὑτὸν
2635 1072 2939 1143 ταξιάρχων
2966 1067 3163 1127 Οὖννον
3203 1072 3264 1126 τὸ
3290 1074 3468 1141 γένος,
3502 1058 3823 1146 Ἐλμινζοϋρ

2266 1164 2451 1233 ὄνομα,
2481 1164 2717 1217 ἔστειλεν
2746 1166 2809 1217 ἐκ
2833 1165 2932 1234 τῆς
2959 1165 3142 1234 Νήσου
3174 1166 3232 1229 ἐς
3259 1166 3691 1236 τὴννῬοδόπολιν
3711 1167 3825 1237 ἅμα

2266 1254 2539 1323 δισχιλίοις
2589 1254 2861 1319 ίππόταις.
2897 1256 3028 1309 Ἤδε
3060 1256 3119 1308 δὲ
3156 1259 3191 1325 ή
3224 1257 3529 1319 Ῥοδόπολις
3576 1257 3689 1309 ἔστι
3728 1258 3827 1327 μὲν

2269 1344 2507 1413 πόλισμα
2544 1344 2829 1415 Κολχικὸν,
2867 1345 2973 1399 ὑπὸ
2999 1346 3223 1415 Περσῶν
3253 1347 3308 1399 δὲ
3336 1348 3483 1416 ὅμως
3511 1349 3569 1401 ἐν
3600 1348 3679 1418 τῷ
3704 1349 3825 1400 τότε
3865 1402 3869 1403 ν

2269 1435 2567 1504 κατείχετο,
2608 1435 2815 1499 ἑλόντος
2859 1436 3029 1507 αὐτὴν
3078 1436 3259 1507 πολλῷ
3304 1438 3613 1509 ἔμπροσθεν
3655 1438 3829 1509 χρόνῳ

2268 1524 2361 1577 τοῦ
2391 1526 2735 1597 Μερμερὸου,
2775 1527 2872 1578 καὶ
2910 1528 3152 1597 φρουρὰν
3182 1527 3455 1598 Περσικὴν
3496 1529 3829 1599 ἐγκαταστήο

2272 1632 2482 1677 σαντος.
2514 1615 2696 1669 Ταῦτα
2733 1614 2791 1668 δὲ
2829 1615 3009 1669 ὁποῖόν
3041 1633 3163 1670 τινα
3204 1617 3566 1690 κατείργαστο
3605 1618 3827 1688 τρόπον,

2270 1700 2330 1753 ού
2360 1691 2465 1771 μοι
2484 1703 2785 1772 εἰρήσεται,
2815 1702 2890 1764 ὠς
2912 1704 2976 1773 δὴ
3011 1704 3298 1775 Προκοπίῳ
3322 1705 3399 1775 τῷ
3424 1708 3615 1776 ῥήτορι
3643 1705 3831 1774 σαφῶς

619 1777 723 1845 zur
758 1807 822 1845 eo
878 1792 1138 1860 pervenit,
1188 1804 1443 1859 prospera
1484 1789 1729 1858 quaedam
1752 1788 1891 1859 juvit
1933 1788 2169 1843 fortuna.

2278 1793 2752 1863 ἀναγεγραμμένα.
2785 1792 3043 1846 Ἐνταῦθα
3061 1793 3124 1863 δὴ
3152 1789 3244 1848 οὖν
3272 1794 3350 1865 τῷ
3383 1795 3704 1866 Ἐλμινζοῦρ
3732 1798 3833 1865 ἁφ-

618 1884 904 1939 Persarum
930 1884 1074 1955 enim
1109 1883 1416 1951 praesidium
1445 1882 1582 1937 forte
1602 1897 1694 1951 per
1722 1882 1775 1936 id
1810 1893 2019 1949 tempus
2045 1881 2171 1935 alibi

616 1987 769 2031 extra
811 1976 1063 2045 oppidum
1109 1974 1449 2037 versabatur,
1490 1972 1834 2039 maximaque
1878 1970 2173 2039 oppidano-

618 2083 737 2121 rum
768 2083 891 2137 pars
920 2068 1060 2122 alius
1080 2067 1187 2120 alio
1214 2072 1577 2120 concesserat.
1608 2063 1765 2118 Nullo
1803 2065 1982 2134 itaque
2010 2079 2173 2132 nego-

620 2161 695 2214 tio
730 2159 1028 2228 ingressus,
1069 2158 1267 2226 Oppido
1296 2158 1350 2211 in
1388 2170 1542 2212 suam
1580 2165 1899 2226 potestatem
1936 2156 2171 2221 redacto,

618 2252 1090 2318 circumjacentem
1140 2248 1299 2303 etiam
1346 2262 1531 2317 agrum
1562 2255 1935 2316 pergrassatus
1967 2254 2071 2310 est,
2121 2253 2176 2299 et

618 2342 880 2411 quidquid
912 2358 942 2396 e
973 2340 1207 2396 Persicis
1236 2341 1409 2409 copiis
1433 2339 1651 2393 obvium
1680 2337 1887 2399 habuit,
1920 2337 1986 2390 ad
2010 2351 2172 2389 unum

620 2449 810 2488 onmes
844 2433 1161 2497 trucidavit;
1196 2438 1463 2500 quotquot
1488 2444 1617 2485 vero
1645 2436 1800 2484 erant
1825 2429 2087 2502 indigenae.
2112 2442 2177 2481 ac

619 2526 787 2588 cives,
833 2538 956 2576 cum
999 2537 1095 2575 eos
1144 2522 1307 2575 sciret
1355 2530 1579 2574 externo
1625 2530 1770 2573 metu
1819 2518 1989 2588 magis
2014 2533 2173 2587 quam

621 2614 837 2684 propria
863 2612 1083 2681 perfidia
1105 2610 1388 2666 Persarum
1421 2619 1601 2682 partes
1625 2621 1836 2666 secutos
1868 2620 1927 2665 ut
1950 2611 2173 2680 patriam

622 2718 814 2757 rursus
857 2717 1013 2757 suam
1068 2701 1396 2766 incolerent,
1449 2702 1727 2771 permisit;
1791 2702 2178 2769 obsidibusque

623 2792 846 2861 majoris
890 2791 1199 2846 securitatis
1251 2806 1418 2847 causa
1464 2792 1719 2861 acceptis,
1768 2792 1969 2857 omnia,
2020 2802 2180 2859 prout

622 2898 719 2951 par
758 2892 894 2947 erat,
951 2882 1336 2937 constabilivit.
1383 2882 1563 2952 Atque
1616 2883 1691 2936 ita
1737 2880 2069 2952 Rhodopolis
2112 2881 2179 2935 ad

622 2976 859 3045 priorem
888 2985 1085 3030 statum
1116 2984 1199 3029 est
1226 2977 1465 3041 reducta,
1497 2984 1551 3028 et
1577 2975 1751 3043 patria
1786 2975 2031 3029 instituta
2065 2989 2180 3028 am-

2277 1884 2475 1953 ιγμένῳ
2502 1884 2547 1915 ’⁸
2566 1884 2715 1935 αἰσία
2741 1900 2822 1946 τις
2848 1883 3161 1948 ξυνελάϐετο
3184 1887 3343 1956 τύχη.
3376 1886 3700 1956 Ἐτύγχανον
3721 1888 3834 1958 γὰρ

2271 1974 2392 2026 οἵτε
2415 1975 2520 2027 τῶν
2539 1973 2761 2044 Περσῶν
2778 1976 3020 2047 φρουροὶ,
3040 1975 3180 2029 οὕτω
3197 1975 3532 2045 ξυνενεχθέν.
3551 1977 3706 2042 ἐκτός
3727 1994 3834 2031 που

2270 2063 2363 2117 τοῦ
2392 2064 2581 2127 ἄστεος
2592 2065 2971 2136 διατρίϐοντες,
2995 2067 3088 2120 καὶ
3110 2066 3171 2120 τὸ
3197 2065 3398 2135 πλῆθος
3418 2066 3461 2098 ⁹⁷
3488 2067 3597 2119 τῶν
3619 2069 3835 2138 οἰκητό-

2275 2173 2381 2227 ρων
2419 2156 2573 2219 ᾶλλος
2599 2155 2779 2211 ἄλλοθι
2815 2157 3269 2227 διεσκεδασμένοι.
3298 2158 3586 2228 Τοιγάρτοι
3620 2158 3832 2210 ἀκονιτὶ

2274 2244 2556 2315 παρελθὼν
2586 2246 2736 2311 εἴσω,
2759 2247 2852 2300 καὶ
2883 2246 2981 2317 τὴν
3004 2247 3157 2300 πόλιν
3184 2250 3698 2319 παραστησάμενος,
3723 2251 3754 2302 ό
3775 2249 3837 2302 δὲ

2273 2338 2367 2391 καὶ
2378 2336 2475 2409 τὴν
2489 2337 2794 2406 περιοικίδα
2814 2338 3174 2409 κατέδραμεν·
3196 2338 3290 2391 καὶ
3302 2340 3434 2407 ὅσην
3451 2328 3548 2408 μὲν
3565 2340 3838 2410 Περσικὴν

2275 2423 2431 2498 εὗρεν
2456 2431 2783 2500 ἀπόμοιραν,
2818 2428 3039 2492 τούτους
3068 2428 3132 2499 δή
3160 2427 3501 2501 πανωλεθρίᾳ
3540 2429 3837 2499 διέφθειρε,

2274 2522 2333 2575 τὸ
2363 2520 2421 2573 δὲ
2456 2522 2697 2588 ίθαγενὲς
2725 2522 2867 2575 ἆπαν
2922 2523 3015 2576 καὶ
3047 2521 3358 2593 ἐπιχώριον,
3411 2522 3599 2591 ἐπειδὴ
3636 2522 3834 2582 αὐτοὺς

2275 2611 2469 2678 διέγνω
2497 2610 2792 2682 τῷοθνείῳ
2821 2611 2867 2643 ’⁸
2898 2611 3004 2665 δέει
3031 2612 3226 2682 μᾶλλον
3259 2612 3294 2683 ἢ
3328 2616 3395 2682 τῇ
3431 2612 3581 2681 σφῶν
3610 2611 3841 2681 ἀπιστίᾳ

2278 2703 2628 2774 μηδίσαντας,
2658 2705 2884 2757 ἐνοικεῖν
2906 2698 3062 2767 αὖθις
3099 2705 3166 2776 τῇ
3188 2704 3361 2775 οἰκείᾳ
3390 2704 3560 2773 ἐφῆκε
3596 2701 3840 2773 πατρίδι,

2276 2796 2511 2866 ὁμήρους
2555 2813 2613 2849 τε
2662 2796 2841 2850 λαϐὼν
2867 2797 2923 2860 ἐς
2959 2796 3020 2851 τὸ
3044 2796 3379 2863 πιστότερον,
3420 2796 3514 2849 καὶ
3545 2794 3750 2847 ἕκαστα
3781 2793 3841 2845 ἐν

2276 2886 2445 2939 δέοντι
2468 2888 2890 2957 κρατυνάμενος.
2921 2887 3079 2941 Οὕτω
3106 2905 3165 2942 τε
3196 2883 3351 2950 αὖθις
3382 2886 3416 2957 ἡ
3450 2885 3755 2949 Ῥοδόπολις
3784 2886 3843 2948 ἐς

2278 2974 2344 3028 τὰ
2365 2975 2603 3047 πρότερα
2623 2977 2666 3009 ⁸⁸
2688 2976 2982 3045 ἐπανῆκτο,
3020 2976 3322 3048 στέργουσᾶ
3343 2994 3405 3030 τε
3423 2975 3492 3030 τὰ
3523 2977 3727 3045 πάτρια
3752 2976 3844 3028 νό-

625 3067 860 3137 plecteus
911 3078 965 3122 et
1008 3066 1375 3121 Romanorum
1429 3066 1742 3134 imperatori
1784 3066 2020 3120 subdita.
2068 3063 2179 3119 Hac

2283 3084 2446 3138 μιμα,
2473 3069 2564 3121 καὶ
2587 3068 2797 3138 βασιλεῖ
2819 3068 2926 3121 τῶν
2956 3066 3238 3138 Ῥωμαίων
3266 3066 3682 3136 ὐποκλινομένη.
3706 3065 3848 3119 Τού-

504 3192 511 3195 ν
625 3157 790 3226 igitur
828 3165 1015 3211 testate
1049 3155 1182 3210 nihil
1221 3158 1365 3211 aliud
1397 3165 1607 3226 gestum
1637 3166 1722 3212 est
1766 3167 2066 3211 memoratu
2098 3158 2179 3211 di-

624 3262 811 3318 gnum.
861 3246 1059 3299 Bruma
1111 3262 1241 3301 vero
1302 3248 1680 3315 invalescente,
1734 3246 1913 3303 Persa:
1962 3251 2177 3317 quidem

626 3340 809 3393 statim
855 3338 1048 3395 solutis
1096 3341 1290 3394 castris
1341 3340 1600 3404 Ootaisim
1638 3350 1691 3395 et
1727 3338 1953 3395 lberiam
1991 3357 2181 3398 versus

624 3446 745 3486 sese
778 3441 1116 3501 receperunt,
1151 3432 1333 3487 animo
1358 3433 1523 3503 238
1552 3434 1624 3488 ibi
1652 3434 1992 3501 hibernandi,
2029 3437 2183 3490 auxi-

624 3522 699 3575 lio
738 3520 1057 3592 Misimianis
1091 3523 1311 3579 ferendo
1362 3525 1579 3595 longum
1613 3526 1855 3581 dicentes
1884 3530 2022 3583 vale.
2076 3526 2183 3583 Ne-

624 3628 731 3680 que
752 3613 893 3666 enim
931 3614 1118 3683 patriis
1148 3616 1388 3684 ipsorum
1426 3617 1688 3671 institutis
1735 3632 1799 3671 ac
1829 3620 2071 3675 moribus
2099 3630 2184 3678 est

625 3716 923 3776 receptum,
953 3722 1048 3775 per
1081 3706 1311 3763 hiemem
1334 3707 1466 3764 foris
1499 3709 1823 3779 longinquas
1854 3710 2184 3769 laboriosas-

624 3814 733 3867 que
766 3798 1137 3867 expeditiones
1186 3803 1480 3870 suscipere.
1518 3801 1749 3856 Romani
1773 3818 1900 3857 vero
1942 3804 2011 3859 ab
2051 3805 2184 3861 insi-

625 3884 878 3945 dentibus
905 3891 1093 3944 itinera
1114 3888 1293 3945 Persis
1316 3892 1428 3959 jam
1470 3892 1647 3957 liberi,
1674 3894 1909 3962 priorem
1940 3910 2093 3950 suam
2130 3897 2185 3952 in

626 3979 965 4036 Misimianos
987 3982 1383 4051 expeditionem
1415 3993 1536 4037 sunt
1578 3985 1868 4052 prosecuti.
1893 3988 2028 4041 Cum
2059 4003 2185 4043 vero

628 4071 696 4125 ad
732 4071 1040 4140 praesidium
1072 4071 1351 4129 Tibeleum
1387 4073 1459 4128 ita
1486 4074 1691 4127 dictum
1718 4074 2009 4142 venissent,
2041 4079 2187 4148 quod

628 4163 847 4231 quidem
881 4161 1312 4217 Misimianorum
1345 4166 1621 4233 regionem
1651 4165 1721 4219 ab
1741 4164 1961 4234 Apsiliis
1991 4168 2187 4228 dister-

629 4253 821 4315 minat,
864 4253 1080 4307 advenit
1103 4252 1394 4316 Martinus,
1426 4264 1485 4310 ut
1515 4255 1755 4326 reliquas
1788 4258 1971 4326 copias
1995 4257 2186 4313 ducta-

631 4352 733 4408 ret,
762 4356 817 4399 et
850 4345 1161 4400 universum
1189 4348 1487 4403 exercitum
1529 4348 1825 4408 ordinaret.
1862 4350 1969 4409 Sed
2009 4351 2186 4420 gravis

2280 3177 2371 3213 του
2423 3159 2524 3231 μὲν
2577 3155 2671 3213 οὗν
2722 3159 2815 3214 τοῦ
2868 3160 3057 3233 θέρους
3111 3158 3263 3214 οὐδέν
3306 3176 3361 3213 τι
3410 3159 3539 3214 ἄλλο
3597 3158 3847 3229 ἐπράχθη

2279 3255 2461 3306 ὁποῖον
2502 3253 2597 3307 καὶ
2625 3255 2642 3287 ¹
2667 3256 2725 3318 ἐς
2747 3254 2906 3322 λόγου
2937 3253 3204 3324 φέρεσθαι
3233 3253 3474 3324 μνήμην.
3504 3251 3614 3305 Τοῦ
3646 3251 3702 3304 δὲ
3726 3267 3849 3320 χει-

2284 3347 2456 3415 μῶνος
2497 3345 2916 3416 ἐπιλαϐομένου,
2964 3346 3014 3397 oi.
3064 3345 3162 3416 μὲν
3203 3345 3410 3415 Πέρσαι
3443 3343 3606 3407 εὐθὺς
3645 3360 3848 3414 μεταν-

2284 3437 2519 3505 ίσταντο,
2550 3438 2644 3491 καὶ
2671 3435 2980 3507 ἐπανῄεσαν
3018 3435 3075 3500 ἐς
3106 3452 3166 3488 τε
3190 3432 3252 3488 τὺ
3277 3436 3538 3489 Κοτάῖσιν
3572 3437 3593 3466 ³
3623 3435 3715 3487 καὶ
3744 3432 3851 3503 τὴν

2295 3530 2551 3600 Ἰϐηρίαν,
2580 3529 2655 3592 ὠς
2682 3530 2745 3601 δὴ
2772 3529 2793 3561 ³
2826 3528 3059 3583 ἐνταῦθα
3097 3520 3471 3598 διαχειμάζειν
3508 3526 3848 3597 βουλόμενοι,

2280 3622 2491 3693 χαίρειν
2524 3621 2692 3676 πολλὰ
2735 3621 2978 3683 εἰπόντες
3023 3622 3091 3691 τῇ
3133 3619 3269 3690 πρὸς
3313 3618 3677 3689 Μισιμιανοὺς
3721 3619 3852 3671 ἐπτ-

2284 3713 2493 3785 κουρίᾳ·
2538 3714 2599 3765 οὐ
2646 3712 2754 3783 γὰρ
2788 3712 3011 3780 ἔννομον
3044 3711 3227 3774 αὐτοῖς
3277 3710 3399 3765 οὐδὲ
3454 3709 3680 3780 πάτριον
3720 3708 3850 3763 κατ’

2283 3806 2458 3857 ἐκεῖνο
2486 3803 2581 3857 τοῦ
2615 3801 2807 3872 καιροῦ
2841 3805 2898 3866 ἐς
2938 3803 3209 3875 ὲκδήμους
3254 3803 3541 3875 στρατείας
3578 3803 3851 3856 διαπονεῖ-

2286 3897 2428 3949 σθαι.
2460 3897 2520 3949 Οί
2558 3895 2615 3949 δὲ
2645 3895 2900 3967 Ῥωμαῖοι
2939 3895 3049 3950 τῶν
3077 3895 3475 3966 ὲφεδρευόντων
3508 3895 3852 3962 ἀπαλλαγέν-

2282 4005 2393 4054 τες,
2418 3989 2509 4041 καὶ
2528 3987 2591 4058 δὴ
2622 3987 2721 4057 τῆς
2747 3987 3016 4060 προτέρας
3044 3986 3253 4057 εἴχοντο
3276 3981 3434 4049 αὖθις
3476 3986 3711 4057 πορείας.
3751 3985 3852 4037 Γε-

2285 4078 2526 4149 νομένοις
2572 4078 2629 4130 δὲ
2663 4078 2844 4140 αὐτοῖς
2878 4078 3022 4147 ἀμφὶ
3063 4076 3127 4130 τὸ
3154 4078 3413 4149 φρούριον
3440 4076 3502 4130 τὺ
3530 4077 3782 4138 Τιδέλεος
3807 4074 3852 4138 ⁸,

2283 4172 2424 4225 οὕτω
2451 4171 2804 4240 καλούμενον,
2826 4168 2856 4221 ὃ
2875 4168 2939 4238 δὴ
2962 4170 3060 4239 τήν
3086 4184 3146 4221 τε
3169 4156 3278 4223 τῶν
3298 4168 3644 4240 Μισιμιανῶν
3666 4164 3854 4237 χώραν

2287 4265 2380 4317 καὶ
2408 4260 2660 4331 Ἀψιλίων
2690 4258 2912 4330 διορίζει
2957 4258 3051 4312 καὶ
3085 4258 3470 4328 ἀποτέμνεται,
3494 4258 3783 4325 ἐφίσταται
3825 4260 3857 4311 6

2286 4353 2578 4421 Μαρτῖνος,
2607 4349 2694 4419 ἐφ’
2716 4344 2761 4418 ᾧ
2788 4350 2845 4412 ἐς
2875 4349 2944 4402 τὰ
2971 4347 3138 4401 λοιπὰ
3178 4347 3431 4418 ήγείσθαι
3480 4346 3577 4401 καὶ
3616 4345 3765 4400 ἅπαν
3793 4347 3858 4400 τδ

628 4437 849 4505 quidam
881 4438 1103 4493 morbus
1133 4440 1521 4508 superveniens
1552 4441 1842 4496 consilium
1869 4442 2038 4513 ipsius
2068 4452 2179 4514 tur-

2289 4443 2597 4513 στράτευμα
2627 4440 2954 4495 διατάττειν.
2996 4438 3157 4493 Ἀλλὰ
3184 4438 3339 4502 νόσος
3366 4455 3457 4502 τις
3488 4438 3636 4509 αὐτῷ
3658 4439 3857 4507 ἐνσκή-

630 4528 779 4583 bavit
851 4538 1013 4600 atque
1075 4531 1381 4599 interrupit.
1440 4535 1619 4603 Atque
1681 4532 1796 4603 ipse
1843 4537 2061 4605 quidem
2116 4536 2188 4592 ibi

630 4621 854 4685 mansit,
898 4628 1155 4690 tanquam
1190 4622 1355 4691 paulo
1392 4632 1516 4691 post
1563 4624 1617 4679 in
1661 4621 1972 4681 Colchicam
2011 4627 2193 4699 regio-

631 4730 757 4770 nem
802 4715 1030 4786 ejusque
1062 4718 1307 4782 ;castella
1364 4718 1676 4787 rediturus;
1732 4721 2006 4778 exercitus
2062 4740 2193 4781 vero

633 4806 987 4863 nihilominus
1026 4808 1255 4863 ulterius
1297 4823 1618 4880 progressus
1646 4821 1749 4878 est,
1780 4813 1882 4868 sub
1912 4817 2192 4882 prioribus

634 4902 831 4955 iterum
869 4900 1095 4955 ducibus
1122 4902 1339 4957 ductus.
1375 4904 1616 4959 Primum
1641 4906 1857 4974 quidem
1882 4908 2047 4977 igitur
2076 4920 2193 4965 ten-

636 4990 831 5043 tandos
892 5003 1013 5042 esse
1063 4988 1491 5046 Misimianorum
1540 4992 1752 5049 animos
1816 5008 2190 5065 censuerunt,

636 5095 708 5132 an
744 5079 882 5133 forte
912 5078 1140 5135 libentes
1180 5081 1244 5135 ad
1290 5082 1508 5135 saniora
1541 5082 1773 5138 consilia
1806 5096 2193 5144 converteren-

638 5184 750 5237 tnr,
794 5173 1094 5244 agnitisque
1138 5176 1253 5230 suis
1294 5175 1651 5245 principibus,
1687 5178 2027 5247 paenitudine
2068 5192 2193 5237 tan-

640 5260 764 5316 dem
815 5275 1041 5318 suorum
1096 5262 1417 5319 delictorum
1468 5265 1817 5333 ducerentur,
1880 5276 1935 5322 et
1985 5268 2197 5340 seipsos

2284 4536 2431 4605 ψασα
2460 4533 2707 4606 μοχθηρὰ
2726 4532 3015 4604 παρείλετο
3033 4531 3126 4585 καὶ
3150 4528 3381 4601 ἀνέκοψε
3402 4530 3502 4604 τὴν
3524 4530 3853 4602 προθυμίαν.

2287 4625 2449 4679 xum
2485 4625 2585 4695 μὲν
2610 4606 2773 4678 αὑτοῦ
2801 4621 3255 4698 ἐμεμενήκειηὼς
3291 4622 3461 4692 ὀλίγῳ
3499 4622 3723 4691 ’ὕστερον
3760 4621 3857 4675 ἐπὶ

2287 4718 2386 4789 τὴν
2407 4717 2646 4787 Κολχίδα
2675 4716 2780 4785 γῆν
2802 4713 3084 4785 ἐπανήξων
3113 4716 3208 4769 καὶ
3231 4713 3300 4769 τὰ
3319 4713 3505 4784 ἐκείνῃ
3531 4713 3553 4744 ⁸
3583 4712 3857 4783 πολίσμα-

2288 4826 2377 4865 τα.
2408 4810 2472 4861 Oi
2498 4809 2562 4862 δὲ
2591 4807 2686 4863 καὶ
2716 4807 2814 4870 ὦς’
2831 4806 2934 4859 ἀνὰ
2970 4804 3038 4857 τὰ
3080 4805 3267 4877 πρόσω
3304 4802 3567 4875 ἐχώρουν,
3601 4802 3705 4857 ὑπὸ
3738 4804 3859 4865 τοῖς

2295 4898 2580 4970 προτέροις
2601 4896 2765 4951 πάλιν
2796 4894 3049 4964 ἀγόμενοι
3077 4893 3359 4965 ἡγεμόσιν.
3390 4891 3592 4963 Πρῶτα
3631 4890 3728 4960 μὲν
3758 4884 3858 4941 οὖν

2295 4990 2549 5062 ᾠήθησαν
2578 4989 2773 5061 χρῆναι
2811 4985 3213 5057 ἀποπειρᾶσθαι
3252 4982 3361 5037 τῶν
3398 4979 3764 5054 Μισιμιανῶν,
3808 4978 3861 5032 ετ

2258 5106 2259 5109 η
2296 5099 2400 5135 που
2416 5081 2522 5151 ἄρα
2540 5081 2626 5153 IP.
2642 5077 2765 5141 124]
2778 5077 3070 5132 ἐθελούσιοι
3088 5078 3147 5141 ἐς
3163 5075 3223 5129 τὸ
3239 5074 3456 5146 σῶφρον
3478 5071 3854 5147 μεταϐάλων.
3884 5080 3889 5083 ’

2299 5176 2395 5230 καὶ
2422 5177 2549 5238 τοὺς
2578 5171 2808 5235 οἰκείους
2839 5170 3103 5243 ἄρχοντας
3128 5167 3462 5236 ἐπιγνόντες,
3491 5163 3859 5237 μεταμελήσοι

2300 5268 2482 5332 αὐτοῖς
2502 5267 2625 5324 τότε
2655 5262 2786 5334 γοῦν
2807 5264 2915 5318 τῶν
2945 5260 3368 5334 ἡμαρτημένων,
3394 5260 3491 5315 καὶ
3511 5258 3650 5327 σφᾶς
3671 5273 3731 5311 τε
3759 5258 3859 5315 αὖ·

1830 5496 1832 5500 _
1901 5445 2130 5503 νΑιιιίΕ
2166 5445 2577 5504 LECTIONES.

644 5588 759 5680 4:3
780 5605 974 5680 ἀφιγου
983 5604 1128 5680 μένῳ
1148 5605 1214 5680 Β.
1291 5606 1332 5638 θ’
1356 5606 1557 5680 πλῆθος
1646 5618 1699 5660 et
1732 5607 1915 5680 intpr.
1933 5596 3106 5680 multitudo,_rriteicrov_vuig._3tsate§a6p.évo_t
3156 5597 3262 5680 1!.“
3298 5594 3345 5628 "
3367 5591 3595 5680 ,ἆθξξίωχ
3616 5593 3858 5680 0.003.13-

644 5645 3329 5749 yiict:.;.:_rg'::‘:.;.=....farm.ng"sua"?xxxngz."ii:“'%'§;;;za;::;.;.g:rm
3351 5645 3594 5743 mas
3623 5645 3861 5735 Ietas;

646 5744 667 5777 ’⁵
690 5747 858 5817 intpr.
887 5744 1169 5803 Tibelium.
1234 5747 1255 5779 ⁸
1278 5744 1489 5818 ἐκείνης
1509 5744 1575 5805 Β.
1594 5744 1696 5803 καῖ
1714 5763 1823 5804 om.
1848 5750 1984 5805 Par.
