4042 6334
246 538 394 604 1509

1387 544 1915 611 HISTORIARUM
1959 548 2192 609 LIBER
2226 549 2319 610 IV.

3321 552 3456 620 1510

240 652 345 705 τοῦ
396 649 589 716 κακοῦ,
648 648 901 705 ἀπάντων
943 650 1327 722 ἐπειγομένων.
1392 654 1531 727 Ἤδη
1588 658 1647 711 δέ
1706 659 1800 711 καὶ

1908 656 2059 729 247
2100 658 2247 714 l‘oras
2284 657 2644 713 conﬂuebant.
2686 655 2789 714 Sed
2835 673 3009 729 neque
3054 662 3122 717 ab
3158 662 3244 719 bis
3289 666 3456 723 absti-

240 741 449 809 γύναια
471 739 640 793 πολλά
669 740 1026 796 διαναστάντα
1050 741 1256 812 θύραζε
1281 740 1524 816 ξυνῷρυ
1553 747 1803 820 όλοφυρό⁴

232 846 411 903 μενω
470 829 611 901 ἀτάρ
665 831 785 885 ούδέ
823 832 1026 887 τούτων
1070 833 1359 905 ,ἀπείχοντο
1414 838 1465 889 οί
1521 838 1798 909 Ῥωμαῖοι,

238 924 389 993 ὀργῇ
438 922 747 992 φερόμενοι,
786 922 902 976 ἀλλ’
929 922 1182 993 ώμότατα
1223 926 1315 979 καὶ
1341 920 1498 981 αὗται
1523 928 1568 960 ⁸⁸
1599 929 1805 982 κτεινό-

246 1028 441 1081 μεναι,
464 1011 740 1082 ἀπήλαυον
770 1012 871 1083 τῆς
905 1012 1013 1067 τῶν
1038 1014 1281 1085 ἀρρένων
1307 1017 1657 1082 ἀτασθαλίας.
1691 1019 1804 1072 Μία

238 1100 304 1155 δέ
344 1118 433 1164 τις
469 1101 579 1154 τῶν
619 1102 967 1173 κομψοτέρων
995 1103 1123 1175 δᾷδα
1157 1107 1456 1176 κατέχουσα
1490 1108 1803 1178 καιομένην,

138 1221 150 1231 α
239 1192 636 1260 ἐμφανέστατα
692 1191 997 1262 ἐπορεύετο·
1048 1193 1198 1264 καὶή
1265 1194 1363 1263 μέν
1413 1194 1642 1265 δορατίῳ
1707 1197 1805 1267 τὴν

240 1280 492 1349 γαστέρα
515 1281 913 1353 διατορηθετσα,
943 1283 1262 1353 οἰκτρότατα
1290 1283 1590 1355 ἐτεθνήκει,
1612 1285 1722 1338 τῶν
1748 1286 1805 1339 δέ

238 1384 336 1432 τις
390 1369 675 1441 Ῥωμαίων
727 1372 1047 1442 ἀνελόμενος
1088 1372 1151 1425 τὸ
1198 1372 1497 1443 λαμπάδιον
1547 1375 1806 1445 ἐμϐάλλει

248 1456 368 1528 πῦρ
412 1460 528 1523 τοῖς
562 1460 1001 1531 περιαυλίσμασι.
1029 1460 1111 1514 Τά
1137 1459 1195 1513 δέ
1226 1460 1424 1531 (ξύλοις
1447 1463 1555 1533 γάρ
1587 1466 1681 1517 καὶ
1708 1480 1805 1533 φο-

244 1550 401 1619 ρυτῷ
419 1549 707 1619 ἐτύγχανον
736 1550 1129 1621 ἐσκευασμένα)
1155 1551 1383 1622 τάχιστα
1412 1554 1803 1625 ἐνεπίμπρατοο

242 1644 284 1715 τι
315 1660 380 1697 τε
403 1642 534 1712 φλδξ
558 1644 616 1706 ἐς
639 1641 887 1697 τοσοῦτον
908 1643 950 1674 ⁶¹
985 1642 1244 1716 μεγέθους
1264 1644 1486 1714 ἐξήρθη,
1509 1645 1595 1708 ὼς-
1606 1646 1715 1699 xei:
1726 1646 1809 1717 τῷ

257 1732 516 1804 Ἀψιλίων
538 1732 678 1786 ἔθνει
725 1733 952 1797 καὶτοῖς
986 1735 1316 1806 πορρωτέρω
1353 1735 1434 1787 ἐτι
1454 1736 1499 1766 ⁸⁸
1536 1734 1606 1788 τὰ
1628 1736 1809 1789 ποιού-

249 1841 396 1896 μενα
423 1823 781 1892 διαγγέλλειν.
815 1823 948 1876 Τότε
974 1823 1048 1894 δὴ
1086 1820 1181 1879 οὖν
1223 1825 1314 1878 καὶ
1342 1824 1538 1895 μᾶλλον
1572 1826 1622 1879 oi
1662 1827 1807 1897 Βάρ-

156 1958 160 1963 .
242 1914 411 1986 δαροι
439 1912 603 1984 χύδην
637 1912 948 1967 ἀπώλλυντο
974 1914 1039 1966 ⁸⁸.
1065 1915 1127 1967 Οἱ
1157 1914 1254 1985 μὲν
1273 1914 1385 1986 γάρ
1415 1916 1550 1969 οίκοι
1574 1933 1807 1986 μεμενη-

248 2006 410 2070 κότες
440 1987 839 2076 ἐπυρπολοῦντο
883 2003 918 2075 ἢ
964 2004 1364 2075 κατεχώννυντο
1385 2021 1400 2037 ο
1435 2009 1545 2072 τοῖς
1586 2008 1643 2061 δὲ
1674 2010 1810 2079 πρὸς
1839 1987 1882 2043 Β

254 2095 328 2149 τά
352 2096 510 2159 ἐκτὸς
527 2082 931 2149 διεκπίπτουσιν
953 2092 997 2126 ⁸⁸
1019 2094 1355 2165 ἑτοιμότερος
1380 2096 1408 2150 ό
1428 2096 1491 2149 ἐκ
1513 2096 1619 2151 τῶν
1640 2097 1810 2167 ξιφῶν

237 2187 482 2257 ὕλεθρος
508 2187 835 2257 ἐφειστήκει.
875 2185 1068 2250 Παῖδες
1098 2186 1154 2239 δέ
1193 2186 1377 2239 πολλοὶ
1414 2182 1809 2260 κλαυθμυριζό⁶

241 2277 414 2350 ,μενοι
455 2294 519 2331 τε
567 2276 663 2331 καὶ
692 2276 792 2340 τάς
812 2274 1072 2339 τεκούσας
1111 2276 1464 2342 ἀναϐοῶντες,
1498 2279 1807 2349 ἡλίσκοντο·

244 2367 355 2422 καὶ
377 2366 581 2422 τούτων
604 2367 732 2429 τοὺς
751 2367 849 2437 μέν
876 2366 1017 2421 κατά
1037 2366 1147 2419 τῶν
1172 2366 1384 2437 πετρῶν
1398 2369 1627 2436 ἀφειδῶς
1652 2371 1811 2424 ἀκονο

250 2456 518 2525 τιζοντες,
544 2457 961 2529 διεσπάραττον·
1001 2457 1129 2511 ἔνιοι
1162 2458 1218 2511 δέ
1247 2459 1432 2528 ὥσπερ
1463 2460 1522 2513 ἐν
1546 2461 1731 2531 παιδιᾷ
1751 2463 1808 2525 ἐς

248 2548 396 2619 ὕψος
420 2548 823 2621 ἀνερῤίπτοντο,
860 2548 952 2601 καὶ
977 2544 1093 2602 εἷτα
1116 2548 1192 2618 τῷ
1210 2548 1359 2619 ἄχθει
1383 2549 1808 2621 ἀντιφερόμενοι,

243 2641 462 2713 ὀρθίοις
504 2641 616 2703 τοῖς
652 2640 867 2709 δόρασιν
910 2637 1328 2707 ὑποδεχθέντες,
1361 2638 1420 2691 ἐν
1452 2638 1527 2709 τῷ
1555 2640 1809 2712 μετεώρῳ

251 2732 664 2804 διεπερονῶντο.
711 2729 821 2785 Καὶ
864 2725 933 2800 ἦν
966 2730 1067 2805 ,μὲν
1106 2728 1168 2782 οὐ
1208 2728 1395 2801 πόρρω
1431 2728 1540 2783 τῶν
1589 2732 1809 2787 εἰκότων

250 2819 608 2890 χαλεπαίνειν
647 2819 851 2889 σφόδρα
876 2817 1000 2882 τοὺς
1048 2817 1347 2887 Ῥωμαίους
1391 2816 1470 2888 τῷ
1507 2817 1617 2871 τῶν
1652 2819 1813 2873 Μισι-

248 2908 479 2977 ,μανῶν
503 2908 669 2977 γένει,
699 2909 794 2963 τοῦ
837 2925 899 2962 τε
942 2908 1251 2979 Σωτηρίχου
1286 2908 1463 2974 ἐκατι,
1489 2909 1579 2961 καὶ
1598 2909 1693 2981 τῆς
1719 2912 1812 2963 ἐπὶ

252 2997 378 3059 τοῖς
424 2996 686 3065 πρέσϐεσι
727 2998 1086 3069 παρανομίας.
1154 2997 1301 3052 Ἔδει
1348 2998 1392 3029 ⁸⁸
1435 2996 1492 3050 δὲ
1532 2998 1679 3069 ὅμως
1716 3002 1811 3070 οὐχ

253 3087 391 3141 ὅσον
429 3087 526 3141 καὶ
554 3088 613 3152 ἐς
633 3086 771 3141 αύτά
796 3088 860 3158 δὴ
887 3088 955 3141 τά
978 3087 1169 3154 νεογνά
1202 3086 1396 3158 βρέφη,
1426 3088 1523 3141 καὶ
1546 3088 1653 3141 τῶν
1698 3094 1812 3154 τοῖς

1900 744 2101 801 nebant
2126 746 2381 808 Romani,
2413 745 2494 798 ira
2519 745 2745 816 abrepti,
2775 745 2868 801 sed
2898 745 3268 803 crudelissime
3293 754 3455 805 etiam

1900 834 1983 888 hae
2015 831 2296 888 trucidata:
2325 832 2564 886 virorum
2604 832 2918 887 sceleratam
2969 836 3290 902 proterviarn
3340 837 3455 895 lue-

1900 922 2055 977 bant.
2088 921 2205 979 Una
2237 931 2417 977 autem
2442 937 2507 976 ex
2535 922 2951 990 elegantioribus
2973 938 3251 979 accensam
3283 926 3455 981 facem

1903 1029 2064 1068 manu
2088 1022 2328 1085 gestans,
2351 1013 2505 1067 valde
2525 1013 2811 1082 conspicue
2834 1012 3131 1069 incedebat.
3167 1014 3269 1070 Sed
3292 1018 3455 1071 etiam

1903 1104 2019 1159 haec
2077 1104 2232 1159 basta
2270 1107 2520 1159 ventrem
2572 1105 2867 1160 translossa
2923 1105 3225 1161 miserrime
3282 1092 3453 1177 periit.

1905 1197 2272 1251 Romanorum
2303 1211 2434 1252 vero
2459 1196 2677 1266 quidam
2702 1205 2913 1265 arrepta
2936 1195 3051 1252 lace
3080 1198 3456 1266 ignem'domi-

1903 1285 2005 1341 bus
2033 1285 2295 1353 immisit;
2327 1302 2448 1355 quae
2476 1295 2549 1339 ut.
2575 1296 2731 1340 erant
2774 1302 2804 1341 e
2848 1287 3004 1357 lignis
3048 1296 3102 1342 et
3146 1290 3459 1366 stramentis

1903 1372 2181 1435 confecta.
2210 1373 2474 1428 citissime
2503 1372 2940 1443 conﬂagrarunt;
2982 1384 3035 1428 et
3074 1374 3287 1429 ﬂamma
3325 1376 3459 1429 adeo

1903 1464 2009 1518 alte
2048 1463 2255 1518 sublata
2305 1471 2406 1526 est,
2459 1470 2519 1516 ut
2568 1472 2622 1517 et
2656 1462 2983 1533 Apsiliorurn
3032 1466 3176 1535 genti
3229 1465 3459 1535 aliisque

1904 1553 2286 1607 remotioribus
2327 1568 2447 1621 quae
2478 1552 2800 1621 gerebantur
2832 1555 3125 1609 nuutiaret.
3162 1553 3296 1609 Tum
3331 1555 3457 1624 qui-

1905 1643 2027 1698 dem
2073 1652 2128 1699 et
2178 1644 2351 1698 multo
2400 1644 2636 1699 atrocius
2686 1643 2901 1698 barbari
2940 1646 3142 1715 passim
3189 1646 3457 1714 peribant.
3511 1644 3521 1657 '

1905 1731 2007 1799 Qui
2034 1733 2175 1787 enim
2216 1734 2360 1789 domi
2410 1740 2739 1799 manserant,
2784 1735 3307 1801 concremabantur,
3375 1735 3459 1790 vel

1905 1824 2111 1879 aedibus
2138 1824 2540 1891 obruebantur;
2583 1824 2677 1895 qui
2722 1839 2849 1878 vero
2877 1839 2908 1879 e
2936 1823 3187 1879 domibus
3238 1838 3458 1893 prorue-

1910 1912 2056 1979 bant,
2100 1912 2166 1968 iis
2196 1914 2434 1983 paratior
2475 1914 2542 1967 ab
2571 1913 2794 1970 ensibus
2838 1914 3081 1969 interitus
3124 1914 3456 1969 imminebat.

1908 2003 2056 2058 Multi
2082 2017 2208 2058 vero
2240 2003 2389 2072 pueri
2438 2004 2715 2073 vagientes
2764 2018 2997 2073 suasque
3045 2015 3245 2060 matres
3292 2005 3459 2059 incla-

1909 2102 2115 2148 mantes
2140 2092 2517 2163 rapiebantur;
2548 2102 2708 2164 atque
2735 2108 2799 2147 ex
2831 2093 2916 2146 bis
2941 2093 3156 2162 quidem
3182 2095 3273 2148 alii
3296 2094 3459 2163 petris

1907 2186 2195 2241 crudeliter
2227 2185 2350 2240 illisi
2382 2184 2780 2239 dilaniabantur
2803 2223 2819 2247 ,
2854 2183 2944 2236 alii
2982 2198 3110 2237 vero
3155 2184 3319 2243 veluti
3364 2184 3460 2253 per
3507 2232 3512 2247 ,

1908 2275 2091 2331 ludum
2126 2275 2178 2329 in
2208 2275 2371 2329 altum
2406 2274 2585 2344 eiecti,
2613 2288 2677 2327 ac
2704 2273 2896 2327 deinde
2939 2272 3173 2341 pondere
3204 2271 3456 2326 deorsum

1908 2365 2090 2429 delati,
2120 2366 2423 2435 erectisque
2468 2364 2635 2419 hastis
2666 2364 2875 2434 excepti
2916 2363 2970 2417 in
3012 2363 3231 2418 sublimi
3279 2350 3456 2417 trans-

1912 2455 2227 2524 ﬁgebantur.
2257 2454 2321 2509 Et
2347 2464 2491 2511 certe
2528 2438 2753 2508 Romani
2802 2469 2909 2506 non
2955 2452 3051 2506 abs
3102 2466 3159 2506 re
3203 2452 3460 2507 adversus

1910 2544 2241 2601 Misimianos
2291 2546 2426 2600 adeo
2478 2546 2747 2614 ingentem
2799 2543 3214 2612 indignationem
3266 2558 3458 2598 concc-

1911 2644 2120 2705 perant,
2150 2636 2371 2689 cum'ob
2404 2634 2665 2689 Sntericbi
2699 2635 2897 2688 eadem
2923 2672 2939 2697 ,
2994 2640 3109 2688 tum
3164 2634 3233 2688 ob
3291 2634 3458 2687 scele-

1912 2733 2087 2781 ratum
2135 2727 2187 2779 in
2236 2734 2480 2780 oratores
2524 2723 2776 2783 facinus;
2834 2738 2958 2777 cum
3012 2731 3191 2777 tamen
3244 2738 3457 2791 aequum

1913 2834 2020 2886 non
2050 2827 2214 2882 esset,
2258 2817 2311 2870 in
2356 2816 2502 2891 ipsos
2548 2816 2711 2869 etiam
2753 2827 2942 2868 recens
2983 2806 3157 2867 editos
3204 2812 3456 2875 infantes,

1913 2909 2075 2981 248
2101 2910 2307 2980 ’ρυίουε
2346 2921 2555 2973 eorum,
2588 2921 2708 2975 quae
2752 2913 2999 2976 parentes
3046 2904 3285 2973 ipsorum
3335 2918 3459 2971 per-

1913 3010 2205 3071 petrarant,
2221 2999 2528 3069 neutiquam
2546 3006 2700 3052 erant
2725 2997 2948 3059 conscii,
2964 3010 3132 3064 usque
3156 2994 3289 3049 adeo
3317 2993 3459 3048 laede

1913 3090 2141 3158 saevire;
2168 3096 2240 3146 ita
2273 3090 2352 3145 eis
2391 3089 2591 3143 factum
2618 3088 2720 3144 hoc
2751 3102 2857 3141 non
2888 3087 3104 3156 impune
3138 3086 3285 3139 abiit.

256 3175 483 3248 γονεῦσι
542 3176 958 3250 τετολμημένων
1019 3176 1170 3232 οὐδὲν
1210 3177 1565 3248 ἐπιστάμενα,
1608 3184 1884 3251 παροινεῖν
1920 3181 2063 3235 οὕτω
2108 3182 2203 3235 καὶ
2252 3179 2591 3250 ἀφυϐρίζειν.
2633 3176 2838 3232 Οὔκουν
2878 3177 3060 3240 αὐτοῖς
3098 3177 3221 3231 ούδέ
3278 3176 3458 3232 ἀποινὶ

252 3271 425 3329 τοῦτο
450 3269 783 3342 ἡμάρτηταιο
844 3307 847 3311 -

335 3389 408 3439 κ’.
440 3381 556 3454 τῆς
584 3382 693 3455 γὰρ
731 3383 925 3447 νυκτδς
951 3383 1168 3455 ἀπάσης
1193 3380 1254 3437 ἐν
1290 3383 1516 3466 τοιοῖσδε
1553 3384 1599 3417 ⁸⁸
1625 3387 1811 3447 κακοῖς

1977 3385 2067 3440 20.
2123 3374 2473 3439 Νοοιεέηἰιιι
2520 3389 2631 3437 tota
2676 3396 2732 3435 .n
2777 3378 2925 3435 hisce
2967 3378 3124 3435 malis
3168 3386 3457 3432 transacta'

252 3471 659 3544 δεάνυσθείσης,
674 3474 776 3544 ήδη
796 3491 857 3527 τε
878 3475 922 3507 ⁸⁷
942 3473 1188 3540 δόξαντος
1206 3472 1299 3526 τοῦ
1321 3474 1518 3545 χωρίου
1539 3476 1813 3548 ἐκπεπορ-

256 3562 485 3635 θῆσθαι,
512 3564 633 3619 τότε
657 3565 722 3635 δὴ
749 3564 937 3643 ἀνδρες
954 3565 1061 3619 τῶν
1090 3550 1431 3636 Μισιμιανῶν
1464 3566 1523 3631 ἐς
1551 3582 1813 3620 πεντακοο

199 3719 207 3725 ,
253 3656 417 3719 dou:
430 3651 491 3711 εὖ
506 3656 647 3711 μάλα
656 3646 1132 3728 τεθωρακισμένοι,
1149 3653 1244 3709 τοῦ
1263 3655 1521 3728 φρουρίου
1537 3658 1812 3725 ἐκϐάντες,

254 3746 331 3808 ες
355 3745 486 3799 αὐτὸ
508 3744 573 3816 δὴ
616 3745 679 3799 τὺ
713 3743 981 3814 λυκαυγὲς
1005 3745 1329 3815 ἐπέρχονται
1367 3749 1481 3810 τοῖς
1522 3746 1816 3817 Ῥωμαίοις

254 3831 590 3900 ἀφυλάκτως
630 3833 1007 3903 διακειμένοις,
1056 3833 1147 3888 διά
1174 3834 1237 3889 τὸ
1268 3835 1474 3889 οίεσθαι
1513 3835 1815 3890 τελεώτατα

254 3921 681 3991 κεκρατηκέναι.
720 3915 831 3977 Καὶ
866 3921 1159 3992 πλήττουσι
1202 3925 1302 3994 μέν
1343 3926 1469 3988 τοὺς
1503 3926 1813 3993 πλείστους,

253 4010 510 4073 ἃπαντας
537 4009 593 4063 δέ
612 4010 672 4074 ἐς
701 4010 878 4079 φυγὴν
892 4006 1202 4082 ἐτρέψαντο,
1226 4012 1523 4084 βιαιότερον
1556 4014 1815 4078 ἐξωθοῦν-

252 4110 381 4155 τες.
407 4095 469 4148 Οί
497 4096 553 4149 δέ
572 4095 672 4160 ξὺν
708 4101 919 4169 ταραχῇ
945 4100 1036 4152 ἐπὶ
1067 4098 1128 4152 τὸ
1154 4100 1414 4165 κάταντες
1447 4102 1777 4170 ὑπαγόμενοι
1794 4143 1812 4168 ,

250 4181 477 4253 συχνῶν
506 4201 567 4239 τε
610 4186 703 4239 καὶ
727 4187 981 4243 ποικίλων
1025 4188 1350 4260 τραυμάτων
1375 4189 1629 4245 ἀνάπλεοι
1656 4194 1714 4254 ἐς
1752 4191 1814 4245 τὸ

255 4273 624 4343 στρατόπεδον
659 4274 976 4347 ἐπανῆλθον,
994 4280 1107 4341 τοῖς
1126 4294 1184 4331 τε
1209 4277 1475 4343 ἀκοντίοις
1514 4280 1623 4333 τῶν
1657 4279 1814 4332 πολε-

260 4364 415 4433 μίων
465 4363 772 4441 βληθέντες.
822 4367 919 4422 καὶ
958 4367 1038 4439 τῷ
1087 4370 1431 4439 περιπταίειν
1493 4369 1643 4441 θαμά
1694 4373 1817 4434 ταῖς

253 4453 491 4524 πέτραις
522 4455 1011 4529 διακεχαραγμὲνοι
1038 4459 1106 4514 τά
1137 4460 1300 4530 σκέλη
1324 4478 1338 4491 -
1364 4460 1455 4515 καὶ
1497 4461 1581 4515 ἐπ’
1612 4463 1815 4516 ἐκεῖνον

266 4542 379 4614 μὶν
400 4536 663 4617 αύθιςτδν
684 4547 944 4602 σκόπελον
968 4550 1221 4620 ἀνέρπειν
1245 4549 1443 4620 ἣκιστα
1480 4550 1776 4606 διενοοῦντο
1795 4594 1811 4620 ,

253 4629 345 4701 τῷ
448 4633 712 4705 περιϐόλῳ
728 4638 1077 4710 ἐπιφέρεσθαι
1168 4637 1365 4709 μᾶλλον
1390 4637 1656 4711 ἐπίμαχος
1675 4636 1816 4697 εἶναι

1912 3492 2035 3531 cum
2060 3478 2170 3547 jam
2202 3484 2347 3531 totus
2377 3476 2467 3531 ille
2491 3482 2700 3529 tractus
2737 3479 2979 3527 vastatus
3017 3472 3308 3535 videretur,
3343 3480 3459 3524 tum

1910 3578 2041 3621 vero
2076 3578 2140 3619 ex
2172 3564 2490 3620 Misimianis
2528 3562 2627 3616 viri
2674 3559 2947 3631 quingenti
2995 3559 3195 3629 optime
3242 3561 3457 3625 armati,

1910 3655 2162 3725 praesidio
2206 3654 2431 3724 egressi,
2488 3652 2592 3707 sub
2640 3651 2814 3721 ipsum
2851 3649 3143 3704 diluculum
3187 3647 3461 3703 Romanos

1914 3743 2193 3806 invadunt,
2218 3742 2395 3796 nullas
2413 3750 2507 3794 aut
2528 3739 2752 3809 exiguas
2774 3738 3029 3793 excubias
3049 3745 3286 3807 agentes,
3316 3738 3462 3805 quod

1910 3843 2163 3905 putarent
2185 3849 2244 3889 se
2269 3832 2579 3903 plenissima
2606 3828 2828 3886 victoria
2853 3830 3085 3898 potitos;
3118 3838 3171 3883 et
3199 3829 3461 3899 plurimos

1910 3924 2129 3994 quidem
2158 3922 2391 3987 cadunt,
2419 3934 2609 3977 omnes
2634 3934 2763 3975 vero
2788 3919 2843 3972 in
2872 3917 3052 3989 l‘ugam
3078 3926 3311 3980 vertunt,
3345 3916 3458 3969 vio-

1912 4014 2082 4069 lenter
2111 4012 2475 4082 expellentes;
2510 4010 2585 4064 illi
2611 4022 2739 4063 vero
2774 4007 3087 4061 turbulente
3121 4006 3175 4060 in
3224 4019 3457 4073 praeceps

1910 4102 2037 4166 acti,
2067 4100 2541 4170 frequentibusque
2573 4106 2629 4152 et
2654 4097 2819 4151 variis
2849 4095 3159 4150 vulneribus
3195 4094 3356 4162 pleni,
3400 4095 3455 4147 in

1910 4198 2090 4247 castra
2122 4199 2250 4247 sunt
2275 4189 2498 4253 reversi,
2531 4197 2585 4246 et
2609 4188 2729 4243 telis
2767 4186 3002 4242 hostium
3048 4186 3158 4249 icti,
3201 4193 3275 4250 et,
3313 4184 3457 4255 quod

1911 4280 2221 4352 frequenter
2262 4281 2317 4335 in
2363 4287 2545 4350 petras
2594 4278 2979 4344 offendissent,
3032 4277 3179 4333 tibiis
3230 4275 3460 4346 graviter

1911 4372 2187 4437 sauciatis,
2216 4371 2350 4427 adeo
2379 4383 2439 4426 ut
2464 4370 2544 4427 eis
2565 4371 2741 4427 denuo
2767 4371 2821 4425 in
2848 4370 3125 4440 scopulum
3151 4369 3298 4423 illum
3327 4368 3458 4422 sub-

1910 4464 2157 4535 reptandi
2212 4464 2427 4519 animus
2474 4478 2580 4517 non
2629 4470 2805 4527 esset,
2854 4463 2947 4517 sed
2997 4475 3208 4514 murum
3257 4459 3455 4527 potius,

1911 4568 2019 4624 qua
2046 4560 2195 4623 parte
2219 4552 2574 4622 Opportunior
2598 4546 2978 4620 Oppugnationl
3011 4547 3297 4611 videretur,
3327 4545 3457 4598 ado-

1911 4642 2085 4703 riendi
2111 4642 2381 4711 simulque
2409 4640 2607 4695 fossam
2636 4634 2905 4706 opplendi.
2936 4624 3201 4699 Quocirca
3226 4632 3456 4687 domuu-

236 4722 461 4787 ἐδόκει,
499 4724 593 4792 καέ
619 4726 736 4795 ἄμα
768 4729 868 4800 τὴν
892 4729 1095 4800 τάφρον
1132 4728 1552 4800 καταχωννύναι.
1576 4732 1687 4785 Καὶ
1711 4733 1811 4787 τοί-

1918 4734 2056 4790 culis
2085 4732 2409 4803 quibusdam
2434 4737 2490 4786 et
2518 4728 2744 4798 tuguriis
2767 4727 2988 4797 propius
3011 4725 3253 4790 structis,
3285 4739 3315 4778 e
3343 4733 3458 4778 tuto

252 4828 365 4869 νυν
517 4812 636 4885 129]
659 4813 932 4881 οίκίσκους
951 4820 1102 4884 τινάς
1134 4818 1225 4874 καὶ
1243 4819 1481 4883 καλύϐας
1504 4820 1813 4890 πλησιαίτε-

258 4922 363 4977 ρον
401 4903 785 4976 τεκτηνάμενος,
832 4909 898 4962 ἐκ
939 4910 1034 4964 τοῦ
1078 4911 1352 4982 ἀσφαλοῦς
1396 4911 1813 4981 ἐτειχομάχουν,

1912 4839 2128 4881 murum
2159 4822 2559 4892 oppugnabant,
2594 4818 2858 4874 machinis
2902 4818 3105 4889 pariter
3146 4825 3355 4871 utentes
3388 4818 3460 4870 et

1904 4912 2256 4987 iaculatione,
2288 4920 2344 4966 et
2370 4910 2477 4965 alio
2512 4910 2704 4981 quovis
2750 4909 2911 4965 modo
2956 4908 3322 4979 gravissimam
3369 4907 3457 4970 iis,

262 4996 541 5068 μηχαναῖς
570 4986 928 5067 τεχρώμενοι
954 4999 1059 5055 »καὶ
1086 5004 1287 5075 τοξείᾳ,
1318 5003 1410 5057 καὶ
1443 5001 1585 5072 άλλῳ
1614 5001 1811 5071 ὁτῳοῦν

1912 4986 2005 5069 qui
2032 5001 2176 5056 intus
2206 5008 2381 5065 erant,
2423 5000 2920 5072 intolerabilemque
2960 4999 3292 5054 obsidionem
3341 5000 3458 5053 elﬁ-

253 5085 452 5156 τρόπῳ
468 5085 852 5155 χαλεπωτάτην
868 5089 981 5152 τοῖς
1004 5087 1152 5145 ἐνδον
1179 5094 1274 5147 καὶ
1296 5091 1614 5147 ἀνύποιστον
1635 5088 1817 5143 ποιού-

261 5192 423 5248 μενοι
446 5180 546 5229 τὶπν
573 5177 905 5247 πολιορκίαν.
934 5179 997 5233 Oi
1036 5182 1094 5235 δέ
1121 5183 1390 5257 Βάρόαροι
1422 5185 1683 5256 ἐμόχθουν
1719 5186 1816 5256 μὲν

260 5270 475 5341 σφόδρα
529 5272 624 5326 καὶ
663 5272 957 5337 ἐπιέζοντο,
1002 5272 1143 5345 πλὴν
1176 5277 1294 5331 ἀλλ’
1335 5278 1486 5333 οῦπω
1532 5278 1747 5333 ἀνίεσαν
1769 5282 1813 5314 ⁸³

260 5362 616 5433 ἀμυνόμενοι.
658 5363 797 5435 Ἤδη
828 5364 937 5435 γάρ
975 5380 1119 5429 τινες
1155 5366 1430 5424 σπαλίωνα
1478 5368 1809 5443 κομίζοντες,

1914 5091 2137 5147 cientes.
2164 5090 2383 5147 Barbari
2416 5107 2545 5147 vero
2574 5093 2916 5147 vehementer
2956 5091 3289 5153 laborabant,
3334 5107 3458 5159 gra—

1918 5170 2159 5249 viterque
2200 5182 2617 5251 premebantur;
2666 5184 2904 5239 nondum
2951 5191 3127 5235 tamen
3166 5195 3285 5235 sese
3322 5183 3457 5234 tueri

1917 5272 2263 5328 desistebant.
2315 5272 2433 5329 1am
2465 5275 2608 5329 enim
2655 5274 2896 5330 nonnulli
2937 5273 3258 5329 testudinem
3300 5273 3459 5342 2&9

1916 5372 2194 5434 portantes
2221 5367 2288 5422 ad
2314 5364 2682 5422 Romanorum
2718 5366 3046 5423 munitiones
3107 5381 3167 5421 se
3212 5365 3457 5421 confere-

1540 5560 1767 5621 VARUE
1798 5560 2201 5621 LECTIONES.

344 5734 393 5768 ⁸.
423 5728 591 5819 αὖτΞι
612 5736 1077 5819 Βι,αέεαὶ,νυιεο,
1126 5740 1167 5772 ⁶¹
1192 5738 1412 5795 τοσοῦτο
1444 5738 1517 5819 Β.
1543 5718 1553 5726 ’
1592 5746 1638 5782 ⁶¹
1669 5747 1832 5819 nam}.
1864 5743 1943 5819 ἐτι
1976 5742 2046 5805 Β.
2079 5744 2374 5819 ἐτι-ποῤῥ.
2423 5746 2571 5819 vulg.
2664 5747 2713 5819 ξ’
2735 5741 3131 5819 ἀπόλλυντοβ..
3218 5739 3456 5814 “Grati-

269 5821 500 5887 meugtv
524 5806 628 5887 Β..
666 5808 711 5841 ⁸⁸
736 5810 850 5887 ᾔδει
871 5808 918 5863 Β
948 5806 1375 5887 ειξίιιιρτιηιροη
1434 5818 1699 5887 ζαηιορετε
1722 5806 2455 5887 ξεὶαιᾼᾴςεωυὶεπςαηιϊέπεὶ
2486 5806 2630 5887 νῖιΙε.
2659 5818 2778 5887 ὅσον
2811 5810 3076 5887 δηιιυεζᾲ.
3113 5811 3134 5863 1
3176 5826 3251 5865 m.
3278 5818 3331 5887 et
3368 5806 3454 5864 ed.

268 5891 377 5948 ph,
415 5873 560 5929 ὅσιον
580 5872 775 5956 ⁸Ιιιιςά.
807 5894 917 5952 mg.
944 5890 1000 5937 et
1021 5872 1158 5934 Par;
1217 5879 1261 5911 “
1284 5881 1341 5930 ἐν
1382 5882 1492 5942 τοῖς
1527 5872 1690 5947 τόιοῖς
1722 5883 1790 5938 R.
1866 5885 1907 5917 ⁸⁷
1932 5882 2036 5942 Pro
2070 5899 2130 5935 τε
2159 5884 2207 5937 R
2235 5872 2311 5941 δέξ
2390 5886 2435 5919 ⁸⁸
2462 5872 2680 5942 ἀνίεσαν
2705 5885 2747 5937 Τ
2780 5872 2927 5954 (Ωιι),
2960 5872 3189 5950 ἀνῄεσαν
3243 5882 3385 5950 vulg.
