4042 6334
154 453 274 518 i517

1271 448 1801 507 HISTORIARUM
1834 421 2066 510 LIBER
2096 452 2195 512 IV.

3230 462 3364 525 1518

150 563 317 617 ποιῶν
343 562 407 616 τὺ
439 559 800 631 φασκὼλιοντ.
837 555 1076 628 Ἥμελλε
1104 555 1159 607 δὲ
1197 554 1304 624 ἄρα
1344 559 1520 625 χρόνῳ
1550 554 1704 605 ὓστε-

1827 565 2065 611 iraeterea
2092 557 2386 626 pleniorem
2415 559 2826 630 gravioremque
2861 542 3022 632 255
3053 579 3364 624 crumenam

153 671 236 721 ρον
271 651 470 714 ποινὰς
503 649 740 720 μεγάλας
763 646 952 718 ἡλίκας
981 641 1347 697 ἀποτιννύναι.
1393 643 1452 694 Ei
1480 641 1587 711 γὰρ
1617 642 1709 692 καὶ

152 742 378 811 μυρίους
421 739 560 810 μετά
603 737 775 792 ταῦτα
820 736 1035 803 διήνυσε
1067 731 1280 794 πόνους,
1323 731 1419 784 καὶ
1455 731 1710 800 μέγιστον

149 836 320 902 ἤρατο
350 831 508 894 κλέος
553 829 698 900 ἀμφὶ
741 828 832 881 τὸν
875 827 1086 893 Ἴστρον
1131 822 1395 892 ποταμὸν,
1447 821 1545 884 τὰς
1603 821 1710 872 τῶν

147 915 436 995 βκρὸἀρων
473 921 772 991 ἑπιδρομάς
799 919 1138 980 ἀνακόπτων,
1171 915 1284 969 ἀλλ’
1313 914 1463 968 οὐδὲν
1503 913 1711 966 ἐνθένδε

149 1019 180 1085 ἡ
203 1014 297 1067 τοῦ
326 1013 646 1083 Κρείττονος
671 1008 974 1085 ὲθωπεύετο
996 1008 1140 1077 δίκη,
1158 1007 1277 1059 οὐδὲ
1303 1007 1512 1070 τούτοις
1531 1008 1712 1059 ἐκεῖνα

150 1083 551 1157 ἐνπεκαλύπτετο
572 1118 587 1133 ο
645 1083 801 1170 ἔμενε
824 1100 900 1164 δὲ,
929 1095 1102 1169 οἶμαι,
1127 1097 1437 1167 ἠρεμοῦντα
1465 1099 1555 1151 καὶ
1585 1099 1715 1166 ἐφυ-

149 1198 373 1249 λάττετο
404 1194 609 1264 μόνιμα
631 1192 725 1246 καὶ
751 1193 1074 1259 ἀνάγραπτα
1096 1189 1256 1260 μέχρι
1284 1188 1376 1254 τοῦ
1404 1187 1596 1258 καιροῦ
1619 1188 1712 1241 τοῦ

151 1283 502 1353 καθήκοντος.
538 1281 613 1334 Ού
642 1280 748 1349 γάρ
784 1277 900 1347 ἅμα
927 1277 1007 1346 τῷ
1032 1276 1372 1348 πλημμελεῖν
1399 1278 1490 1330 καί
1511 1277 1610 1339 τάς
1637 1295 1716 1329 τι·

151 1372 362 1441 μωρίας
395 1368 817 1439 ἀναμετρεῖσθαι
861 1366 1208 1435 πεφύκαμεν,
1255 1366 1394 1435 μετά
1427 1366 1617 1436 χρόνον
1657 1365 1715 1418 δὲ

149 1465 216 1520 ὡς
244 1462 318 1514 τά
360 1460 532 1514 πολλά
555 1460 646 1513 καὶ
678 1458 806 1520 ἴσως
836 1457 1000 1528 ἡνίκα
1034 1456 1145 1509 τῶν
1177 1456 1554 1526 εἰργασμένων
1589 1458 1714 1508 επιο

147 1549 482 1619 λελήσμεθα,
498 1551 607 1603 Καὶ
626 1547 904 1617 ἀνιώμεθα
925 1548 1026 1617 μὲν
1047 1548 1108 1600 τὸ
1130 1547 1438 1618 παραυτίκα
1459 1550 1570 1610 τοῖς
1591 1546 1714 1600 καθ’

149 1641 305 1708 ἡμῶν
349 1640 706 1709 γιγνομένοις,
755 1639 830 1701 ὡς
875 1638 1202 1709 παραλόγως
1249 1639 1344 1690 καὶ
1372 1639 1472 1690 οὐκ
1513 1638 1570 1688 ὲν
1594 1636 1718 1707 δίκῃ

151 1731 573 1802 συμϐεϐηκόσι,-
603 1733 698 1784 καὶ
757 1729 1168 1800 καταιτιώμεθα
1224 1729 1450 1798 φθόνους
1506 1728 1720 1798 ἀνθρω-

151 1826 340 1887 πείως
400 1825 558 1894 τυχὸν
617 1825 710 1876 καὶ
761 1823 1102 1893 δυσμενείας,
1159 1820 1235 1883 ὡς
1292 1823 1356 1874 ὲκ
1400 1819 1608 1873 τούτων
1657 1820 1718 1872 ού

151 1916 502 1984 προσήκοντα
546 1913 871 1977 πεπονθότες
897 1929 911 1943 ⁸
957 1913 1018 1965 τὸ
1065 1913 1122 1965 δὲ
1165 1908 1385 1981 ξυνέχον
1435 1913 1582 1980 ἡμᾶς
1629 1907 1733 1964 καῖ

150 2003 758 2075 διατάττονίὲπίσταται
795 2003 856 2055 τὸ
899 2002 1106 2074 πρέπον
1143 2004 1356 2072 ἑκάστῳ
1390 2005 1484 2054 καὶ
1524 2002 1726 2068 ὀψειλό-

153 2113 338 2163 μενον,
385 2094 480 2146 καὶ
522 2094 708 2163 τρόπῳ
750 2095 899 2163 ὅτῳ·
948 2094 1042 2145 καὶ
1083 2090 1332 2161 βούλεται
1383 2091 1590 2162 μέτεισι
1631 2091 1725 2144 καὶ

148 2186 423 2255 ἀνιχνεύει
467 2186 537 2238 τά
580 2184 759 2254 πολλῷ
812 2184 1120 2255 ἔμπροσθεν
1157 2184 1540 2254 ἡμαρτημένα.
1586 2183 1723 2236 Ἀλλ’

149 2280 321 2330 ὁποία
345 2275 446 2346 μὲν
477 2276 613 2330 ἀττα
635 2275 729 2327 ἐπὶ
762 2275 1030 2343 ’1ουστίνῳ
1059 2275 1282 2344 ὕστερον
1314 2272 1609 2344 ξυνηνέχθη
1630 2273 1723 2326 καὶ

148 2368 302 2430 ὅπως
327 2364 478 2436 αύτῷ
508 2367 542 2436 ἠ
569 2364 664 2418 τοῦ
697 2365 811 2436 βίου
838 2365 935 2419 καὶ
962 2365 1061 2433 τῆς
1087 2363 1353 2434 τοσαύτης
1381 2361 1726 2432 εὐδαιμονίας

149 2457 452 2520 κατάλυσις
485 2457 746 2526 ἀδόκητος
786 2455 1097 2523 ἐπεγένετο,
1136 2453 1430 2524 είρήσεταί-
1452 2468 1542 2522 μοι
1580 2452 1640 2514 ἐς
1665 2449 1727 2502 τὸ

147 2551 384 2620 ἀκριϐὲς
422 2549 649 2610 ἕκαστα,
694 2547 854 2618 ἡνίκα
884 2551 914 2602 ὀ
947 2546 1106 2615 λόγος
1142 2547 1246 2617 ὀδῷ
1281 2545 1375 2599 ίὼν
1419 2539 1727 2607 ἀκολούθως

150 2643 247 2694 καὶ
280 2641 374 2694 διὰ
421 2641 528 2693 τῶν
561 2641 648 2693 ἀεὶ
693 2641 966 2709 ἐχομένων
994 2639 1312 2708 φερόμενος,
1347 2640 1404 2701 ἐς
1431 2639 1604 2690 ἐκεῖνο
1632 2635 1724 2690 τοῦ

149 2732 352 2798 χρόνου
403 2728 796 2798 περιενεχθείη.
846 2728 960 2782 Νῦν
993 2727 1051 2780 δὲ
1096 2727 1198 2781 ἀνά
1245 2728 1314 2781 τά
1359 2729 1598 2797 πρότερά
1636 2744 1725 2793 μοι

151 2821 464 2884 ἐπανιτέον,
494 2820 589 2874 καὶ
624 2817 734 2882 τοῖς
762 2816 889 2889 ἑξῆς
913 2816 1279 2889 ἐπιχειρητέα.

223 3089 336 3160 κγ’.
378 3083 504 3142 Ὧδε
543 3089 651 3160 γὰρ
683 3088 792 3142 τῶν
814 3091 836 3122 ⁹
881 3091 941 3143 ὲν
967 3087 1178 3160 Δαζικῇ
1212 3087 1552 3158 πραγμάτων
1580 3083 1729 3154 ἑχόν-

1810 648 2062 701 reddens.
2089 648 2357 704 Successu
2391 664 2518 703 vero
2541 652 2798 720 temporis
2823 668 3011 721 graves
3041 671 3230 725 paruas
3249 669 3370 714 erat

1810 739 2204 806 persoluturus.
2239 738 2479 796 Tametsi
2507 741 2650 795 enim
2682 743 2919 808 infinitos
2952 747 3191 814 posthaec
3219 749 3374 805 labo-

1812 845 1896 882 res
1925 831 2238 894 exantlavit,
2263 831 2664 902 maximamque
2685 835 2911 902 gloriam
2942 845 3024 890 est
3050 835 3374 897 Consecutus

1811 919 1956 973 circa
2001 922 2196 976 Istrum
2238 922 2488 987 ﬂuvium,
2521 925 2879 980 Barbarorum
2920 928 3150 983 iusultus
3186 941 3372 986 retun-

1811 1009 1946 1064 dens
1974 1027 1988 1063 :
2019 1013 2130 1066 .scd
2169 1013 2302 1067 nihil
2345 1014 2469 1068 inde
2501 1015 2680 1070 divina
2714 1016 2948 1072 vindicta
2978 1025 3064 1073 'est
3093 1022 3332 1077 emollita
3359 1063 3376 1086 ,

1814 1116 1987 1170 neque
2031 1102 2117 1158 his
2157 1103 2245 1157 illa
2290 1106 2502 1159 obtecta
2549 1104 2802 1172 fuerunt;
2845 1119 3164 1162 manserunt
3217 1127 3376 1178 vero,

1814 1190 2067 1257 arbitror,
2096 1194 2301 1259 quieta,
2327 1203 2380 1247 et
2415 1197 2688 1249 memoria:
2721 1195 2948 1250 firmiter
2978 1197 3163 1264 infixa,
3202 1200 3256 1255 in
3287 1216 3382 1268 op-

1814 1290 2102 1348 portunum
2138 1290 2348 1350 tempus
2368 1293 2496 1337 sunt
2520 1283 2806 1338 custodita.
2837 1285 3019 1354 Neque
3045 1288 3189 1340 enim
3220 1274 3381 1342 simul

1815 1381 1978 1439 atque
2003 1370 2386 1439 delinquimus,
2420 1388 2579 1442 pmna
2611 1374 2788 1427 statim
2820 1374 3044 1444 irrogari
3079 1376 3254 1440 solet,
3288 1384 3383 1432 sed

1819 1461 2136 1530 plerumque
2181 1471 2299 1530 post
2337 1463 2554 1532 aliquod
2596 1475 2827 1533 tempus,
2870 1481 3099 1536 eumque
3138 1467 3386 1524 fortassis

1815 1565 2028 1616 eorum,
2056 1568 2177 1621 qu:e
2207 1555 2655 1622 perpetravimus,
2690 1571 2877 1609 sumus
2908 1556 3059 1612 obliti
3088 1575 3102 1612 :
3146 1568 3201 1612 et
3235 1559 3386 1613 dole-

1818 1657 1940 1695 mus
1965 1643 2184 1711 quidem
2224 1643 2370 1698 illico
2405 1644 2474 1698 ob
2505 1645 2645 1698 mala
2669 1683 2684 1708 ,
2736 1661 2856 1714 qua:
2905 1646 3059 1700 nobis
3104 1648 3381 1711 accidunt.

1817 1731 2039 1800 perinde
2063 1748 2126 1788 ac
2158 1734 2202 1788 si
2239 1734 2585 1788 immerentes
2621 1733 2929 1804 injusteque
2957 1735 3022 1790 iis
3048 1751 3382 1806 premamur,

1823 1834 1983 1893 atque
2012 1825 2329 1880 incusamus
2351 1826 2567 1895 quidem
2598 1825 2876 1880 hominum
2903 1827 3156 1882 invidiam
3188 1827 3383 1884 fortas-

1824 1916 1899 1970 sis
1941 1925 1996 1970 et
2038 1915 2412 1980 inimicitiam,
2440 1927 2697 1986 tanquam
2743 1920 2810 1971 ab
2855 1917 2922 1971 iis
2951 1918 3185 1988 indignis
3228 1920 3386 1976 malis

1823 2005 2017 2062 allecti.
2047 2006 2188 2061 Deus
2211 2023 2373 2073 vero,
2414 2007 2467 2061 in
2493 2009 2650 2077 cujus
2671 2024 2834 2062 manu
2860 2018 3019 2077 atque
3046 2010 3267 2077 imperio
3292 2025 3386 2066 su-

1824 2111 1969 2162 mus,
2002 2098 2100 2153 scit
2133 2098 2259 2168 quid
2291 2098 2486 2167 cuique
2510 2098 2795 2152 conveniat
2814 2108 2868 2151 et
2893 2098 3169 2162 debeatur,
3193 2109 3248 2154 et
3273 2116 3385 2170 quo

1825 2187 1925 2256 ipsi
1957 2189 2132 2242 visum
2175 2199 2257 2242 est
2286 2189 2447 2242 modo
2471 2227 2486 2252 ,
2527 2188 2863 2256 persequitur
2908 2197 3070 2256 atque
3098 2188 3385 2259 investigat

1824 2286 2066 2345 peccata,
2094 2295 2216 2346 qua-
2247 2279 2417 2332 multo
2455 2290 2609 2332 antea
2642 2285 2883 2347 tempore
2909 2287 3035 2332 sunt
3069 2281 3382 2336 commissa.

1825 2366 2092 2421 Caeterum
2127 2368 2305 2436 qualia
2339 2365 2554 2421 Justino
2585 2368 2929 2436 postmodum
2968 2369 3295 2436 acciderint,
3333 2381 3389 2427 et

1824 2457 2040 2526 qualem
2069 2457 2239 2526 ipsius
2270 2467 2324 2511 et
2365 2458 2471 2510 vita
2504 2468 2762 2527 tantaque
2791 2457 3018 2513 felicitas
3049 2459 3386 2529 inopinatum

1825 2549 2028 2602 exitum
2069 2549 2354 2613 habuerit,
2391 2547 2636 2602 dicentur
2683 2563 2711 2600 a
2747 2564 2831 2601 me
2864 2560 3115 2604 accurate
3146 2549 3388 2618 singula,

1825 2638 2043 2707 quando
2073 2653 2252 2693 sermo
2285 2654 2388 2705 suo
2413 2647 2807 2707 consequenter
2844 2639 3033 2694 ordine
3057 2641 3385 2708 procedens,

1825 2737 1880 2779 ct
1924 2728 2291 2782 continuatam
2345 2728 2696 2780 incidentium
2743 2745 2925 2783 rerum
2971 2731 3167 2783 seriem
3204 2746 3389 2798 perse-

1827 2833 2036 2887 quens,
2091 2817 2158 2871 ad
2215 2817 2304 2871 illa
2349 2825 2592 2885 tempora
2651 2816 2814 2870 fuerit
2873 2819 3182 2886 perductus.
3236 2820 3390 2875 Nune

1827 2923 1953 2963 vero
2007 2907 2073 2962 ad
2126 2908 2309 2976 priora
2351 2906 2484 2961 mihi
2529 2915 2614 2962 est
2661 2907 3024 2971 redeundum,
3073 2908 3386 2980 reliquaque

1827 3008 1956 3054 sunt
1981 2999 2376 3067 prosequi-uda.
2642 2994 2652 3002 ’

1899 3089 2062 3159 256
2094 3088 2184 3142 23.
2213 3089 2344 3141 Cum
2381 3087 2524 3141 enim
2550 3103 2635 3142 res
2667 3087 2718 3140 in
2751 3085 2939 3142 Lazica
2976 3088 3188 3156 regione
3221 3088 3290 3143 ita
3327 3099 3391 3144 se

149 3198 285 3243 των,
313 3179 424 3249 καὶ⁵
439 3179 724 3230 Ἰουστὶνου
745 3179 836 3231 ἐπὶ
857 3179 990 3231 πᾶσι
1013 3175 1319 3247 στρατηγοῦ
1337 3175 1721 3235 καταστάντος.

1831 3181 2105 3245 haberent,
2154 3187 2207 3234 et
2247 3178 2492 3233 Justinus
2536 3178 2645 3246 jam
2692 3177 2944 3232 omnibus
2981 3177 3033 3230 in
3081 3178 3386 3247 prmfectum

148 3269 282 3322 οὔτε
312 3271 361 3321 oi
390 3270 592 3339 Πέρσαι
617 3268 691 3330 ὡς
717 3267 996 3338 ἀναμαχού
1007 3284 1157 3334 μενοι
1181 3265 1646 3335 παρεσκευάζοντο
1664 3265 1728 3295 ⁸ο*

151 3360 250 3412 καὶ
284 3359 469 3428 μέντοι
499 3359 617 3410 οὐδὲ
649 3357 698 3410 οί
734 3358 994 3426 Ῥωμαῖοι
1023 3355 1261 3425 ἐπῄεσαν
1288 3370 1303 3384 ·
1347 3353 1482 3406 ἀλλά
1524 3369 1732 3422 προφυ-

149 3449 334 3512 λακὰς
381 3448 480 3518 μὲν
512 3447 810 3517 ἀμφότεροι
866 3446 1181 3510 ἐποιοῦντο,
1233 3445 1328 3499 καὶ
1373 3445 1441 3497 τά
1485 3443 1731 3514 ἀλλήλων

152 3539 506 3612 βουλεύματα
532 3541 591 3599 ἐς
613 3539 735 3591 ὅσον
766 3538 891 3607 ἐνῆν
935 3537 1284 3591 ἀπεσκόπουν
1319 3536 1412 3590 καὶ
1450 3535 1734 3590 διεπυνθά-

149 3647 345 3686 νοντο’
382 3632 561 3702 μάχης
592 3631 647 3685 δὲ
673 3630 793 3683 οὐδὲ
819 3630 1069 3701 ὁπότεροι
1109 3630 1360 3702 ἤρχοντο,
1399 3629 1514 3683 ἀλλ’
1544 3629 1734 3700 ἔμενον

147 3725 338 3794 ἡσυχῇ
368 3737 383 3754 ⁶
427 3723 768 3793 αὐτομάτως.
802 3722 990 3792 ὥσπερ
1023 3721 1214 3792 ἀμέλει
1242 3721 1401 3775 τοῦτο
1429 3721 1732 3786 ξυνδοκοῦν,

148 3815 542 3887 διωρισμένον.
576 3814 820 3884 Χοσρόης
845 3813 901 3866 δὲ
931 3815 959 3866 ό
994 3813 1215 3890 Περσῶν
1247 3813 1514 3883 βασιλεὺς,
1548 3814 1734 3884 ὲπειδὴ

151 3908 439 3960 ἐπέπυστο
475 3904 543 3959 τὰ
584 3905 721 3976 πρὸς
754 3904 831 3972 τῷ
856 3902 1041 3956 Φάσιδι
1081 3895 1482 3974 ξυμϐεϐηκότα,
1517 3904 1613 3957 καὶ
1653 3905 1735 3956 ὅτι

149 3999 343 4068 φυγὰς
373 4000 435 4050 ὲκ
461 3998 558 4066 τῆς
588 3998 766 4067 μάχης
793 3995 824 4046 ὁ
866 3995 1196 4066 Ναχοραγάν
1236 3997 1498 4064 ἐγεγόνει,
1538 3996 1736 4049 αὐτίκα

150 4092 216 4155 ἒξ
260 4089 505 4158 Ἰϐηρίας
535 4087 698 4141 αὑτὸν
726 4087 1250 4159 μετακαλεσάμενος,
1299 4087 1558 4158 ὠμότατα
1602 4103 1735 4156 μετ-

151 4182 295 4251 ῆλθε
324 4181 467 4234 κατά
498 4179 590 4232 τὸν
628 4181 855 4250 πάτριον
900 4180 1084 4251 νόμον.
1137 4180 1212 4233 Ού
1258 4180 1368 4251 γὰρ
1409 4179 1736 4250 ἀποχρῶσαν

149 4273 305 4343 ᾤετο
334 4266 472 4323 εἶναι
505 4271 697 4341 ποινὴν
721 4270 821 4340 τῆς
848 4271 1136 4340 ἀνανδρίας
1163 4269 1224 4323 τὸ
1250 4270 1391 4322 οὕτω
1417 4270 1545 4337 γοῦν
1575 4269 1737 4322 αὐτὸν

153 4361 357 4425 ἁπλῶς
402 4363 740 4426 ἀποκτείναι,
787 4361 901 4415 ἀλλ’
933 4362 997 4414 ἐκ
1046 4359 1139 4413 τοῦ
1189 4358 1410 4428 αὐχένος
1461 4359 1522 4412 τὸ
1564 4358 1739 4429 δέρμα

151 4452 504 4524 διαχαράξας
531 4453 813 4523 ἀπέδειρεν
850 4450 934 4522 [Ρ.
968 4447 1091 4519 155]
1131 4447 1276 4501 ἀπαν
1303 4449 1466 4518 μέχρι
1496 4451 1609 4501 τοῖν
1643 4465 1737 4502 πο-

1831 3282 1977 3326 esset
2033 3269 2396 3330 constitutas,
2446 3282 2618 3336 neque
2656 3265 2834 3322 Persae
2891 3277 3143 3336 tauquam
3188 3269 3386 3324 bellant

1832 3359 2182 3414 instauraturi
2218 3372 2338 3412 sese
2365 3366 2716 3425 appararent,
2742 3371 2916 3425 neque
2956 3357 3182 3413 Romani
3213 3362 3268 3414 iu
3293 3377 3388 3417 eos

1831 3459 2129 3511 moverent,
2168 3446 2262 3503 sed
2289 3446 2541 3516 utrinque
2569 3445 2852 3514 diligenter
2883 3447 3232 3513 excubarent,
3265 3465 3388 3504 mu-

1835 3553 2032 3612 tuaque
2061 3539 2307 3604 consilia,
2331 3549 2594 3610 quantum
2625 3538 2740 3592 fieri
2779 3546 3005 3607 poterat,
3039 3539 3389 3596 observarent

1834 3645 1998 3704 atque
2031 3634 2411 3702 explorarent;
2469 3631 2599 3685 nulli
2653 3629 2847 3684 horum
2897 3629 3126 3684 bellandi
3175 3631 3386 3688 initium

1834 3724 2127 3788 faciebant,
2158 3723 2250 3777 sed
2280 3723 2444 3791 quieti
2477 3721 2784 3789 manebant,
2824 3721 3042 3791 perinde
3072 3736 3135 3777 ac
3167 3721 3212 3777 si
3238 3736 3390 3778 com-

1837 3815 1984 3868 muni
2019 3813 2282 3868 sententia
2327 3812 2399 3865 ita
2442 3813 2715 3864 decretum
2749 3822 2910 3866 esset.
2944 3812 3211 3868 Chosroes
3240 3829 3390 3877 vero,

1835 3908 2123 3972 Persarum
2166 3920 2299 3965 rex,
2355 3902 2517 3956 simul
2567 3911 2729 3971 atque
2776 3902 3023 3969 cognovit
3069 3917 3190 3970 quae
3248 3903 3389 3970 apud
3451 3956 3453 3960 ,

1834 3997 2119 4052 Phasidem
2153 3993 2493 4055 accidissent,
2523 3992 2776 4061 quodque
2802 3988 3150 4060 Nachoragan
3175 3989 3389 4060 fugiens

1835 4087 2020 4157 praelio
2047 4084 2389 4148 excessisset,
2419 4081 2703 4138 confestim
2735 4096 2857 4135 eum
2880 4096 2944 4135 ex
2978 4079 3145 4135 Iberia
3173 4093 3392 4136 revoca-

1833 4190 1948 4234 tum
1983 4176 2360 4231 crudelissimo
2385 4173 2649 4244 supplicio
2675 4173 2826 4242 juxta
2851 4171 3071 4240 patriam
3102 4170 3267 4240 legem
3307 4172 3390 4225 af-

1836 4268 1983 4340 fecit.
2014 4265 2198 4337 Neque
2222 4266 2366 4321 enim
2400 4266 2535 4320 satis
2560 4279 2680 4319 esse
2712 4261 2948 4334 putabat,
2987 4260 3032 4313 si
3069 4261 3213 4316 illius
3240 4262 3394 4332 igua-

1836 4359 1979 4415 viam
2009 4357 2241 4428 simplici
2271 4356 2459 4411 mortis
2487 4369 2678 4425 genere
2714 4350 2942 4420 puniret,
2984 4351 3077 4406 sed
3110 4367 3142 4406 a
3183 4368 3392 4409 summa

1840 4452 2048 4506 cervice
2076 4457 2254 4504 cutem
2277 4448 2328 4502 ei
2353 4447 2418 4501 ad
2449 4447 2584 4500 imos
2612 4443 2770 4513 pedes
2794 4441 3103 4507 detrahens,
3146 4459 3176 4498 a
3214 4445 3396 4498 carni-

153 4510 313 4611 501:,
339 4510 352 4522 '
378 4510 498 4598 uel-
523 4510 771 4613 ἀφείλετο
824 4510 930 4595 των
981 4510 1199 4611 σαρκῶν
1461 4541 1531 4594 τά
1594 4540 1728 4593 ἔνδον

1843 4544 1944 4597 bus
1967 4540 2184 4604 avulsit,
2207 4539 2498 4593 introrsum
2524 4537 2810 4597 iuversam,
2835 4535 2908 4588 ita
2937 4543 2996 4589 ut
3020 4535 3180 4588 etiam
3211 4533 3404 4589 [οι-ωε

153 4639 704 4711 ἀνεστραμμένονυ,
741 4637 816 4704 ὡς
845 4637 1097 4698 καὶτοὺς
1140 4637 1344 4699 τύπους
1382 4637 1492 4690 τῶν
1537 4635 1742 4706 μορίων

155 4735 221 4794 ἐς
289 4728 599 4799 τοῦμπαλιν
662 4725 1054 4794 ἀποφαίνεσθαι
1076 4727 1150 4791 η,
1207 4727 1305 4780 καὶ
1360 4726 1514 4795 δίκην
1571 4725 1743 4779 ἀσκοῦ

157 4823 362 4894 ἠρέμα
395 4818 733 4890 ιμπνευσθὲν
775 4817 914 4888 ὑπὲρ
935 4817 980 4848 ¹³
1025 4817 1286 4880 σκόλοπός
1325 4833 1468 4879 τινος
1510 4814 1746 4886 ἀνηρτῆ-

161 4913 327 4975 σθαι,
362 4910 576 4994 ηίκτρόν
603 4925 657 4962 τι
683 4907 863 4978 θέαμα
892 4909 984 4962 καὶ
1021 4909 1377 4979 μιαρώτατον.
1405 4908 1496 4960 καὶ
1523 4905 1746 4993 πρῴτῳ,

157 4988 662 5073 οἷμαιίΣαπώρῃ
697 4999 737 5031 ¹⁶
801 5000 996 5076 ἐκείνῳ
1054 4999 1131 5070 τῷ
1195 4997 1372 5068 πολλῷ
1439 4988 1747 5067 ἔμπροσθεν

157 5093 424 5166 Χοσρόου
471 5091 696 5163 Περσῶν
743 5089 1149 5162 βεϐασιλευκότι
1195 5088 1614 5160 τετολμημένον.
1666 5089 1749 5143 Τὰ

159 5187 273 5258 μὲν
307 5183 420 5253 γὰρ
444 5184 536 5235 ὲπὶ
558 5172 879 5254 Μαρσύᾳηῖ
912 5182 1285 5254 θρυλλούμενα
1328 5182 1406 5250 τῷ
1449 5181 1642 5251 Φρυγὶ,
1673 5183 1748 5245 ὡς

157 5281 289 5348 ερις
326 5272 476 5344 αὐτῷ
505 5272 641 5343 πρὸς
687 5272 994 5326 Ἀπόλλωνα
1023 5271 1247 5342 ξυνέστη
1277 5272 1418 5343 ὑπὲρ
1443 5271 1549 5324 τῶν
1572 5273 1749 5327 αύλῶν

1840 4628 2207 4684 membrorum
2258 4628 2482 4681 inversae
2526 4622 2982 4692 conspicerentur,
3020 4632 3181 4693 atque
3209 4624 3281 4676 ita
3308 4622 3396 4676 in-

1843 4731 1956 4775 star
1984 4720 2120 4774 utris
2153 4719 2353 4774 sensim
2382 4715 2640 4777 inflatam,
2691 4729 2721 4768 e
2757 4716 2986 4784 scopulo
3015 4715 3246 4785 quodam
3271 4728 3394 4769 sus-

1844 4815 2000 4885 pendi
2047 4813 2242 4882 jussit;
2285 4805 2588 4863 miserabile
2630 4805 2898 4874 quoddam
2946 4816 2999 4862 et
3035 4805 3232 4860 fordum
3269 4819 3394 4873 spe-

1845 4908 2141 4966 ctaculum,
2181 4902 2338 4970 cujus
2373 4899 2600 4969 primus,
2640 4899 2716 4952 uti
2743 4899 2992 4963 arbitror,
3027 4897 3258 4964 Sapores
3286 4896 3395 4962 ille,

1843 4999 1935 5067 qui
1971 4995 2141 5049 multo
2165 5002 2287 5047 ante
2311 4991 2588 5045 Chosroen
2639 4998 2878 5057 tempore
2909 4988 3047 5058 apud
3094 4986 3284 5039 Persas
3310 5002 3396 5041 rc-

1843 5085 2043 5158 gnavit,
2080 5082 2298 5136 infamis
2342 5087 2530 5135 auctor
2575 5079 2694 5133 fuit.
2729 5078 2859 5142 Quae
2903 5076 3044 5131 enim
3077 5075 3142 5127 de
3184 5075 3398 5145 Marsya

1847 5177 2054 5245 Phryge
2073 5182 2201 5228 sunt
2225 5172 2417 5226 litteris
2448 5172 2678 5242 prodita,
2700 5169 2842 5241 quod
2866 5164 3134 5220 contentio
3157 5164 3203 5217 ei
3238 5165 3402 5219 inter-

1846 5267 2069 5326 cesserit
2095 5279 2220 5321 cum
2245 5262 2405 5334 257
2434 5263 2680 5332 Apolline
2711 5263 2778 5317 de
2821 5258 2963 5314 tibiis
2991 5264 3045 5311 et
3091 5256 3400 5313 tibicinaudi

1476 5474 1563 5529 VA
1573 5473 1714 5530 [HE
1744 5469 2149 5529 LECTIONES.

237 5681 266 5713 "
306 5655 602 5752 φασκὸλιον
627 5679 694 5733 Β.
795 5676 818 5709 ⁸
850 5673 1031 5752 ὃτεβ.
1099 5674 1142 5752 Α’-
1157 5673 1266 5752 τῶν
1299 5687 1409 5752 om.
1433 5670 1496 5723 Β.

164 5745 412 5814 σθαιἮ,
452 5748 847 5819 ὑποφαίνεσθαι
874 5745 1021 5819 v_u|g.

1602 5673 1645 5708 ¹⁹
1675 5668 2148 5737 παρασκευάζοντο
2179 5665 2246 5721 Β.
2301 5665 2381 5737 ν¹ξ
2408 5665 2737 5737 ἀρναστραμμ

1099 5744 1143 5774 ⁸³
1168 5721 1888 5821 bﬂﬁvﬁve—tmilitaret;
1909 5721 2021 5792 ὑπό
2052 5737 2198 5809 vulg.
2274 5736 2316 5768 “
2346 5721 2590 5800 Σασώρη’
2621 5721 2932 5801 lii-345699
2960 5728 3127 5796 “1'84
3150 5721 3408 5778 δ⁴¹ί⁰⁹¹¹¹¹

2741 5659 2858 5711 ένον
2893 5660 2954 5712 ll.
3051 5658 3090 5687 "
3113 5651 3405 5722 ἀποφαίνεο

166 5807 358 5894 ἷαιρτ.
382 5807 452 5876 Ᾱι
476 5807 622 5876 infra
647 5820 689 5872 ιι
717 5825 862 5874 recte
890 5807 1162 5893 Σππὼρην
1188 5807 1395 5867 scribit.
1476 5813 1521 5843 “‘
1553 5807 1816 5869 Μαρσύαν
1849 5807 1917 5861 R.
