4042 6334
171 420 328 482 1549

1374 413 1913 475 HISTORIARUM
1965 413 2110 471 LIB.
2147 410 2212 471 V.

3276 415 3409 482 1550

160 524 360 596 tim-ws
393 520 671 593 ἠκούοντο,
718 510 974 576 ἁπάντων
1012 522 1094 585 είς
1135 520 1292 575 τοῦτο
1338 523 1739 593 ἀγειρομένων·

1852 521 2222 589 attonitusque
2264 526 2425 573 esset.
2456 518 2723 585 Quocirca
2755 528 2876 575 vota
2922 522 3162 591 quotidie
3198 540 3412 583 nuncu-

161 614 243 668 τά
272 629 336 670 ω
366 612 513 685 λόγῳ
560 613 660 685 μὲν
692 614 780 667 ἀεὶ
807 613 1194 685 ἐπαινούμενα,
1247 613 1393 685 ἔργῳ
1424 614 1480 667 δὲ
1514 616 1747 668 σπανιὼ·

162 719 339 777 τερον
387 704 782 776 βεϐαιούμενα,
832 705 953 759 τότε
1002 705 1067 777 δὴ
1113 704 1499 777 προθυμότατα
1543 706 1747 773 ἐπράτ-

158 798 361 851 tero“
382 813 397 827 '
430 796 627 851 δίκαιοί
653 814 714 850 τε
743 797 852 869 γὰρ
880 798 1075 869 ἀθρόον
1097 797 1481 852 ἀπεδείκνυντο
1510 798 1749 859 ἅπαντες

159 888 226 951 ἐς
242 886 395 942 “si
424 888 727 958 συμϐόλαια
754 889 823 943 τὰ
869 890 1004 960 πρὸς
1049 888 1329 959 ἀλλήλους,
1380 888 1457 951 ὡς
1496 888 1749 951 καὶτοὺς

156 978 443 1048 ἄρχοντας
469 978 532 1033 τὸ
573 978 861 1051 κερδαλέον
911 978 1325 1048 ἀποϐεϐηκότας
1377 979 1514 1049 μετὰ
1546 978 1594 1011 ⁸⁸⁵
1637 978 1747 1031 τῶν

102 1122 105 1125 .
158 1069 354 1141 νόμων
387 1072 483 1132 τὰς
511 1071 665 1135 δίκας
698 1072 966 1125 ποιεῖσθαι
989 1088 1003 1102 ·
1047 1070 1173 1133 τούς
1202 1088 1262 1123 τε
1290 1071 1463 1135 ἄλλως
1489 1072 1746 1135 δυνατοὺς

156 1161 257 1231 ἐφ’
285 1162 495 1216 ἑαυτῶν
517 1164 877 1233 ἠρεμοῦντας,
910 1163 1032 1216 ὅσιά
1055 1180 1115 1215 τε
1147 1163 1280 1234 δρᾷν
1314 1166 1403 1217 καὶ
1445 1164 1745 1234 ἀπέχεσθαι

155 1251 280 1305 τῶν
308 1252 620 1322 αἰσχίστων.
655 1255 826 1308 Ἔνιοι
853 1253 910 1307 δὲ
936 1255 1031 1306 καὶ
1061 1256 1377 1308 παντάπασι
1408 1256 1507 1326 τὴν
1533 1257 1744 1310 δίαιταν

157 1343 642 1411 ὲξαλλὰξαντεςπ,
691 1346 900 1417 μονήρη
928 1346 1051 1400 τινὰ
1087 1350 1181 1401 καὶ
1222 1347 1398 1418 ὄρειον
1428 1348 1746 1417 ἠσπάσαντο

158 1434 307 1505 βίον,
360 1436 454 1489 καὶ
498 1439 659 1507 τιμὰς
680 1438 727 1469 ⁸⁸
773 1438 867 1491 καὶ
913 1439 1171 1509 χρήματα
1213 1439 1308 1492 καὶ
1353 1440 1524 1493 ὁπόσα
1554 1441 1747 1511 ἥδιστα

157 1528 300 1599 παρ’
332 1527 639 1599 ἀνθρώποις
676 1529 929 1600 μεθέντες
950 1532 993 1561 δ’
1036 1533 1129 1585 καί
1162 1534 1509 1604 ἁνηνὰμενοι.
1568 1535 1746 1589 Πολλὰ

154 1620 220 1672 δὲ
271 1620 368 1673 καὶ
416 1623 529 1683 τοῖς
581 1622 746 1693 ἱεροῖς
797 1624 1108 1692 προσήγετο
1152 1624 1333 1695 δῶρα,
1379 1628 1476 1679 καὶ
1528 1626 1745 1699 νύκτωρ

76 1744 86 1753 ι
158 1708 253 1781 [Ρ.
282 1709 409 1784 149]
435 1712 484 1764 οἱ
510 1713 788 1783 κράτιστοι
812 1709 922 1767 τῶν
946 1713 1148 1780 ἀστῶν,
1178 1716 1623 1785 περινοστοῦντες
1644 1718 1743 1780 τὰς

154 1802 500 1875 λεωιρόρους,
542 1804 709 1875 ἐδωδῇ
743 1822 803 1859 τε
832 1806 1050 1877 ἀφθόνῳ
1096 1805 1189 1859 καὶ
1226 1808 1596 1877 περιϐολαίοις
1626 1811 1743 1875 ἐφιο

1851 612 2138 680 pabantur,
2181 610 2478 681 hymnique
2516 610 2783 681 supplices
2832 610 3207 679 audiebantur,
3237 618 3413 671 omni-

1848 706 1950 758 bus
1983 704 2040 760 in
2087 719 2255 757 unum
2309 705 2681 775 congregatis;
2729 714 2783 758 et
2811 719 2933 775 quae
2973 707 3149 762 verbis
3195 708 3411 779 quidem

1848 812 2063 865 semper
2082 796 2393 862 laudantur,
2422 813 2480 852 re
2503 805 2679 852 autem
2711 798 2826 868 ipsa
2854 813 2978 854 raro
2998 801 3411 866 conﬁrmantur,

1850 896 1962 942 tum
1982 888 2172 958 utique
2189 888 2592 958 promptissime
2631 888 3045 958 praestabantur.
3070 889 3226 961 ‘Justi
3267 892 3411 946 enim

1846 980 2133 1036 confestim
2156 995 2344 1035 omnes
2376 980 2430 1033 in
2455 980 2657 1034 mutuis
2683 980 3411 1045 contractibusvidebantur,

1847 1072 1983 1129 adeo
2030 1082 2088 1127 ut
2131 1082 2186 1128 et
2222 1073 2490 1143 principes
2536 1072 2761 1142 quaestui
2804 1077 3196 1140 renuntiantes,
3226 1091 3291 1131 ex
3338 1077 3414 1131 le-

1848 1182 1976 1236 gum
2016 1181 2205 1221 norma
2237 1166 2439 1235 judicia
2483 1174 2816 1231 exercerent,
2849 1173 2904 1220 et
2946 1167 3039 1235 qui
3088 1170 3415 1237 potentiores

1845 1272 2050 1325 essent,
2080 1260 2260 1331 quiete
2284 1258 2635 1329 modesteque
2674 1275 2733 1315 se
2765 1269 3033 1328 gerentes,
3051 1262 3199 1331 justa
3229 1277 3413 1333 aequa—

1846 1369 1954 1424 que
1986 1354 2249 1417 facerent,
2279 1363 2332 1407 et
2360 1367 2390 1406 a
2420 1354 2670 1420 turpibus
2698 1353 2855 1410 factis
2880 1354 3234 1409 abstinerent.
3262 1353 3414 1409 Non—

1848 1446 1985 1501 nulli
2020 1461 2171 1511 vero,
2209 1446 2333 1499 vita:
2369 1445 2615 1499 instituto
2648 1460 2872 1515 prorsus
2893 1446 3201 1509 immutato,
3228 1448 3415 1501 solita-

1846 1536 1982 1590 riam
2010 1535 2300 1605 quamdam
2344 1544 2398 1589 et
2430 1543 2746 1589 montanam
2786 1535 2951 1589 vitam
2990 1545 3117 1590 sunt
3156 1534 3413 1605 amplexi,

1844 1629 2039 1698 Opibus
2068 1638 2122 1682 et
2156 1626 2455 1682 honoribus
2484 1626 2847 1696 omnibusque
2878 1628 3057 1691 rebus,
3088 1642 3209 1698 qua:
3237 1626 3413 1681 homi-

1844 1719 2003 1773 nibus
2031 1717 2209 1773 solent
2246 1734 2367 1773 esse
2391 1717 2736 1788 gratissima,
2768 1718 3143 1773 renuntiantes
3175 1733 3241 1772 ac
3268 1716 3412 1773 vale-

1846 1810 2106 1864 dicenles.
2136 1808 2377 1862 Plurima
2404 1809 2566 1863 etiam
2608 1808 2819 1878 templis
2858 1812 3082 1865 donaria
3110 1810 3410 1866 offereban-

155 1894 524 1965 λοφρονοῦντο
552 1895 772 1959 τούτους
810 1895 874 1966 δὴ
906 1898 1031 1960 τοὺς
1058 1898 1309 1967 ἀχρείους
1338 1899 1433 1952 καὶ
1461 1900 1738 1969 οἰκτροτά-

1848 1911 1955 1967 tur,
1980 1910 2034 1956 et
2060 1912 2222 1955 noctu
2245 1900 2504 1954 lautiores
2530 1900 3002 1971 opulentioresque
3030 1904 3177 1959 cives
3206 1904 3409 1973 plateas

155 2002 311 2051 τους,
343 1986 516 2038 ὁποῖοι
548 1986 735 2039 πολλοὶ
756 1987 825 2042 τὰ
849 1988 1079 2059 σώματα
1111 1990 1499 2061 πεπηρωμένοι
1529 1992 1623 2044 ἐπὶ
1642 1990 1739 2044 τοῦ

1840 1994 2133 2061 obeuntes.
2193 1993 2341 2062 largo
2373 1992 2496 2048 cibo
2516 2001 2578 2047 et
2609 1992 2851 2047 vestibus
2904 1993 3181 2069 donabant
3212 2008 3411 2065 egenos

155 2076 398 2145 ἐδάφους
458 2078 827 2149 ὲρῤίφαταιθθ,
881 2079 951 2134 τὰ
1009 2081 1284 2150 ἀναγκαῖα
1342 2080 1737 2153 ὲρανιζόμενοι.

153 2168 351 2223 Ταῦτα
384 2171 442 2224 δὲ
472 2171 688 2225 ᾶπαντα
718 2172 866 2244 ρητῷ
889 2190 996 2227 τινι
1024 2174 1203 2245 χρόνῳ
1244 2175 1612 2246 ἁνεμετρεῖτο,
1639 2174 1742 2238 ἓως

151 2262 386 2316 ἔναυλον
414 2264 491 2317 ἔτι
522 2266 581 2317 τὸ
609 2265 727 2328 δέος
758 2266 1001 2337 ὑπῆρχεν
1026 2282 1041 2296 ⁸
1093 2267 1215 2320 ἐπεὶ
1266 2267 1323 2321 δὲ
1372 2267 1614 2337 λώφησίς
1656 2283 1742 2331 τις

153 2356 256 2407 καὶ
303 2356 562 2426 ἀνακωχὴ
609 2357 702 2410 τοῦ
756 2359 1004 2412 κινδύνου
1052 2359 1401 2429 ὑπεφαίνετο,
1452 2361 1647 2413 αύτίκα
1690 2362 1739 2413 οἱ

152 2446 407 2499 πλεῖστοι
443 2447 749 2517 ἐπανῄεσαν
774 2452 852 2511 εἰς
885 2454 954 2504 τα
996 2451 1297 2519 εἰθισμένα.
1331 2452 1559 2503 Καλοίτο
1591 2450 1648 2502 δὲ
1673 2451 1739 2504 ἂν

151 2540 189 2609 ὴ
220 2538 450 2609 τοιαύτη
482 2538 625 2610 ὁρμὴ
666 2541 727 2592 οὐ
772 2540 1085 2609 δικαιοσύνη
1129 2542 1201 2603 ὡς
1236 2541 1473 2609 ἀληθῶς.
1498 2542 1617 2594 οὐδὲ
1644 2543 1735 2593 εύ-

152 2632 352 2686 σέϐεια
379 2633 583 2705 στερρά
609 2650 668 2685 τε
694 2633 787 2685 καὶ
816 2634 1057 2703 ἐνεργὸς,
1080 2635 1238 2686 ὁποία
1269 2635 1372 2687 ὑπὸ
1394 2634 1548 2704 δόξης
1571 2634 1737 2703 ὀρθῆς

150 2723 257 2777 καὶ
291 2723 594 2795 προθυμίας
625 2723 1056 2795 ἑμϐριθεστάτης
1101 2725 1178 2796 τῷ
1218 2725 1465 2794 λογισμῷ
1494 2726 1734 2794 πέφυκεν

148 2814 545 2879 ὲντυποῦσθαι,
573 2814 711 2868 ἀλλὰ
742 2815 958 2886 μηχανή
991 2832 1075 2878 τις
1113 2816 1347 2878 ἄτακτος
1373 2817 1468 2868 καὶ
1496 2814 1606 2868 οἷον
1636 2816 1735 2885 ἐμ·-

148 2905 325 2977 πορία
354 2906 768 2977 σφαλερωτάτη,
805 2908 890 2977 ἐφ’
917 2900 961 2975 ᾧ
988 2907 1049 2959 τὸ
1081 2906 1255 2977 παρὸν
1288 2906 1447 2977 δῆθεν
1472 2908 1733 2975 ἐκυυγεῐν

147 3000 252 3053 καὶ
299 2995 809 3071 παρακρούσασθαι.
866 3000 989 3053 Τῶν
1036 3000 1136 3072 μὲν
1169 2995 1261 3054 οὖν
1293 3000 1513 3068 ἀγαθῶν
1558 3000 1733 3071 ἔργων

146 3092 301 3147 οὕτω
323 3092 389 3165 δή
414 3110 468 3146 τι
494 3092 629 3165 πρὸς
656 3094 901 3165 ἀνάγκης
926 3092 1311 3163 ἁπογευόμεθα
1338 3093 1447 3146 ἐστ’
1474 3092 1541 3147 ἂν
1570 3094 1631 3146 τὸ
1656 3092 1734 3146 δε-

146 3183 328 3238 διέναι
361 3187 528 3257 παρῇ.

225 3454 307 3523 ς’.
341 3457 508 3511 Πάλιν
532 3457 588 3511 δὲ
616 3458 673 3509 ὲν
696 3455 775 3527 τῷ
797 3456 921 3510 τότε
949 3456 999 3509 οἱ
1024 3453 1154 3525 περὶ
1178 3453 1287 3507 τῶν
1316 3452 1732 3521 ἀναθυμιάσεων

147 3549 306 3620 λόγοι
338 3550 586 3619 ὲλέγοντό
611 3568 671 3604 τε
700 3550 793 3603 καὶ
823 3547 1169 3618 ἁντελέγοντο
1186 3564 1201 3578 ο
1234 3546 1327 3599 καὶ
1350 3540 1417 3616 ἦν
1439 3541 1604 3607 πολὺς
1628 3542 1733 3596 ἀνὰ

147 3649 284 3712 τοὺς
327 3646 614 3714 ξυλλόγους
646 3647 675 3698 ό
707 3644 1065 3716 Σταγειρίτης
1086 3643 1131 3675 ⁸⁸
1172 3639 1591 3713 ὀνομαζόμενος,
1638 3637 1734 3691 νύν

152 3740 263 3809 μὲν
296 3739 374 3802 ὡς
397 3738 665 3809 ὀρθότατα
694 3736 782 3807 εἴη
820 3737 949 3807 περὶ
972 3733 1180 3788 τούτων
1208 3732 1612 3802 φυσιολογήσας
1637 3730 1734 3783 καὶ

147 3834 409 3902 διαγνοὺς
435 3831 532 3895 τὰς
562 3832 758 3894 αἰτίας,
790 3829 884 3883 νῦν
913 3827 1035 3881 δὲ”⁶
1060 3827 1136 3891 ὡς
1163 3828 1361 3898 ἥκιστα
1386 3825 1479 3879 τοῦ
1502 3822 1733 3895 ἀληθοῦς

147 3922 577 3995 ἐστοχασμένος.
605 3923 777 3976 Ἔνιοι
809 3921 867 3974 δὲ
900 3922 999 3992 τὴν
1028 3919 1239 3974 ἐκείνου
1273 3916 1525 3989 βεϐαιοῦν
1552 3916 1733 3987 οἰόμε-

146 4036 232 4072 νοι
262 4016 447 4083 δόξαν,
494 4016 574 4068 ὃτι
616 4014 681 4084 δὴ
730 4014 946 4084 πνεῦμα
996 4013 1139 4081 παχὺ
1185 4012 1280 4065 καί
1313 4009 1597 4071 καπνῶδες
1626 4008 1731 4061 ὑπὸ

144 4112 279 4173 τοὺς
309 4113 595 4180 σήραγγας
624 4108 723 4178 τῆς
767 4111 869 4177 γῆς
897 4106 1344 4177 περιειργόμενον
1384 4105 1483 4168 τὰς
1515 4104 1728 4157 τοιάσδε

1840 2084 2287 2153 ηιίὶυιτὶιιιοερυθ
2308 2084 2576 2149 homines,
2601 2084 2699 2153 qui
2728 2082 3036 2154 frequentes
3058 2084 3237 2140 claudi
3257 2085 3411 2141 aliisa-

1841 2191 1949 2246 que
1986 2156 2246 2236 membris
2276 2174 2452 2229 mutili
2487 2174 2636 2229 humi
2665 2174 2941 2244 iacebant,
2966 2175 3159 2245 stipem
3196 2176 3408 2230 mendi-

1840 2273 2048 2322 cantes.
2082 2264 2209 2319 Haec
2234 2275 2412 2319 autem
2448 2265 2630 2319 omnia
2668 2265 2735 2319 ad
2771 2275 2978 2320 certum
3021 2266 3236 2336 aliquod
3272 2277 3409 2321 tem-

1839 2374 1941 2429 pus
1972 2359 2190 2423 fiebaut,
2230 2360 2432 2413 recenti
2474 2356 2724 2412 videlicet
2756 2358 2938 2429 adhuc
2966 2368 3019 2413 et
3050 2360 3261 2429 vigente
3292 2374 3407 2414 me-

1840 2463 1917 2505 tu.
1949 2450 2122 2505 Simul
2163 2467 2227 2505 ac
2269 2465 2397 2505 vero
2438 2449 2605 2521 289
2632 2450 2831 2504 malum
2867 2451 3063 2505 remitti
3088 2466 3151 2504 ac
3195 2466 3409 2506 cessare

1839 2544 2022 2612 coepit,
2053 2541 2340 2597 confestim
2380 2540 2623 2611 plerique
2649 2539 2713 2593 ad
2737 2541 2999 2611 pristinos
3024 2556 3203 2596 mores
3234 2542 3408 2595 redie.

1838 2648 1984 2689 runt.
2033 2635 2221 2690 Vocari
2279 2644 2459 2689 autem
2494 2633 2663 2703 possit
2705 2634 2828 2687 talis
2866 2635 3172 2689 animorum
3224 2646 3406 2690 motus

1836 2738 1999 2796 atque
2030 2728 2264 2797 impetus
2299 2741 2404 2780 non
2439 2726 2648 2796 justitia
2669 2741 2857 2781 revera
2886 2740 3062 2795 neque
3085 2726 3278 2796 pietas,
3312 2740 3403 2781 so-

1836 2820 1940 2875 lida
1972 2824 2172 2890 pariter
2216 2831 2378 2892 atque
2414 2820 2625 2888 efficax,
2659 2819 2836 2892 qualis
2875 2834 2941 2874 ex
2973 2827 3117 2875 recta
3149 2818 3403 2890 opinione

1834 2922 1889 2968 ct
1919 2914 2363 2971 constantissimo
2388 2914 2570 2969 studio
2609 2914 2663 2966 iu
2715 2911 2912 2967 animis
2941 2911 3213 2966 eﬂ'ormari
3241 2910 3398 2970 solet.

1834 3008 1928 3063 sed
1958 3007 2287 3063 machinatio
2312 3006 2560 3077 quaedam
2590 3004 2972 3074 incomposita,
3000 3011 3054 3057 et
3073 3002 3238 3059 veluti
3266 3018 3404 3057 nun-

1834 3099 2042 3155 diuatio
2089 3099 2457 3165 fallacissima,
2509 3098 2576 3152 εει
2620 3095 3124 3167 subterfugiendum
3173 3110 3238 3151 ac
3274 3109 3403 3166 pro-

1837 3190 2162 3260 pulsandum
2204 3189 2404 3243 malum
2432 3191 2699 3244 instituta.
2728 3189 2872 3243 Bona
2909 3189 3091 3257 itaque
3118 3202 3303 3258 opera,
3328 3187 3403 3242 ita

1834 3281 2050 3335 demum
2094 3280 2418 3335 necessitate
2457 3291 2700 3350 cogente,
2748 3266 3120 3349 degustamus,
3161 3277 3403 3350 quandiu

1836 3383 2015 3427 melus
2038 3372 2252 3441 premit.

1908 3467 1960 3522 6.
1993 3470 2095 3524 Per
2118 3465 2170 3521 id
2199 3480 2326 3520 vero
2354 3473 2567 3534 tempus
2591 3466 2752 3519 variae
2774 3478 2963 3521 rursus
2984 3462 3402 3533 disceptationes

1834 3564 1900 3619 de
1941 3559 2379 3617 exhalationibus
2426 3567 2554 3614 sunt
2606 3557 2823 3620 habitat,
2873 3554 3234 3626 frequensque
3285 3564 3403 3610 erat

1832 3654 2138 3709 Aristotelis
2172 3652 2226 3705 in
2266 3649 2648 3721 congressibus
2674 3647 2905 3714 mentio;
2930 3647 3109 3713 modo,
3144 3656 3402 3717 tanquam

1833 3744 2131 3800 rectissime
2148 3742 2215 3797 de
2240 3740 2323 3795 his
2352 3738 2717 3800 disseruisset.
2762 3753 3062 3808 earumque
3090 3752 3285 3792 causas
3316 3736 3403 3791 in-

1835 3837 2127 3893 tellexisset
2150 3850 2165 3900 ;
2185 3833 2369 3898 modo,
2400 3842 2660 3911 tanquam
2690 3846 2723 3885 a
2744 3844 2877 3886 vero
2902 3830 3229 3884 aberrasset.
3252 3826 3403 3882 Non-

1831 3927 1965 3981 nulli
2007 3939 2136 3979 vero
2179 3923 2247 3978 ad
2280 3921 2603 4003 sententiam
2630 3917 2939 3973 Aristotelis
2970 3915 3399 3971 confirmandam

1830 4034 1894 4073 ac
1930 4013 2326 4077 stabiliendam,
2367 4010 2513 4081 quod
2539 4008 2796 4064 nimirum
2821 4023 3037 4063 crassus
3070 4018 3123 4062 et
3150 4007 3401 4063 fumosus

1830 4108 2054 4179 spiritus
2108 4105 2211 4159 sub
2256 4114 2412 4158 terrae
2450 4100 2878 4157 concavitatibus
2915 4099 3207 4156 conclusus
3247 4100 3396 4169 ejus-

145 4204 390 4256 ποιεῖται
422 4201 685 4269 κινήσεις,
728 4197 1087 4265 προύτίθεσαν
1116 4192 1173 4249 ὲν
1201 4195 1278 4266 τῷ
1304 4194 1447 4265 λόγῳ
1476 4193 1632 4249 τοῦτο
1663 4193 1727 4264 δὴ

1840 4195 2035 4251 :emodi
2076 4203 2254 4249 motus
2282 4191 2546 4257 efﬁceret,
2595 4191 2649 4245 in
2691 4189 2928 4247 medium
2968 4188 3268 4244 attulerunt
3292 4188 3398 4245 tale

144 4292 209 4344 τὸ
237 4290 350 4345 ὑπὸ
389 4289 670 4360 ’Δνθεμίου
712 4288 978 4357 πρότερον
1030 4286 1506 4358 μεμηχανημένον.
1558 4277 1726 4348 Οὗτος

1840 4287 2104 4359 quidpiam
2132 4295 2293 4341 antea
2315 4285 2387 4339 ab
2409 4284 2697 4340 Anthemio
2727 4282 3008 4353 ingeniose
3028 4282 3398 4355 excogitatum

144 4384 261 4455 γὰρ
292 4384 360 4455 δὴ
396 4384 425 4437 ό
479 4381 843 4451 Ἀνθέμιος’¹,
880 4382 1080 4445 πατρὶς
1114 4381 1221 4451 μὲν
1242 4377 1389 4449 αὐτῴ
1405 4379 1449 4411 ἐ
1481 4378 1729 4449 ὑπῆρχεν

1840 4394 1989 4450 nque
2017 4377 2481 4447 eﬂ'eetum._Atqui
2510 4376 2800 4431 Anthemio
2824 4372 2951 4429 huic
2976 4375 3151 4445 patria
3174 4376 3392 4446 quidem

143 4477 204 4529 al
236 4474 505 4547 Τράλλεις
534 4476 568 4544 ἡ
598 4474 775 4539 πόλις,
803 4472 967 4542 τέχνη
1008 4472 1066 4525 δὲ
1105 4474 1174 4525 τε
1204 4472 1311 4525 τῶν
1343 4471 1725 4544 μηχανοποιῶν

1840 4474 1931 4527 iuit
1962 4472 2093 4527 urbs
2114 4471 2341 4538 Tralles,
2372 4485 2461 4525 ars
2491 4483 2616 4523 vero
2649 4467 2989 4524 inventiones
3019 4469 3391 4524 machinarum

141 4550 461 4640 εὑρήματα.
510 4566 560 4619 οἳ
604 4566 669 4636 δὴ
716 4566 814 4635 τὴν
858 4563 1179 4634 γραμμικὴν
1213 4562 1445 4633 θεωρίαν
1490 4566 1579 4617 ἐπὶ
1627 4563 1725 4633 τὴν

1840 4563 2247 4620 fabricatoribus
2276 4562 2503 4625 usitatae,
2534 4559 2626 4629 qui
2668 4558 2924 4614 linearem
2968 4561 3388 4631 speculationem

143 4662 284 4731 ὓλην
331 4660 683 4727 κατάγοντες,
734 4661 1026 4729 μιμήματὰ
1067 4674 1191 4710 τινα
1235 4659 1329 4711 καὶ
1372 4652 1482 4709 οἷον
1530 4656 1724 4710 εἴδωλα

1840 4657 1893 4712 Id
1937 4656 2215 4711 materiam
2255 4654 2615 4715 traducentes,
2666 4650 2993 4709 imitationes
3035 4652 3295 4727 quasdam
3336 4661 3391 4707 et

140 4754 255 4808 τῶν
284 4752 456 4805 όντων
478 4749 887 4823 δημιουργοῦσι.
918 4750 1112 4817 Γέγονε
1133 4750 1189 4802 δὲ
1214 4749 1435 4820 ἄριστος
1456 4750 1515 4802 ὲν
1539 4750 1725 4815 αὐτοῖς

1840 4751 1987 4806 veluti
2014 4750 2301 4806 simulacra
2329 4761 2509 4801 rerum
2536 4760 2661 4800 vere
2699 4746 3075 4802 exsistentium
3120 4744 3390 4800 fabrican-

139 4849 223 4911 εῐς
252 4846 324 4900 τα
352 4845 584 4916 μάλιστα
605 4844 698 4898 καὶ
720 4846 796 4906 εἰς
822 4843 990 4914 ἄκρον
1015 4842 1167 4912 ἥκων
1199 4842 1297 4912 τῆς
1328 4840 1719 4914 μαθηματικῆς

1850 4860 1930 4898 ur.
1979 4841 2255 4896 Execlleus
2294 4853 2419 4893 vero
2454 4840 2555 4892 hac
2592 4838 2642 4891 in
2692 4836 2856 4910 290
2899 4847 3017 4895 arte
3067 4836 3187 4899 fuit,
3218 4844 3273 4891 et
3331 4835 3389 4892 in

139 4940 481 5012 ἐπιστήμης,
513 4937 755 4991 καθάπω
786 4935 880 4993 καὶ
920 4937 975 4988 ὲν
1002 4937 1115 4998 τοῖς
1158 4935 1508 5005 καλουμένοις
1540 4952 1721 5007 γραμο

1840 4932 2191 4991 nathematica
2244 4930 2469 4985 scientia
2527 4930 2793 4997 eximius,
2843 4928 3293 5000 quemadmodum
3334 4938 3391 4986 et

142 5034 398 5103 ματικοῖς
446 5032 475 5083 ὁ
523 5029 746 5101 ἀδελφὸς
794 5022 984 5099 τούτου
1013 5028 1058 5060 ’⁸
1104 5028 1469 5100 Μητρόδωρος
1486 5026 1550 5081 ’⁸.
1606 5030 1718 5081 Καὶ

1847 5046 1879 5083 n
1911 5028 1995 5091 iis,
2040 5026 2132 5093 qui
2162 5022 2513 5076 Grammatici
2560 5033 2843 5085 vocantur.
2878 5022 3043 5077 frater
3078 5020 3249 5091 ipsius
3274 5020 3386 5078 Me-

143 5126 523 5195 μακαρίσαιμι
548 5123 613 5178 ἂν
632 5123 805 5192 ἔγωγε
832 5118 1009 5175 αύτῶν
1038 5121 1134 5192 τὴν
1167 5120 1397 5192 μητέρα,
1434 5119 1573 5172 οὕτω
1599 5138 1716 5172 ποι-

1840 5120 2095 5174 ,ιυόοι-ιιε.
2148 5118 2210 5171 Et
2259 5126 2404 5171 certe
2465 5116 2676 5173 felicem
2724 5114 3070 5186 indicaverim
3144 5115 3387 5182 ipsorum

139 5215 303 5285 κίλης
334 5216 581 5279 παιδείας
610 5216 892 5268 ἀνάπλεων
912 5218 1075 5285 γονὴν
1093 5216 1302 5283 ἁποκυή
1314 5230 1373 5265 σα
1384 5230 1498 5265 σαν.
1530 5213 1714 5265 Τούτω

1840 5227 2071 5276 natrcm,
2104 5226 2225 5279 qua:
2257 5209 2391 5264 adeo
2422 5211 2573 5266 varia
2614 5211 2916 5265 eruditione
2964 5207 3217 5262 refertam
3264 5225 3388 5280 pro-

138 5323 200 5361 τε
222 5307 335 5377 γὰρ
351 5308 399 5339 ⁸⁵
428 5307 507 5360 τὼ
536 5308 693 5378 ἄνδρε
720 5306 930 5372 τὲτοκε,
966 5305 1061 5360 καὶ
1105 5306 1415 5376 Ὀλύμπιον,
1452 5304 1631 5373 νόμων
1652 5322 1711 5356 τε

1842 5323 1926 5360 em
1973 5303 2219 5359 ediderit.
2259 5300 2410 5360 Duos
2457 5306 2604 5360 enim
2656 5305 2820 5359 hosce
2868 5300 3015 5356 viros
3066 5304 3293 5374 peperit,
3327 5312 3383 5360 et

1414 5478 1643 5534 VARIAS
1684 5478 2081 5536 LECTIONES.

760 5646 809 5681 ⁸³
834 5646 914 5711 εἰς
959 5646 1082 5701 Par.
1117 5646 1220 5701 Pro
1240 5647 1319 5707 ἐς.
1394 5645 1441 5677 ⁸⁸
1467 5643 1571 5698 Pro
1604 5646 1740 5711 μετά
1766 5642 1888 5697 Par.
1931 5645 2090 5697 κατὰ.
2169 5646 2212 5679 ⁸⁵
2257 5643 2645 5711 ὲξαλλάξαντες
2677 5644 2744 5709 Β,
2768 5644 2945 5703 ὲναλλ.
2986 5641 3132 5709 vulg.
3208 5638 3255 5671 ⁸⁸
3288 5638 3379 5711 καὶ

210 5647 263 5682 ⁸³
286 5644 592 5726 ἔπρασσεεο
619 5646 696 5726 R._
760 5646 809 5681 ⁸³
834 5646 914 5711 εἰς
959 5646 1082 5726 Par.
1117 5646 1220 5726 Pro
1240 5647 1319 5707 ἐς.
1394 5643 1571 5726 “Pro
1604 5646 1740 5726 μετά
1766 5642 1894 5726 Par1
1915 5645 2090 5726 κατὰ.
2120 5724 2125 5726 Α
2169 5646 2212 5679 ⁸⁵
2254 5643 2645 5726 gavdia“;
2677 5644 2744 5726 ll,
2768 5644 2948 5726 ἐνικλλἶ
2975 5641 3132 5726 vuig.

140 5735 263 5789 τιμ.
292 5708 390 5772 xci.
418 5734 507 5788 χρ.
535 5719 576 5772 R
606 5729 659 5774 et
684 5722 872 5789 intpr.,
896 5708 1068 5818 χρημ.
1102 5719 1194 5771 καὶ
1222 5734 1340 5787 τιμ.
1380 5716 1523 5785 vulg.
1604 5708 1670 5747 ’⁸⁷
1702 5714 2052 5796 μετελθόντες
2088 5724 2151 5771 ii.
2253 5708 2655 5797 ⁸³’ὲρρίφανται
2688 5713 2755 5771 R.
2861 5716 2954 5768 "6
2975 5708 3301 5796 Παγειιρίους
3334 5708 3378 5762 Β.

140 5793 292 5818 ..-ηι
328 5789 471 5818 τ’-..υ
512 5788 817 5818 ληη.τ.-..-....
844 5788 879 5818 ιι
1007 5789 1029 5818 ο
1052 5788 1105 5818 at
1142 5788 1178 5818 η
1234 5787 1297 5818 si.
1324 5787 1446 5818 ....|..
1565 5786 1607 5817 st
1648 5788 1963 5818 Αυιεηωρωρ
1991 5797 2135 5818 mm-
2230 5789 2275 5818 sa
2299 5783 2564 5818 -.'.-...mt.l
2611 5800 2675 5818 α.
2705 5785 2745 5818 n
2846 5788 2892 5818 ss
2917 5783 3078 5818 ιεεὶηι.
3128 5798 3251 5818 mm-
3306 5779 3345 5818 R

140 5779 243 5859 pro
262 5793 292 5843 ό
328 5779 490 5855 Στάγ.
512 5779 817 5858 ὀρθώτατὸν
844 5779 950 5842 li."
983 5779 1029 5819 ‘5
1051 5788 1107 5859 δὲ
1138 5788 1213 5859 Β,
1234 5779 1297 5859 δὴ
1324 5779 1509 5859 vulg.'_
1565 5786 1607 5817 ³³⁸
1636 5779 1963 5859 Arlltmesius
1989 5786 2155 5859 impr.
2230 5789 2275 5821 ³³
2297 5779 2444 5857 αὐτῷ
2463 5779 2590 5843 sua.
2611 5800 2679 5845 ex
2703 5785 2771 5843 Β.
2846 5788 2892 5821 ’⁸
2916 5783 3102 5855 ἁδελφ.
3128 5784 3272 5837 τούτ.
3304 5779 3374 5849 R,

141 5856 329 5933 αδελφ.
367 5862 398 5915 ό
426 5856 571 5915 τοῦτ’.
602 5860 743 5933 vulg.
823 5859 872 5892 ”
900 5858 1130 5931 Μετρόδ.
1153 5856 1295 5917 εὐαί
1352 5858 1397 5891 ’³
1418 5856 1592 5911 τούτω
1615 5859 1721 5930 γὰρ
1749 5856 1812 5913 Β.
