4042 6334
640 427 778 498 1555

1805 435 2158 498 ΑΟᾹΤΗΙΕ
2185 437 2668 503 SCHOLASTICI

3713 439 3849 508 155G

633 541 780 605 dam,
814 552 932 610 qua:
961 537 1114 594 valde
1141 547 1327 604 essent
1353 554 1574 614 sonora,
1608 540 1918 599 collisiones
1945 546 2173 617 complo-

2287 555 2383 608 καί⁵
2416 551 2872 626 σκαρδαμύττειν·
2914 549 3222 624 συντρίψεις
3250 549 3309 606 δέ
3332 567 3484 617 τινας
3511 550 3610 606 καὶ
3632 552 3848 610 ἀντιτυ-

635 632 818 688 siones
854 631 1220 701 excogitans,‘
1242 631 1506 688 immanes
1541 634 1808 703 quosdam
1847 647 1900 690 et
1951 638 2187 692 tonitruo

636 722 838 779 similes
871 721 1109 794 fragores
1163 724 1349 779 edebat
1385 724 1718 795 perc'ellendo
1754 728 1936 782 sensui
1989 741 2184 799 aptos;

2283 649 2413 713 πίας
2443 649 2712 720 σωμάτων
2736 649 2965 702 ἐπινοῶν
3017 648 3457 720 βαρυηχοτὰτων,
3478 647 3719 714 κτύπους
3740 651 3847 704 ἀπρ

2281 742 2452 797 ετέλει
2492 741 2752 811 σφοδροὺς
2773 740 2870 794 καὶ
2907 737 3236 812 βροντώδεις,
3269 739 3361 793 καὶ
3399 740 3545 803 οίους
3583 738 3846 811 ἐκπλῆξαι

634 820 769 875 adeo
807 829 864 875 ut
902 819 1068 883 Zeno,
1093 836 1213 874 cum
1237 836 1374 889 aegre
1404 822 1617 876 tandem
1646 823 2017 889 intellexisset,
2045 825 2173 878 unde

2271 835 2378 906 ’τὴν
2407 835 2679 905 αἴσθησιν,
2708 834 2783 898 ὡς
2807 835 3014 890 ἐκεῖνον
3047 832 3200 903 μόλις
3241 833 3383 900 γοῦν
3411 833 3700 902 διαγνόντα
3721 833 3848 887 ὅθεν

633 911 844 982 singula
881 913 1087 989 tierent,
1128 914 1303 981 palam
1346 915 1414 967 ad
1465 914 1626 983 pedes
1678 916 2024 991 imperatoris
2056 933 2183 986 pro-

633 1002 872 1066 volutus,
910 985 1141 1057 vicinum
1186 1004 1458 1058 aceusarit
1499 1015 1555 1059 ut
1587 985 1893 1075 improbum
1922 1015 1977 1062 et
2009 985 2182 1063 scele-

633 1105 808 1152 ratum
847 1117 860 1151 :
903 1096 1036 1152 adeo
1071 1110 1126 1150 ut
1158 1107 1211 1153 et
1241 1100 1538 1168 gratiosum
1568 1101 1839 1170 quoddam
1879 1111 2042 1172 atque
2073 1102 2185 1157 ele-

631 1203 767 1258 gans
819 1189 1019 1244 dictum
1083 1191 1157 1244 ira
1215 1191 1316 1261 ipsi
1367 1193 1687 1248 excusserit.
1750 1193 1985 1250 Poeticis
2036 1194 2182 1249 enim

631 1282 955 1350 quibusdam
997 1283 1173 1337 verbis
1210 1283 1456 1339 alludens
1503 1299 1685 1340 coram
1734 1295 1923 1342 senatu
1968 1287 2182 1358 procla-

631 1374 830 1438 mabat,
866 1376 1029 1430 veluti
1065 1391 1158 1443 per
1186 1375 1415 1430 ironiam
1447 1384 1501 1431 et
1531 1377 1784 1433 cavillum
1824 1396 1838 1433 :
1873 1392 1966 1444 se,
2018 1379 2182 1434 homo

628 1479 751 1519 cum
786 1476 964 1528 esset,
1008 1483 1113 1520 non
1153 1481 1311 1537 posse
1345 1468 1607 1523 adversus
1642 1478 1929 1541 utrumque
1959 1471 2178 1541 pariter,

628 1552 809 1607 Jovem
846 1556 1242 1610 fulminatorem
1275 1564 1330 1610 et
1359 1558 1810 1625 gravitonantem,
1843 1570 1898 1615 et
1921 1562 2180 1619 adversus

629 1645 931 1713 Neptunum
988 1658 1142 1702 terra:
1201 1664 1585 1704 concussorem
1639 1666 1898 1720 pugnare.
1948 1652 2178 1710 Pulchra

597 1744 601 1747 '
629 1736 844 1805 quidem
876 1737 1040 1807 igitur
1065 1748 1191 1792 sunt
1220 1740 1445 1808 hujusce
1475 1742 1609 1795 artis
1642 1741 1848 1807 effecta,
1881 1755 2176 1814 quantum-

626 1828 717 1883 vis
747 1829 987 1894 ludicra;
1034 1846 1251 1886 necesse
1292 1841 1470 1886 tamen
1506 1848 1610 1887 non
1660 1845 1740 1890 est
1780 1846 2028 1892 naturam
2065 1841 2179 1895 haec

628 1921 782 1990 sequi
813 1923 986 1992 iisque
1007 1925 1297 1994 exaequari.
1326 1925 1590 1980 Caeterum
1621 1927 1688 1982 de
1717 1928 1800 1983 his
1827 1930 1988 1986 rebus
2013 1947 2174 2000 quam

627 2013 860 2082 quisque
892 2014 1118 2069 voluerit
1147 2016 1469 2070 sententiam
1515 2025 1724 2082 teneat;
1769 2019 1899 2074 mihi
1949 2036 2075 2077 vero
2111 2023 2177 2078 ad

626 2105 859 2174 priorem
899 2109 1265 2162 narrationem
1307 2119 1392 2164 est
1437 2110 1791 2164 redeundum.

695 2197 854 2268 295
903 2198 957 2253 9.
1007 2196 1112 2253 Per
1163 2199 1305 2254 hanc
1342 2201 1484 2255 enim
1543 2201 1771 2257 hiemem
1822 2204 1971 2260 hisce
2020 2208 2176 2266 malis

623 2287 991 2355 premebatur,
1035 2288 1335 2357 incolisque
1378 2293 1631 2348 omnibus
1676 2288 1775 2363 per
1815 2298 2014 2352 multos
2061 2299 2176 2355 dies

623 2379 838 2432 concuti
861 2378 1037 2434 adhuc
1060 2379 1425 2450 pavimentum
1454 2383 1753 2449 videbatur,
1782 2389 1993 2444 tametsi
2019 2390 2174 2459 quie-

624 2479 738 2523 tum
771 2468 880 2538 jam
915 2473 1271 2544 sedatumque
1304 2485 1465 2531 esset.
1504 2476 1781 2534 lnsederat
1809 2483 1955 2537 enim
1998 2486 2176 2540 homi-

621 2576 752 2616 num
780 2561 977 2617 animis
1002 2563 1106 2619 hoc
1134 2567 1358 2630 malum,
1396 2578 1452 2624 et
1493 2571 1733 2641 suspicio
1761 2573 1815 2628 in
1844 2574 1924 2630 eis
1968 2577 2175 2634 radices

617 2662 822 2724 egerat,
848 2655 1244 2712 ratiocinationi
1282 2661 1533 2716 tenebras
1554 2661 1858 2720 oﬂ‘undens.
1879 2665 2174 2738 Imperator

617 2757 747 2802 vero
792 2747 962 2801 multa
1001 2748 1248 2815 aediﬁcia,
1274 2766 1393 2831 qua:
1440 2755 1636 2824 partim
1672 2756 1859 2812 vitium
1907 2759 2170 2827 fecerant,

619 2836 815 2903 partim
873 2837 984 2907 jam
1039 2852 1399 2904 corruerant,
1458 2845 1764 2902 instaurare
1808 2849 2189 2920 adnitebatur.‘

620 2924 910 2997 Praecipua:
957 2940 1136 2986 autem
1203 2948 1348 2989 curae
1409 2936 1508 3005 ipsi
1557 2949 1675 2993 erat
1726 2943 2172 3011 augustissimum

619 3011 755 3070 illud
800 3015 895 3071 Dei
935 3019 1216 3088 templum.
1262 3021 1376 3077 Hoc
1413 3038 1542 3079 vero
1579 3035 1734 3082 antea
1786 3044 1816 3082 a
1852 3030 2009 3100 plebe
2045 3048 2170 3088 suc-

618 3120 862 3173 censum,
901 3110 1056 3165 valde
1087 3113 1440 3184 couspicuum
1487 3126 1650 3187 atque
1680 3121 2056 3179 admirandum
2104 3127 2171 3181 ab

2281 926 2488 979 ’ἐκαστα
2532 926 2812 993 γίγνεται,
2861 923 3329 995 προκαλινδεῖσθαι
3357 923 3661 992 ἀναφανδὸν
3699 925 3849 994 ἀμφὶ

2280 1018 2358 1072 τὼ
2387 1019 2579 1074 πόδε³⁰
2607 1017 2700 1073 τοῦ
2729 1017 2988 1088 βασιλέως
3007 1058 3023 1081 ,
3074 1018 3167 1071 καὶ
3214 1020 3538 1090 κατηγορεῖν
3579 1015 3673 1070 τοῦ
3721 1018 3845 1086 γεί-

2279 1129 2451 1175 τονος,
2499 1111 2573 1175 ὡς
2599 1108 2769 1164 κακοῦ
2803 1109 2897 1162 καὶ
2926 1109 3256 1163 ἀδικωτάτου
3279 1125 3292 1139 ο
3341 1109 3481 1162 ὥστε
3528 1109 3720 1180 ἀμέλει
3748 1111 3848 1164 καὶ

2280 1205 2468 1278 χάριέν
2490 1222 2544 1258 τι
2573 1204 2664 1284 ὑπ’
2688 1203 2857 1275 ὀργῆς
2879 1201 3259 1271 ἐπεφθέγγετο.
3287 1201 3552 1272 Ποιητικά
3573 1201 3684 1272 γὰρ
3701 1221 3847 1275 παρ-

2279 1299 2406 1370 ῲδει
2437 1297 2681 1370 ῥημάτια
2711 1296 2807 1351 καὶ
2831 1294 3026 1349 ἀνεϐόα
3053 1295 3143 1348 ἐπὶ
3175 1294 3272 1362 τῆς
3306 1293 3613 1365 συγκλήτου
3647 1295 3846 1365 βουλῆς

2279 1391 2466 1462 ὥσπερ
2491 1387 2934 1460 εἰρωνευόμενος,
2974 1386 3049 1450 ὡς
3079 1387 3176 1456 οὐχ
3202 1381 3312 1439 οἷόν
3339 1402 3398 1438 τε
3425 1385 3577 1456 αύτῴ
3604 1385 3750 1456 μόνῳ
3776 1403 3845 1455 γε

2279 1483 2391 1538 ὄντι
2440 1482 2709 1552 ἀνθρώπῳ
2755 1479 2895 1534 κατὰ
2938 1477 3132 1533 ταυτὸν
3183 1478 3298 1548 ἃμα
3342 1477 3479 1547 πρός
3523 1495 3586 1532 τε
3625 1479 3725 1532 Δία
3749 1479 3845 1532 τδν

2279 1575 2652 1648 ἀστεροπητὴν
2694 1572 2779 1644 μ».
2810 1570 2937 1641 152]
2979 1571 3073 1626 καὶ
3100 1569 3435 1641 ἐρίγδουπον,
3483 1570 3580 1625 καὶ
3606 1569 3744 1641 πρός
3778 1587 3846 1638 γε

2278 1669 2584 1723 Ποσειδῶνα
2601 1667 2644 1698 ³¹
2673 1665 2763 1720 τὸν
2789 1663 3120 1730 ἐννοσίγαιον
3145 1662 3524 1732 διαμάχεσθαι.
3553 1662 3712 1717 Καλὰ
3739 1662 3847 1733 μὲν

2278 1758 2370 1817 οὖν
2396 1761 2558 1832 τῆσδε
2582 1760 2680 1830 τῆς
2706 1758 2901 1829 τέχνης
2927 1757 3022 1810 καὶ
3046 1755 3185 1810 αὐτὰ
3209 1755 3382 1826 δήπου
3407 1755 3480 1808 τὰ
3506 1753 3804 1826 ἀθύρματα
3827 1772 3844 1787 ·

2277 1853 2339 1907 ού
2369 1851 2472 1924 μὴν
2503 1852 2715 1920 ἀνάγκη
2761 1847 2859 1919 τὴν
2901 1848 3064 1917 φύσιν
3114 1845 3341 1899 ἕπεσθαι
3373 1844 3584 1908 τούτοις
3611 1844 3708 1898 καὶ
3749 1843 3849 1919 ἐξέ

2281 1946 2538 2000 ισοῦσθαι.
2565 1945 2711 2013 Πλὴν
2740 1941 2852 1997 ἀλλ’
2883 1941 3111 2001 ἕκαστος
3161 1938 3260 2007 μὲν
3295 1935 3502 2006 ἐχέσθω
3529 1936 3625 1990 καὶ
3671 1933 3846 1988 τῶνδε

2275 2037 2403 2109 πέρι
2445 2035 2632 2096 ὁποίας
2649 2036 2692 2067 ³³
2735 2033 2801 2087 ἂν
2842 2031 2938 2085 καὶ¹
2968 2030 3205 2100 βούλοιτο
3230 2026 3454 2097 γνώμης
3476 2043 3493 2058 ⁸
3539 2028 3667 2096 ἐμοὶ
3690 2025 3749 2079 δὲ
3783 2026 3846 2088 ἐς

2273 2131 2364 2185 τὸν
2395 2129 2654 2202 πρότερον
2685 2125 2840 2192 λόγον
2871 2122 3146 2176 ἐπανιτὲα.

2344 2219 2410 2274 θ’.
2461 2217 2700 2271 Ἑκείνου
2741 2214 2844 2286 ’μὲν
2887 2213 2997 2282 γὰρ
3022 2209 3116 2264 τοῦ
3163 2205 3428 2280 χειμῶνος
3479 2207 3538 2260 ἐν
3582 2204 3761 2258 τοῖσδε
3804 2205 3844 2274 ὴ

2273 2313 2428 2375 πόλις
2457 2308 2746 2377 ἐτύγχανεν
2772 2301 2926 2366 οὖσα,
2954 2303 3046 2356 καὶ
3072 2302 3273 2356 ἅπασιν
3298 2298 3393 2353 ἐπὶ
3421 2297 3680 2359 πλείστας
3709 2295 3845 2365 ἠμέ-

2274 2420 2372 2476 ρας
2404 2400 2642 2455 σείεσθαί
2673 2415 2791 2460 πως
2817 2397 2991 2451 ἐδόκει
3021 2393 3083 2447 τὸ
3109 2393 3320 2460 ἔδαφος,
3346 2389 3439 2444 καὶ
3469 2387 3642 2442 ταῦτα
3671 2387 3844 2457 ἀτρε-
3887 2453 3900 2458 ν

2273 2495 2407 2568 μοῦν
2435 2496 2538 2566 ήδη
2557 2494 2651 2547 καὶ
2673 2489 3044 2560 πεπαυμένον.
3069 2485 3328 2539 Ἕναυλον
3357 2481 3464 2554 γὰρ
3487 2482 3606 2543 ταῖς
3634 2478 3842 2549 ψυχαῖς

2270 2575 2482 2658 ὑπῆρχε
2523 2585 2585 2639 τὸ
2623 2583 2824 2646 πάθος,
2873 2581 2966 2634 καὶ
2997 2577 3203 2647 ὑποψία
3231 2575 3468 2629 ἐνέκειτο
3499 2568 3843 2624 ὖποθολοῦσα

2269 2679 2332 2734 τὺ
2363 2675 2729 2746 λογιζόμενον.
2790 2673 2849 2725 '0
2897 2671 2956 2725 δέ
3007 2668 3256 2740 βασιλεὺς
3283 2663 3456 2719 πολλὰ
3488 2661 3600 2716 τῶν
3629 2659 3842 2714 οἰκοδο-

2274 2767 2538 2839 μημὰτων
2565 2764 2633 2818 τὰ
2663 2763 2759 2834 μὲν
2788 2760 2962 2831 σαθρὰ
2986 2759 3078 2814 καὶ
3107 2757 3304 2827 ἀσθενῆ
3328 2751 3692 2824 γεγενημένα,
3717 2750 3842 2804 [vta

2268 2856 2325 2909 δέ
2357 2856 2458 2924 ήδη
2484 2853 2580 2907 καὶ
2594 2853 2640 2884 ³⁸
2670 2848 3158 2912 καταπεπωκότα,
3186 2841 3518 2915 ἐπανορθοῦν
3550 2842 3840 2914 ἐπειρᾶτο.

2283 2942 2701 3014 Ἐπεφρόντιστο
2729 2941 2786 2994 δέ
2828 2940 2878 2994 oi
2924 2939 2984 3003 ἐς
3029 2938 3101 2992 τὰ
3135 2937 3368 3009 μάλιστα
3393 2936 3423 2989 ὁ
3456 2935 3715 3007 μέγιστος
3736 2929 3841 2986 τοῦ

2269 3033 2404 3090 Θεοῦ
2423 3031 2558 3095 νεώς
2576 3047 2590 3061 ·
2619 3030 2807 3084 τοῦτον
2833 3029 2890 3083 δέ
2913 3029 3175 3100 πρότερον
3199 3025 3589 3100 ἐμπρησθιντα
3608 3022 3717 3078 inab
3733 3020 3840 3077 τοῦ

2268 3128 2460 3198 δήμου,
2492 3125 2698 3195 σφόδρα
2727 3121 2996 3194 περιφανῆ
3046 3121 3140 3176 καὶ
3183 3119 3485 3190 θαυμάσιον
3532 3117 3722 3190 ⁴ιιλίιιιον
3758 3117 3842 3171 ἐκ

619 3198 750 3269 ipsis
780 3201 1145 3260 fundamentis
1189 3206 1379 3262 iterato
1418 3221 1795 3280 exstruxerat,
1844 3217 2168 3287 magnitudi-

2271 3221 2486 3290 βάθρων
2513 3219 2692 3273 αὐτῶν
2725 3218 2816 3270 καὶ
2844 3215 3122 3287 κρηπίδων
3145 3214 3532 3283 ἀνεδομήσατο,
3565 3210 3840 3283 μεγέθους

617 3292 808 3362 nisque
858 3296 1172 3352 excellentia
1227 3307 1282 3353 et
1337 3300 1524 3358 forma:
1566 3305 1759 3361 decore
1810 3317 1864 3363 et
1910 3312 2172 3368 varietate

617 3386 954 3441 metallorum
981 3389 1226 3444 ornatius
1252 3390 1515 3457 reddens;
1542 3396 1713 3449 cinxit
1743 3413 1868 3452 vero
1911 3400 1962 3452 id
1991 3401 2164 3466 ipsum

616 3489 680 3529 ex
715 3477 881 3532 latere
910 3489 1066 3533 cocto
1094 3489 1149 3534 et
1177 3482 1344 3546 calce,
1376 3499 1497 3553 quae
1531 3487 1733 3552 passim
1770 3487 1914 3544 ferro
1940 3489 2080 3543 inter
2110 3507 2170 3546 se

617 3566 919 3634 colligant,
961 3569 1126 3637 lignis
1175 3587 1516 3641 nequaquam
1569 3591 1736 3642 usus,
1791 3593 1860 3631 ne
1917 3579 2170 3635 facillime

618 3657 991 3725 conﬂagraret.
1025 3660 1346 3716 Anthemius
1388 3677 1518 3717 vero
1553 3665 1639 3719 hic
1683 3666 1796 3734 ipse
1836 3677 1973 3734 erat,
2014 3671 2170 3738 cujus

619 3748 781 3816 paulo
825 3760 949 3804 ante
997 3753 1318 3818 mentionem
1356 3752 1456 3808 feci
1480 3794 1494 3818 ,
1533 3756 1624 3824 qui
1656 3757 1866 3827 singula
1902 3768 1956 3812 et
2002 3763 2171 3816 artiﬁ-

617 3843 764 3898 ciose
791 3845 1130 3914 cxcogitabat
1155 3857 1207 3902 et
1233 3858 1586 3906 cxstruxerat.
1612 3851 1746 3907 Tum
1779 3871 1906 3910 vero
1936 3837 2176 3911 mediani

618 3935 850 3990 maxime
878 3936 1048 4007 ipsius
1080 3941 1202 3994 tecti
1253 3951 1456 4010 partem
1485 3944 1799 4013 collapsam,
1837 3963 2064 4017 qumque
2087 3951 2166 4003 al-

619 4024 847 4082 titudine
863 4024 1076 4096 omnia,
1100 4046 1221 4099 qua:
1243 4042 1583 4100 corruerant,
1609 4038 1917 4106 superabat,
1938 4041 2162 4109 impera-

617 4125 706 4172 tor
733 4119 1021 4175 ﬁrmiorem
1052 4122 1308 4182 reddidit,
1338 4132 1392 4176 et
1419 4125 1471 4177 in
1509 4126 1766 4194 majorem
1825 4129 2162 4186 altitudinem

618 4209 859 4263 sustulit.
891 4209 1064 4280 Atque
1094 4212 1416 4266 Anthemius
1445 4214 1662 4282 quidem
1685 4216 2002 4284 jamdudum
2018 4221 2166 4276 obie-

620 4305 723 4352 rat.
757 4296 996 4352 Isidorus
1025 4311 1199 4354 autem
1224 4301 1411 4370 junior
1440 4303 1639 4372 aliique
1666 4305 1989 4360 fabricarum
2017 4321 2166 4364 stru-

619 4391 798 4464 ctores
821 4382 1054 4452 priorem
1077 4387 1129 4439 in
1143 4390 1447 4458 semetipsis
1464 4389 1693 4445 fortnam
1719 4396 2162 4464 contemplantes,

2265 3329 2326 3367 τε
2355 3310 2628 3382 ὑπερὸολῇ
2667 3309 2762 3362 καὶ
2797 3298 3075 3378 σχήματος
3108 3304 3412 3375 εὐπρεπείᾳ
3448 3302 3546 3355 καὶ
3585 3299 3842 3370 ποικιλίᾳ
3874 3347 3882 3354 .

2269 3393 2546 3474 μεταλλων
2579 3400 2981 3469 ἐπικοσμήσαςο
3030 3397 3200 3467 ἤρεψε
3229 3397 3289 3451 δὲ
3320 3394 3483 3448 αὐτὸν
3511 3395 3576 3446 ἐκ
3607 3392 3839 3446 πλίνθου

2266 3476 2439 3562 ὀπτῆς
2469 3493 2564 3544 καὶ
2588 3487 2826 3551 τιτάνου,
2875 3487 3142 3558 πολλαχοῦ
3174 3487 3271 3541 καὶ
3301 3485 3505 3556 σιδήρῳ
3537 3485 3834 3554 συνδήσας,

2264 3583 2443 3647 ξύλοις
2489 3600 2550 3635 τε
2582 3567 2785 3652 ἥκιστα
2817 3581 3178 3656 χρησάμενος,
3223 3578 3298 3640 ὡς
3345 3578 3410 3630 ἂν
3457 3576 3716 3646 μηκέτι⁸δ
3742 3577 3841 3628 εὐι-

2268 3673 2548 3728 κολώτατα
2573 3672 2914 3744 πυρπολοῖτο.
2949 3669 3224 3740 ’Δνθὲμιος
3249 3670 3306 3723 δὲ
3327 3665 3396 3741 ἦν
3417 3664 3572 3730 οὗτος
3600 3669 3837 3735 ἐκεῖνος,

2267 3761 2326 3818 οὗ
2358 3766 2423 3834 δὴ
2461 3765 2658 3836 ἀρτίως
2685 3763 3053 3834 ἐπεμνήσθην,
3082 3765 3110 3816 ὁ
3135 3760 3839 3846 ἐκασταίμηχανησάμενος

2267 3856 2362 3910 καὶ
2389 3856 2816 3927 δημιουργήσας.
2854 3855 2987 3913 Τότε
3022 3854 3078 3907 δέ
3105 3854 3266 3908 αὐτὸν
3295 3841 3400 3907 ὑπὸ
3423 3841 3519 3907 τοῦ
3551 3852 3745 3906 κλόνου
3768 3852 3838 3906 τὸ

2269 3951 2590 4022 μεσαίτατον
2639 3950 2804 4023 μέρος
2847 3952 2946 4020 τῆς
2993 3950 3194 4022 ὀροφῆς
3237 3950 3332 4004 καὶ¹
3383 3949 3598 4003 ἅπαντα
3651 3948 3835 4018 ὑπερ-

2265 4043 2457 4099 ϐάλλον
2496 4043 2925 4114 ἀποϐεϐληκότα,
2969 4043 3304 4096 ἐπεσκεύασὲ
3341 4060 3403 4096 τι
3430 4039 3587 4106 αὖθις
3613 4045 3643 4096 ὁ
3670 4042 3836 4113 βασι-

2265 4137 2389 4199 λεὺς
2419 4137 2778 4208 βεϐαιότερον,
2800 4137 2892 4189 καὶ
2921 4137 3013 4188 ἐπὶ
3044 4134 3227 4206 μεῖζον
3254 4135 3387 4205 ὕψος
3409 4135 3570 4205 ἐξῆρε
3597 4153 3613 4168 ο
3645 4136 3837 4190 καίτοι

2216 4292 2226 4301 .
2278 4228 2556 4296 ’Λνθέμιος
2593 4227 2693 4295 μὲν
2730 4227 3047 4280 ἐκπλείστου
3074 4219 3378 4294 ἐτεθνήκει,
3413 4227 3684 4297 Ἰσίδωρος
3716 4225 3780 4280 δὲ
3801 4227 3838 4280 6

2267 4318 2384 4380 νέος
2414 4317 2507 4369 καὶ
2551 4317 2602 4373 oi
2648 4315 2796 4368 ἄλλοι
2847 4315 3201 4386 μηχανοποιοὶ
3228 4317 3288 4369 τὸ
3320 4317 3580 4387 πρότερον
3608 4318 3674 4370 ἐν
3694 4318 3834 4371 ἑαυ-

2265 4405 2379 4466 τοῖς
2421 4403 2899 4471 ἀναθεωρήσαντες
2949 4403 3174 4474 σχῆμα,
3203 4404 3298 4457 καὶ
3335 4404 3414 4474 τῷ
3448 4404 3743 4474 σωζομένῳ
3768 4405 3860 4460 το

617 4483 674 4530 et
689 4461 853 4558 creo,
889 4476 1031 4545 quod
1053 4475 1313 4548 integrum
1336 4492 1633 4547 manserat,
1656 4482 1708 4538 id
1744 4484 1888 4552 quod
1912 4461 2163 4540 alfectum

2271 4461 2535 4556 πεπονθὸς
2560 4461 2741 4546 ὁποῖόν
2780 4510 2840 4547 τε
2878 4461 2954 4564 ⁷ἦν
3124 4461 3182 4559 ἐς
3207 4497 3235 4548 ὃ
3263 4513 3314 4548 τι
3343 4461 3514 4569 δηπου
3928 4507 3940 4515 ‘

617 4554 905 4634 eratquale
916 4568 1315 4638 esset,quidque
1325 4573 1436 4626 vitii
1461 4574 1738 4630 habuisset
1756 4585 2164 4646 cognoscentes,

2271 4554 2719 4655 ἐπιφρασαμενοι,
2751 4587 2847 4660 τὴν
2874 4554 2973 4658 μέν
3000 4585 3139 4658 ἐῴαν
3160 4554 3223 4641 τε
3253 4588 3350 4642 καὶ
3374 4554 3631 4659 ἐισπερὶαν

618 4657 783 4728 3%
818 4655 1078 4712 fornicem
1117 4659 1429 4716 orientalem
1465 4674 1520 4719 et
1549 4665 1940 4721 occidentalem
1981 4683 2082 4723 suo
2113 4678 2172 4722 ut

619 4757 739 4803 erat
759 4749 876 4802 loco
897 4749 1250 4817 reliquerunt,
1268 4757 1672 4819 septentrionali
1696 4774 1824 4814 vero
1845 4768 1900 4814 et
1919 4761 2169 4828 australi,

618 4856 740 4909 quae
781 4856 943 4907 super
975 4848 1322 4899 curvaturam
1350 4856 1466 4897 erat
1492 4857 1841 4917 structuram,
1871 4852 2169 4909 introrsum

594 4929 974 5001 porrigentes,
1008 4932 1277 5002 pauloque
1315 4933 1556 4990 latiorem
1587 4939 1895 5008 elllcientes,
1924 4953 1984 4999 ut
2003 4961 2168 5015 quam

621 5021 896 5089 aptissime
915 5039 1035 5078 cum
1058 5023 1180 5078 aliis
1201 5024 1510 5093 quadraret,
1533 5032 1998 5105 :equilateramque
2011 5052 2164 5091 com-

621 5126 808 5178 pagem
838 5129 945 5180 pra:
975 5132 1035 5170 se
1073 5115 1274 5178 ferret,
1317 5129 1488 5184 eaque
1526 5120 1730 5176 ratione
1761 5127 2043 5181 vacuitatis
2080 5129 2171 5183 ni-

625 5197 890 5253 mietatem
922 5215 1200 5260 eoarctare
1238 5212 1480 5274 possent,
1531 5214 1584 5259 et
1631 5211 1877 5279 exiguam
1925 5218 2160 5287 aliquam

620 5291 954 5345 extensionis
986 5306 1190 5362 partem
1220 5296 1524 5359 detrahere,
1555 5297 1608 5351 in
1643 5316 1900 5369 quantum
1938 5308 2166 5365 diversae

624 5380 974 5449 longitudinis
1024 5377 1191 5455 ﬁgura
1237 5385 1553 5440 eﬂiceretur.
1599 5387 1773 5458 Atque
1815 5395 1885 5448 ita
1931 5397 2163 5468 desuper

2267 4675 2409 4728 οὓτω
2439 4676 2616 4745 μένειν
2643 4678 2782 4732 κατὰ
2824 4678 3008 4750 χώραν
3035 4676 3247 4748 ἐφῆκαν
3279 4695 3294 4711 ο
3348 4681 3450 4750 τῆς
3487 4681 3546 4734 δὲ
3567 4680 3834 4750 ἁρκτῲας

2265 4783 2325 4818 τε
2369 4767 2460 4819 καὶ
2502 4755 2682 4832 νοτίας
2724 4770 2822 4838 τὴν
2869 4771 2962 4822 ἐπὶ
3005 4768 3099 4822 τοῦ
3135 4770 3487 4842 κυρτώματος
3513 4771 3834 4841 οἰκοδομίαν

2266 4855 2402 4926 πρὸς
2439 4857 2507 4908 τὰ
2536 4857 2682 4910 ἔνδον
2712 4859 3153 4927 παρατείναντες,
3183 4843 3281 4913 καὶ
3312 4859 3612 4931 εὐρυτέραν
3637 4859 3832 4930 ἠρέμα

2266 4946 2621 5016 ποιησάμενοι
2664 4948 2741 5010 ὡς
2791 4947 3018 5015 μᾶλλον
3051 4948 3428 5018 ἁρμοδιώτατα
3475 4951 3596 5010 ταῖς
3636 4948 3832 5012 ἄλλαις

2271 5041 2705 5100 συννενευκέναι,
2747 5039 2842 5092 καὶ
2868 5040 3150 5109 ὁμολογεῖν
3175 5038 3274 5109 τὴν
3308 5039 3622 5109 ίσόπλευρον
3652 5039 3832 5110 ἁρμο-

2268 5129 2408 5195 νίαν,
2445 5129 2787 5199 παριστεῑλαι
2837 5128 3012 5202 ταύτῃ
3051 5129 3364 5198 δεδύνηνται
3392 5127 3490 5198 τὴν
3519 5126 3829 5184 τοῦικενῶ-

2273 5237 2440 5290 ματος
2472 5221 2758 5292 ἀμετρίαν,
2802 5222 2896 5274 καὶ
2924 5219 3224 5290 ὑποκλέψαι
3253 5218 3426 5291 βραχύ
3456 5236 3508 5273 τι
3534 5219 3634 5290 τῆς
3660 5223 3829 5278 ἐκτά-

2271 5329 2408 5375 σεως
2440 5311 2621 5382 μέρος,
2649 5313 2842 5366 ὁπόσον
2883 5313 3225 5384 ἑτερόμηκες.
3247 5313 3563 5367 ἀπετελεῖτο
3590 5315 3804 5385 σχῆμαο

2267 5402 2410 5456 οὕτω
2450 5419 2509 5455 τε
2558 5403 2645 5455 ἐπ’
2673 5403 2848 5458 αὐτῶν
2889 5403 3190 5478 ἡδρασαν³⁸
3236 5397 3398 5457 πάλιν
3438 5403 3530 5458 τὸν
3561 5405 3622 5459 ἐν
3668 5405 3830 5477 μέσῳ

1888 5510 2114 5569 VARUE
2173 5517 2570 5574 LECTIONES.

695 5614 989 5704 ξςᾼτᾲγπόξε
1139 5617 1201 5704 ,³⁸
1239 5617 1551 5704 Ποσειδιῖεγεξ
1591 5633 1700 5704 om.
1731 5617 1774 5671 Β
1822 5626 2106 5704 et_intpr;,
2151 5615 2260 5704 qui
2298 5635 2454 5704 vertit
2485 5635 2662 5704 iuppte
2705 5657 2719 5691 :
2773 5648 2824 5692 et
2872 5649 3066 5692 terram
3112 5638 3276 5702 ipsa!!!
3309 5637 3702 5692 ementientem.
3735 5639 3828 5692 ἐν-

627 5682 905 5779 ἴῖἷῖἴῗιοᾈ
918 5685 1207 5779 βέἳῖτῗίζ·
1223 5690 1388 5779 1'1'_8.-_
1415 5774 1438 5779 _
1455 5682 2035 5779 '19P‘E'SYVS‘BM'V
2056 5682 2121 5779 8'-
2155 5682 2243 5779 ³ἕί
2273 5682 2720 5779 ῆδῇἶεᾷἴὲἲῖζᾶαί
2753 5682 2853 5779 {in
2872 5682 3828 5779 'Juu;:"e;='é1;4i'sav'a&:'if

627 5749 2003 5852 ιέρξεέγέξειλιῖινερξεές,ε‹.ι;εετο·ς,εεὲο;
2027 5749 2264 5843 rivus.
2280 5749 2384 5833 ’τι
2407 5749 2594 5829 ξτες
2614 5749 2736 5834 re.
2759 5749 3832 5852 i‘ait£.'2:;;tia‘5,'scz&;1tg;;;ea'.€.$

627 5819 778 5890 vulg.
797 5819 1026 5891 ἡδρασαν
1045 5828 1255 5883 emend.
1275 5819 1641 5898 01.,ἠδρασαν
1677 5828 1719 5881 [ἶ
1746 5841 1798 5883 ct
1832 5821 1972 5902 vulg.
