4042 6334
168 512 294 579 1557

1357 524 1892 590 HISTORIARUM
1935 534 2085 593 LIB.
2126 536 2192 595 ν.

3166 596 3189 618 ,
3250 531 3385 596 1558

159 624 578 697 -λπερανέχοντα,
612 625 722 681 εἴτε
768 627 989 695 κύκλον,
1037 632 1147 685 εἴτε
1188 633 1565 707 ἡμισφαίριον,
1614 638 1726 691 εἴτε

1831 646 2137 710 firmarunt,
2180 648 2271 716 qui
2310 646 2362 700 in
2400 646 2585 701 medio
2610 656 2694 702 est
2721 654 2959 717 positus,
3012 644 3124 700 sive
3166 648 3383 711 orbem,

178 719 419 792 τῳδηοῦν
435 721 481 752 ³⁸
508 721 733 790 ὀνόματι
762 722 890 792 παρ’
924 724 1109 787 αὐτοῖς
1138 727 1587 799 ὲπικεκλημένον.
1617 732 1727 783 Καὶ

157 813 376 882 γέγονεν
417 812 669 867 ἐντεῦθεν
714 817 941 880 εἰκότως
974 816 1217 889 ἰθύτερος
1266 822 1364 891 μὲν
1402 824 1496 875 καὶ
1540 823 1723 875 εὐεπί-

161 923 418 978 στροφος,
473 909 571 961 καὶ
619 909 954 979 πανταχόθεν
1003 913 1068 981 τῇ
1124 916 1355 984 γραμμῇ
1426 914 1724 977 ἐξισάζων,

161 998 488 1071 στενώτερος
524 1002 568 1033 ³⁷
614 1002 670 1055 δὲ
719 1004 812 1055 καὶ
859 1002 1133 1073 ὀξυτενὴς,
1180 1008 1273 1057 καὶ
1303 1002 1413 1069 οἷος
1454 1007 1551 1074 οὐχ
1584 1006 1727 1059 οὕτω

159 1089 275 1144 λίαν
303 1092 631 1162 ἐκπλήττειν
659 1094 783 1156 τοὺς
809 1094 1115 1162 θεωμένους
1142 1094 1217 1158 ὡς
1244 1096 1431 1159 πάλαι,
1468 1095 1646 1166 πολλῷ
1669 1096 1724 1148 δὲ

160 1182 304 1250 ὅμως
355 1182 519 1237 πλέον
567 1186 627 1236 ἐν
662 1184 737 1256 τῷ
780 1185 1010 1253 ἀσφαλεῖ
1041 1185 1350 1255 βεϐηκέναι.
1379 1183 1478 1240 Ὧν
1508 1188 1609 1254 μὲν
1635 1183 1726 1241 οὖν

161 1268 265 1323 εδει
294 1272 353 1325 ἐν
387 1271 672 1345 ξυγγραφῇ
700 1275 796 1328 τοῦ
827 1274 930 1327 νεὼ
967 1274 1049 1347 [Ρ.
1078 1275 1201 1348 153]
1234 1276 1358 1348 πέρι
1384 1279 1726 1349 ἐπιμνησθῆ-

159 1374 264 1421 ναι,
318 1360 416 1413 καὶ
450 1360 535 1430 ἐφ’
563 1362 599 1415 ἀ
638 1365 671 1432 ή
714 1363 809 1416 τοῦ
843 1363 1004 1432 λόγου
1053 1367 1193 1435 φορά
1224 1367 1371 1420 ἵκετο
1417 1365 1727 1431 ἀκολούθως

160 1452 555 1523 περιαγομένη,
590 1452 761 1507 ταῦτα
792 1454 978 1524 ἔμοιγε
1016 1457 1381 1527 ἀποχρώντως
1404 1460 1725 1528 ἐκδεδιήγη-

157 1560 265 1598 ται.
300 1545 702 1615 Ἐγκωμιάζειν
736 1547 843 1616 γὰρ
878 1551 1084 1603 ἕκαστα
1112 1551 1219 1603 τῶν
1246 1551 1399 1604 τοῦδε
1435 1552 1730 1620 θαυμάτων

160 1634 251 1687 καὶ
281 1636 640 1690 ἐπιδεικνύειν
669 1638 745 1708 τῷ
772 1640 933 1710 λόγῳ,
975 1641 1227 1711 περιττὸν
1245 1643 1288 1674 ³⁸
1324 1643 1389 1697 ἂν
1420 1644 1503 1713 είη
1540 1645 1637 1696 καὶ
1667 1644 1727 1696 οὐ

159 1727 249 1781 τοῦ
275 1728 543 1799 παρόντος
572 1732 703 1785 ἴδιον
726 1732 911 1803 ἔργου.
937 1734 998 1787 Εἰ
1022 1736 1078 1787 δέ
1107 1753 1189 1799 τις
1212 1735 1384 1789 ἐθέλοι
1415 1736 1605 1807 πόρρω
1626 1754 1728 1790 που

159 1820 315 1890 τυχὸν
343 1822 447 1892 τῆς
494 1823 699 1889 πόλεως
745 1826 1127 1896 ἀπῳκισμένος
1170 1828 1359 1881 ἔπειτα
1403 1828 1729 1897 γιγνώσκειν

163 1911 344 1980 σαφῶς
371 1913 609 1976 ἅπαντα,
646 1916 895 1985 καθάπερ
926 1917 1119 1987 παρὼν
1152 1919 1245 1971 καὶ
1270 1918 1562 1989 θεώμενος,
1598 1921 1730 1973 ἀνα-

1826 735 1939 786 sive
1974 737 2412 805 hemisphaerium
2440 780 2453 795 .
2500 738 2613 791 sive
2661 737 2777 790 alio
2800 751 3126 805 quocunque
3169 738 3389 790 nomine

1824 825 1891 876 ah
1912 826 2046 892 ipsis
2074 826 2393 896 appellatur.
2433 825 2735 896 Faetusque
2766 826 2889 877 inde
2922 833 3002 878 est
3024 824 3389 878 verisimiliter

1824 919 2083 972 directior
2127 918 2345 988 quidem
2391 918 2651 987 facileque
2697 918 2988 978 versatilis,
3036 916 3291 987 omnique
3322 931 3386 969 ex

1826 1018 1979 1076 parte
2026 1008 2355 1063 :tdamussim
2396 1010 2697 1077 quadrans;
2751 1007 3033 1075 angustior
3070 1021 3196 1058 vero
3242 1017 3292 1059 et
3335 1006 3387 1058 in

1824 1108 2043 1151 acutum
2102 1102 2351 1163 tendens,
2400 1101 2605 1169 quique
2654 1091 2757 1152 non
2809 1099 2879 1151 ita
2928 1098 3083 1150 valde
3137 1098 3389 1165 percellat

1825 1196 2179 1252 Spectatores,
2222 1197 2282 1241 ut
2312 1188 2461 1249 olim,
2497 1188 2668 1241 multo
2697 1204 2824 1240 vero
2856 1187 3023 1239 tutius
3053 1185 3385 1240 obtirmatus.

1828 1280 2067 1346 Quorum
2097 1280 2279 1349 itaque
2314 1280 2598 1347 oportebat
2626 1280 2677 1332 in
2712 1279 2931 1331 historia
2954 1278 3018 1329 de
3048 1277 3246 1345 templo
3278 1292 3389 1330 tne-

1827 1373 2080 1435 minisse,
2116 1381 2167 1425 et
2214 1372 2279 1425 ad
2314 1388 2433 1440 quac
2482 1372 2597 1440 ipsa
2640 1369 2969 1424 narrationis
3006 1369 3174 1423 series
3204 1383 3391 1420 consc-

1826 1475 2033 1519 ctant-m
2065 1466 2393 1518 circumacta
2426 1463 2752 1531 pervenerit,
2785 1478 2845 1513 ea
2871 1461 2998 1513 mihi
3023 1459 3237 1514 abunde
3260 1460 3391 1512 satis

1829 1565 1959 1611 sunt
1986 1556 2273 1625 explicata.
2323 1553 2569 1607 Laudare
2614 1555 2758 1607 enim
2799 1554 3032 1622 singula,
3069 1566 3189 1620 quae
3224 1551 3275 1602 in
3330 1566 3392 1602 eo

1828 1656 1954 1702 sunt
2000 1648 2348 1707 admiranda,
2396 1655 2450 1699 et
2503 1645 2754 1698 oratione
2800 1643 3083 1714 persequi,
3137 1658 3387 1710 superva-

1829 1753 2055 1793 caneum
2093 1739 2277 1802 fuerit,
2320 1751 2497 1807 neque
2542 1736 2707 1804 hujus
2753 1736 2932 1804 operis
2989 1734 3281 1804 proprium.
3335 1732 3389 1783 Si

1828 1831 1950 1901 quis
1974 1840 2153 1885 autem
2180 1830 2410 1885 voluerit
2437 1830 2621 1900 procul
2659 1826 2908 1881 fortassis
2940 1829 3007 1881 ab
3034 1826 3167 1879 urbe
3196 1827 3393 1891 degens

1829 1932 2012 1993 aperte
2046 1938 2389 1992 cognoscere.
2410 1923 2595 1975 omnia
2620 1963 2633 1987 ,
2680 1920 2840 1974 veluti
2872 1933 3123 1986 .prresens
3170 1927 3221 1969 et
3273 1932 3387 1981 spe-

160 2000 397 2069 λεγέσθω
443 2003 513 2057 τὰ
557 2005 755 2075 Παύλῳ
802 2006 895 2059 τοῦ
928 2008 969 2039 ³⁸
1019 2006 1201 2079 Κύρου
1260 2008 1354 2062 τοῦ
1400 2010 1619 2081 Φλώρου
1666 2013 1727 2067 ὲν

1833 2022 2014 2076 ctans,
2044 2014 2282 2083 perlegat
2312 2028 2432 2082 qua:
2472 2010 2675 2064 Paulus
2710 2009 2834 2079 Cyri
2867 2008 3027 2077 297
3064 2008 3203 2060 Flori
3254 2008 3393 2060 tilius

160 2092 479 2165 ἑξαμέτροις
527 2096 900 2167 πεπονημένα,
946 2098 1005 2162 ὅς
1030 2099 1094 2169 δὴ
1140 2103 1406 2171 ταπρῶτα
1450 2103 1620 2157 τελῶν
1669 2106 1725 2158 ἐν

167 2185 265 2244 τοῖς
291 2185 439 2254 ἀμφὶ
455 2186 499 2217 ⁸⁸
521 2186 612 2239 τὸν
639 2186 863 2258 βασιλέα
894 2192 1053 2261 σιγῆς
1081 2190 1419 2257 ἐπιστάταις,
1452 2194 1643 2262 γένους
1666 2211 1726 2247 τε

161 2279 530 2350 κοσμούμενος
563 2280 686 2352 δόξῃ
722 2283 816 2337 καὶ
842 2284 1068 2337 πλοῦτον
1101 2285 1330 2355 ἄφθονον
1360 2290 1424 2341 ὲκ
1448 2289 1727 2359 προγόνων

159 2368 551 2439 διαδεξάμενος,
599 2374 747 2443 ὅμως
801 2376 1017 2430 παιδεία
1044 2378 1085 2409 ⁸⁸
1117 2396 1179 2447 γε
1226 2379 1373 2449 αύτῷ
1420 2380 1726 2447 καὶ’λόγων

159 2461 391 2533 ἄσκησις
420 2464 806 2520 διεσπούδαστο
824 2483 836 2496 ·
883 2468 975 2523 καὶ
1005 2469 1098 2521 ἐπὶ
1126 2471 1302 2523 τοῖσδε
1339 2471 1541 2540 μᾶλλον
1568 2470 1725 2541 ηῦχει

159 2555 251 2608 καὶ
295 2554 639 2626 ἐσεμνύνετο.
686 2558 795 2612 Καὶ
822 2560 1001 2612 τοίνυν
1049 2561 1342 2631 πεποίηταί
1376 2565 1423 2615 οἱ
1465 2565 1558 2617 καὶ¹
1594 2564 1727 2619 ἄλλα

159 2640 232 2704 ὡς
263 2643 493 2699 πλεῖστα
523 2647 801 2715 ποιήματα
832 2649 1054 2719 μνήμης
1083 2667 1143 2703 τε
1188 2651 1313 2715 ἄξια
1360 2654 1453 2707 καὶ
1482 2655 1723 2718 ἐπαίνου,

158 2732 301 2787 δοκεῖ
322 2734 379 2788 δέ
428 2753 517 2804 μοι
534 2736 579 2768 δ’
610 2738 679 2791 τὰ
707 2737 801 2791 ἐπὶ
840 2738 920 2809 τῷ
961 2742 1067 2812 νεῷ
1096 2744 1360 2814 εἰρημένα
1392 2747 1636 2815 μείζονάς
1666 2763 1723 2798 τε

160 2825 317 2879 πόνου
347 2827 440 2880 καὶ
471 2830 776 2901 ἐπιστήμης
804 2832 1047 2886 ἀνάπλεα
1095 2836 1445 2896 καθεστάναι.
1498 2840 1605 2908 ὅσῳ
1632 2841 1725 2891 καὶ
1755 2866 1765 2879 ι

158 2916 192 2985 ἡ
219 2916 471 2981 ὑπόθεσις
503 2918 941 2993 θαυμασιωτέρα.
990 2926 1255 2996 Εύρήσεις
1284 2928 1391 2999 γὰρ
1434 2929 1499 2983 ἂν
1543 2932 1600 2983 ἐν
1633 2932 1727 2984 αύ-

159 3010 269 3071 τοῖς
310 3009 413 3079 τὴν
466 3010 593 3080 ὃλην
618 3013 715 3083 τῆς
745 3012 947 3079 θέσεως
994 3018 1312 3086 εὐκοσμίαν,
1356 3020 1449 3073 καὶ
1486 3023 1584 3083 τὰς
1618 3022 1725 3075 τῶν

165 3100 437 3169 μετάλλων
462 3102 653 3171 φύσεις
677 3105 976 3161 λεπτότατα
1002 3110 1496 3182 κατεξητασμένας,
1523 3115 1633 3167 τῶν
1665 3134 1723 3169 τε

162 3194 675 3264 προτεμενισμάτων
718 3196 779 3249 τὸ
818 3199 1094 3269 εὐπρεπὲς
1126 3201 1239 3270 ἅμα
1282 3202 1375 3255 καὶ
1410 3203 1721 3270 ἀναγκαῖον,

165 3285 363 3355 μεγέθη
394 3303 453 3339 τε
496 3286 589 3340 καὶ
625 3288 914 3359 ὑψώματα,
952 3294 1044 3345 καὶ
1068 3294 1179 3346 ’ὅσα
1226 3294 1547 3366 ίθύγραμμα
1596 3299 1727 3367 σχή-

164 3392 304 3443 ματα
334 3377 428 3430 καὶ
454 3379 555 3432 ὅσα
579 3380 829 3444 κυκλικά,
864 3384 956 3435 καὶ¹
987 3383 1087 3436 ὃσα
1116 3385 1361 3455 ἐκκρεμῆ
1397 3388 1490 3439 καὶ
1528 3406 1725 3459 προτε-

162 3466 381 3535 ταμένα.
416 3467 607 3537 Γνοίης
634 3468 690 3522 δὲ
715 3470 780 3522 ἂν
808 3470 871 3521 ἐκ
901 3470 1009 3523 τῶν
1037 3472 1185 3527 ἐπῶν
1207 3474 1301 3525 καὶ
1330 3475 1475 3539 ὅπως
1500 3477 1726 3551 ἀργύρῳ

161 3574 219 3611 τε
246 3560 337 3612 καὶ
363 3560 549 3631 χρυσῷ
576 3560 635 3613 τὸ
667 3561 951 3635 ἱερώτερον
985 3566 1184 3637 χωρίον
1213 3567 1307 3620 καὶ
1342 3570 1455 3632 τοῖς
1482 3569 1728 3643 ἀπορρή-

162 3666 268 3715 τοις
290 3652 742 3724 ἀποκεκριμένον,
767 3655 1199 3712 πολυτελέστατα
1220 3663 1725 3731 καταπεποίκιλται,

163 3743 253 3797 καὶ
276 3744 331 3797 εί
356 3762 409 3798 τι
430 3746 559 3799 ἀλλο
588 3747 846 3817 πρόσεστι
882 3749 1025 3820 μέγα
1056 3750 1088 3819 ἢ
1120 3751 1400 3823 ἐλάχιστον
1419 3754 1724 3827 γνώρισμα,

161 3835 222 3891 οὐ
251 3839 399 3908 μεῖον
430 3839 463 3909 ἢ
498 3840 547 3891 οί
595 3840 742 3909 θαμὰ
775 3841 833 3892 ἐν
865 3840 1015 3910 αὐτῷ
1045 3846 1378 3912 περιπάτους
1416 3850 1725 3919 ποιούμενοι

164 3927 252 3978 καὶ
299 3928 511 3982 ἅπαντα
559 3929 1000 3993 διασκοποῦντες.
1064 3933 1225 4014 Ἀλλά
1273 3936 1378 4007 γὰρ
1422 3939 1515 4007 ήδε
1555 3940 1653 4008 μὲν
1691 3942 1723 4010 ή

163 4018 382 4091 δευτέρα
403 4021 495 4074 τοῦ
520 4023 623 4074 νεὼ
650 4024 908 4095 ἐπισκευὴ
937 4025 1031 4078 καὶ
1057 4027 1355 4096 ἀνόρθωσις
1383 4032 1546 4103 ὀλίγῳ
1574 4034 1726 4086 ὓστε-

167 4130 254 4182 ρον
280 4114 457 4185 χρόνῳ
485 4115 851 4187 ἀπείργασται
881 4118 971 4170 καὶ
998 4117 1367 4192 ξυνετελέσθη.

230 4298 281 4345 ι’.
312 4292 397 4360 (Α.
421 4290 482 4347 C.
516 4290 637 4361 558)
676 4292 912 4345 Ἐκείνου
942 4293 997 4347 δὲ
1023 4292 1115 4347 τοῦ
1143 4295 1297 4357 ἔτους
1332 4296 1450 4365 ἅμα
1481 4292 1576 4367 ἦρι
1610 4300 1712 4369 ἁρ-

166 4383 371 4454 χομένῳ
399 4386 433 4453 ή
460 4384 729 4453 λοιμώδης
775 4384 931 4448 νόσος
978 4383 1134 4450 αὖθις
1174 4389 1239 4458 τῇ
1277 4387 1430 4441 πόλει
1480 4389 1724 4453 ἐνέπεσε,

167 4473 254 4525 καὶ
284 4474 455 4545 μυρία
480 4472 749 4543 διέφθειρε
785 4474 985 4546 πλήθη,
1022 4474 1229 4545 λήξασα
1270 4477 1369 4547 μὲν
1411 4479 1468 4542 ἐς
1499 4478 1560 4531 τὸ
1586 4496 1726 4533 παν-

166 4562 310 4627 τελὲς
337 4564 447 4617 οὐδ’
465 4565 788 4631 ὁπωστιοῦν,
828 4567 887 4633 ἐξ
917 4558 978 4619 οῦ
1012 4566 1076 4637 δὴ
1114 4567 1164 4599 ⁸³
1192 4570 1291 4639 τὴν
1338 4570 1532 4641 ἀρχὴν,
1583 4573 1727 4643 φημὶ

1834 2106 2168 2160 hexametris
2207 2106 2456 2160 versibus
2508 2102 2857 2172 conscripsit,
2896 2101 2985 2169 qui
3028 2100 3240 2168 quidem
3285 2098 3394 2167 pri—

1830 2198 2090 2253 miccrius
2118 2197 2389 2251 exsistens
2428 2196 2696 2265 regiorum
2742 2192 3162 2247 silentiariorum
3211 2202 3255 2240 et
3308 2207 3395 2257 gu-

1834 2278 2200 2357 neris'gloria
2248 2287 2467 2352 clarus,
2504 2284 2975 2352 amplissimasque
3029 2296 3056 2331 a
3100 2279 3395 2346 majoribus

1832 2378 1947 2433 suis
1997 2394 2124 2448 opes
2162 2380 2411 2446 adeptus,
2451 2377 2711 2429 doctrinae
2741 2385 2918 2428 tamen
2967 2372 3393 2440 eloqltmilimtuu

1832 2484 2082 2539 magnam
2122 2483 2341 2537 operam
2370 2465 2724 2533 impenderat,
2763 2463 2961 2532 quibus
2986 2473 3037 2515 et
3081 2478 3249 2527 magis
3282 2464 3393 2527 triu—

1834 2562 2080 2614 riahatur
2115 2571 2167 2614 et
2198 2558 2578 2613 decorabatur.
2615 2554 2845 2622 Scripsit
2886 2555 3069 2621 itaque
3098 2558 3257 2607 etiam
3296 2554 3395 2604 alia

1832 2654 2231 2721 quamplurima
2276 2661 2523 2721 poemata
2570 2655 2870 2701 memoratu
2913 2647 3074 2713 digna
3121 2656 3173 2697 et
3221 2646 3393 2696 laude.

1836 2743 2097 2797 Videntur
2132 2752 2312 2795 autem
2342 2740 2471 2793 mihi
2499 2755 2616 2809 quae
2645 2738 2712 2792 de
2743 2737 2943 2805 templo
2978 2736 3213 2803 scripsit,
3250 2743 3397 2787 tanto

1832 2835 2038 2905 majore
2065 2835 2326 2888 etlabore
2365 2844 2419 2887 et
2460 2831 2682 2887 scientia
2728 2828 2945 2889 referta,
2983 2836 3183 2895 quanto
3224 2836 3275 2877 et
3312 2843 3395 2875 ar-

1832 2941 2146 3001 gumentum
2172 2931 2349 3000 ipsum
2381 2939 2463 2984 est
2492 2926 2887 2981 admirabilius.
2914 2922 3226 2993 Comperics
3251 2920 3393 2982 enim

1832 3023 1886 3077 in
1930 3023 1997 3077 iis
2040 3022 2357 3077 universum
2414 3022 2549 3075 situs
2587 3020 2977 3087 conciunzeque
3025 3012 3394 3084 dispositionis

1832 3116 2078 3171 ordinem
2112 3124 2167 3169 et
2192 3114 2533 3169 metallorum
2578 3126 2798 3167 naturas
2839 3108 3192 3164 subtilissime
3220 3107 3398 3175 explo-

1832 3215 2015 3273 ratas;
2051 3206 2441 3261 vestibulorum
2488 3205 2649 3258 etiam
2699 3202 2881 3272 templi
2934 3202 3259 3269 elegantiam
3302 3214 3396 3268 pa-

1833 3298 1964 3351 riter
1992 3306 2046 3352 et
2083 3294 2393 3357 utilitatem,
2433 3295 2833 3363 magnitudines
2882 3307 3097 3361 quoque
3137 3301 3187 3344 et
3219 3291 3398 3343 altitu-

1830 3388 2004 3451 dines,
2036 3394 2301 3456 quotquot
2325 3386 2486 3439 etiam
2519 3394 2647 3439 sunt
2680 3385 2863 3453 figurae
2886 3383 2938 3435 in
2966 3381 3132 3434 altum
3158 3382 3393 3439 directze,

1830 3488 1885 3534 et
1910 3485 2180 3549 quotquot
2208 3474 2563 3539 orbiculares,
2598 3480 2863 3543 quotquot
2892 3473 3052 3526 etiam
3090 3470 3321 3539 pensiles
3345 3480 3397 3520 rt

1832 3577 2121 3640 protensze.
2175 3564 2508 3635 Cognoveris
2544 3580 2761 3633 quoque
2812 3577 2841 3616 c
2886 3560 3243 3621 carminibus,
3289 3576 3396 3627 quo

1834 3670 1992 3730 pacto
2019 3668 2243 3729 argento
2276 3658 2479 3727 pariter
2512 3667 2675 3727 atque
2710 3670 2844 3709 auro
2884 3654 3146 3709 sacratior
3173 3652 3321 3705 locus
3347 3662 3393 3700 et

1836 3753 2114 3823 mysteriis
2151 3751 2442 3821 separatim
2489 3750 2794 3803 destinatus
2826 3745 3301 3816 sumptuosissime
3331 3748 3401 3795 sit

1834 3850 2149 3905 exornatus,
2192 3850 2243 3893 et
2282 3841 2326 3893 si
2364 3841 2507 3907 quod
2554 3848 2638 3893 est
2679 3837 2822 3891 aliud
2869 3851 3122 3904 magnum
3168 3844 3259 3887 aut
3300 3834 3399 3884 mi-

1835 3932 2040 3985 nimum
2070 3937 2473 3993 ornamentum,
2494 3928 2869 3989 nihilominus,
2902 3941 3065 3995 quam
3089 3924 3179 3993 qui
3205 3924 3395 3976 crebro

1834 4024 1886 4076 in
1930 4019 2386 4081 eoobambulant
2427 4018 2716 4086 oumiaquc
2746 4016 3069 4085 inspectant.
3108 4015 3267 4083 Atqui
3310 4031 3398 4068 se-

1836 4113 2007 4169 cunda
2042 4115 2156 4168 haec
2186 4113 2369 4183 templi
2400 4110 2623 4166 refectio
2671 4121 2832 4179 atque
2878 4108 3199 4162 instauratio
3251 4108 3395 4161 brch

1834 4215 1954 4275 post
1984 4214 2225 4273 tempore
2254 4203 2501 4257 instituta
2536 4198 2881 4271 perfectaque
2908 4208 3008 4253 cst.

1908 4295 1992 4349 10.
2035 4294 2235 4347 Eodem
2263 4308 2393 4347 vero
2421 4308 2565 4347 anno
2601 4292 2784 4347 statim
2822 4291 3038 4344 ineunte
3070 4304 3192 4342 vere
3234 4290 3401 4358 pesti-

1833 4386 1995 4441 lentia
2027 4387 2223 4440 iterum
2287 4384 2479 4439 urbem
2527 4383 2744 4445 invasit,
2788 4388 2841 4435 et
2888 4379 3153 4433 intinitam
3216 4380 3397 4433 multi-

1835 4478 2078 4533 tudinem
2114 4478 2371 4536 sustulit;
2402 4491 2523 4545 qua:
2550 4474 2767 4544 quidem
2806 4487 3084 4541 nunquam
3120 4472 3283 4542 298
3306 4487 3399 4541 pe-

1833 4566 1982 4621 nitus
2029 4574 2304 4632 cessarat,
2358 4582 2424 4619 ex
2467 4578 2575 4633 quo
2621 4562 2887 4631 primum,
2942 4563 3085 4617 circa
3121 4565 3391 4632 quintum.

166 4653 226 4724 δὴ
251 4656 391 4707 κατά
410 4655 471 4708 τὸ
489 4656 737 4725 πέμπτον
758 4658 876 4721 ἔτος
897 4658 995 4727 τῆς
1030 4659 1407 4714 Ἰουστινιανοῦ
1427 4663 1723 4732 βασιλείας,

1832 4657 2089 4727 inquam,
2143 4656 2355 4728 imperii
2408 4654 2733 4709 Justiuianei
2772 4669 3001 4719 annum,
3051 4656 3104 4707 in
3151 4663 3393 4706 nostrum

167 4746 221 4798 ἐν
247 4746 313 4817 τῇ
344 4746 466 4799 καθ’
508 4747 654 4817 ἡμᾶς
701 4749 1029 4819 εἰσήρρησεν
1078 4751 1389 4824 οἰκουμένῃ.
1434 4756 1727 4813 Μεταόἄσα

1831 4749 2015 4802 orbem
2052 4744 2376 4817 irrepserat;
2409 4745 2720 4814 frequenter
2749 4760 2879 4800 vero
2924 4744 3030 4798 alio
3066 4759 3123 4797 se
3165 4740 3395 4795 transfe-

168 4836 219 4889 δὲ
244 4836 503 4901 πολλάκις
534 4839 739 4909 μεταξὺ
765 4840 952 4893 ἄλλοτε
1000 4841 1202 4907 ἄλλοθι,
1236 4843 1330 4896 καλ⁵
1362 4845 1526 4898 τόπον
1555 4848 1619 4901 ἐκ
1648 4849 1737 4903 τό·

168 4948 265 4984 που
294 4929 675 5002 λυμηναμένη,
710 4932 805 4984 καί
840 4933 1015 5007 ταύτῃ
1056 4936 1170 4998 τοῖς
1212 4935 1553 5006 λειπομένοις
1599 4941 1730 4993 ἀνα-

170 5021 344 5092 κωχῆς
376 5038 521 5085 τινος
558 5022 881 5092 μεταδοῦσα,
914 5024 1036 5078 τότε
1080 5025 1143 5096 δὴ
1176 5021 1269 5079 οῦν
1312 5028 1474 5080 πάλιν
1513 5030 1570 5092 ἐς
1594 5031 1655 5083 τὸ
1681 5031 1729 5063 ⁸⁸

171 5110 453 5178 Βυζάντιον
479 5115 771 5186 ἐπανῆκεν,
804 5110 1013 5186 ὥσπερ,
1045 5112 1218 5186 οἶμαι,
1258 5118 1317 5169 τὸ
1361 5118 1621 5190 πρότερον
1643 5121 1727 5186 ἐξ-

169 5205 510 5276 ηπατημένη,
548 5210 641 5259 καὶ
684 5206 875 5261 θᾶττον
910 5206 1080 5277 δήπου
1119 5208 1213 5261 τοῦ
1253 5209 1461 5271 δέοντος
1516 5210 1725 5265 ἐνθένδε

172 5296 555 5367 ἀπαλλαγεῖσα.
600 5300 909 5370 Ἔθνησκονι
930 5300 1217 5371 τοιγαροῦν
1242 5302 1421 5355 πολλοὶ
1450 5303 1496 5334 ⁸⁸
1538 5304 1729 5370 ἐξαπι-

172 5387 328 5453 ναίως
346 5389 597 5459 καθάπερ
625 5387 935 5461 ἀποπληξίᾳ
970 5392 1169 5464 ίσχυρᾷ
1186 5394 1230 5425 “
1261 5394 1479 5463 κάτοχοι
1501 5412 1729 5469 γεγενη-

1830 4856 1975 4904 rens,
2006 4850 2058 4895 et
2088 4841 2265 4894 locum
2300 4852 2330 4891 e
2388 4838 2507 4891 loco
2538 4836 2824 4905 infestans,
2872 4847 3036 4907 atque
3070 4835 3139 4888 ita
3170 4835 3394 4903 reliquis

1826 4931 1993 4985 veluti
2044 4929 2290 4985 inducias
2324 4927 2589 4997 quasdam
2641 4931 2979 4987 concedens,
3040 4933 3151 4978 tum
3208 4940 3395 4977 rursus

1835 5026 2152 5097 Byzantium
2182 5024 2361 5086 rediit,
2390 5022 2555 5077 veluti
2596 5032 2774 5088 antea,
2812 5020 2886 5073 uti
2922 5018 3264 5081 crediderim,
3302 5019 3397 5070 de—

1836 5129 2006 5188 cepta,
2056 5132 2283 5186 qureque
2321 5116 2514 5182 citius,
2567 5132 2729 5187 quam
2768 5111 3077 5182 oportebat,
3130 5111 3252 5163 inde
3298 5112 3398 5164 mi-

1836 5219 2059 5281 grasset.
2114 5208 2311 5263 Μοτιυί
2362 5208 2543 5279 itaque
2598 5218 2725 5265 sunt
2774 5215 2996 5274 repente
3038 5204 3200 5257 veluti
3247 5206 3393 5273 gravi

1835 5303 2066 5373 quadam
2099 5300 2378 5371 apoplexia
2401 5301 2653 5371 correpti.
2690 5298 2790 5364 Qui
2820 5311 2946 5350 vero
2970 5296 3258 5365 plurimum
3285 5296 3389 5347 vim

1841 5395 2011 5467 morbi
2044 5391 2407 5457 sustinebant,
2436 5393 2577 5447 ultra
2609 5391 2856 5461 quintum
2898 5388 3037 5443 diem
3070 5404 3178 5443 non
3210 5400 3393 5454 super-

1440 5596 1673 5655 VARLE
1712 5597 2112 5656 LECTIONES.

268 5754 709 5833 fietqﬁsoﬁy‘tq)
881 5758 947 5833 f'
982 5722 1439 5833 na_v6‘tepo;i1et
1460 5764 1605 5833 vulg.
1632 5762 1827 5833 issem.
1861 5758 1971 5833 Β.Δ
2028 5760 2072 5833 ³ῗ¹
2112 5754 2475 5833 περισσομένη
2505 5752 2567 5806 Π.
2609 5751 2689 5833 In"
2714 5748 3302 5833 ΞοῦηψξιςΚύροξιελάιΙσ
3333 5766 3397 5833 (δέ

180 5818 444 5902 Βρλὸροξ)
553 5818 724 5902 Φόρου
750 5828 916 5902 Lugd.
937 5837 999 5902 et
1017 5831 1103 5882 ed.
1141 5818 1223 5901 pr'.
1272 5818 1343 5902 τέο
1372 5835 1481 5902 τοῖς
1518 5818 1663 5902 ἀμφὶ
1688 5831 1751 5895 Β,
1778 5833 1887 5902 τοῖς
1912 5829 2012 5902 τῆς
2044 5818 2354 5902 ἀμφὶίνιιίςςί
2378 5896 2387 5902 Α
2427 5818 2476 5902 ⁸¹ξ
2503 5822 2695 5902 ,παιδίξιὶ
2714 5822 2775 5874 Β·
2836 5821 2903 5902 β’,
2934 5818 2988 5870 δέ
3024 5836 3111 5885 μοι
3146 5819 3208 5879 Ph
3244 5820 3403 5902 μοξδὲ

182 5897 315 5973 y_ul_g.
388 5897 434 5973 δέ
458 5897 523 5968 δὴ
544 5897 654 5953 om.
693 5898 768 5973 R._
835 5899 880 5973 δξ
909 5897 1069 5951 πάλιν
1090 5897 1160 5973 ξς
1198 5919 1247 5956 τ.
1280 5900 1340 5957 Β.
1377 5900 1465 5972 R.,
1490 5897 1624 5966 ἐςτζ
1657 5902 1717 5955 Β.
1758 5901 1883 5957 πάλ.
1921 5897 2063 5973 vulg.

180 5963 222 5997 ⁸⁸
252 5963 436 6041 ἰσχυρᾷ
464 5963 532 6009 -ἑ
564 5969 913 6039 παραπλησία
945 5984 1052 6024 om.
1090 5968 1155 6024 Β.

2142 5882 2184 5932 ίδ
2219 5882 2399 5951 πολλοὶ
2415 5894 2537 5950 add.
2563 5910 2627 5950 ex
2657 5882 2723 5947 Κ.
2752 5902 2804 5947 et
2834 5890 2992 5959 intpr.
3025 5882 3185 5956 quam
3222 5882 3399 5945 multi.
