4042 6334
593 443 729 509 1563

1773 444 1865 505 AG
1875 440 2125 504 ATHL‘E
2165 439 2645 501 SCHOLASTICI

3618 439 3822 505 -1564

586 553 876 608 admodum
902 562 955 608 et
981 552 1172 608 fertilis
1197 552 1466 623 rebusque
1494 553 1815 608 necessariis
1847 551 2151 607 abundans.

2265 548 2490 620 δένδρων
2515 548 2770 602 ποικίλων
2799 547 2965 618 ἑσμὸς
2985 550 3078 603 καὶ
3109 549 3341 622 ῥείθρων
3363 549 3619 622 ποτίμων
3650 552 3718 617 τί,
3752 555 3820 624 γῆ

588 643 741 697 Talia
771 643 933 714 igitur
955 643 1210 713 oppidula
1235 653 1288 697 et
1317 659 1508 714 agrum
1545 644 1942 712 amplissimum
1971 657 2158 695 murus

589 734 678 788 ille
723 735 861 787 intra
908 751 967 788 se
1011 734 1424 801 complectitur,
1478 734 1550 787 ita
1603 744 1657 788 ut
1715 749 1820 786 non
1873 733 2044 785 facilis
2090 733 2159 785 sit

590 825 836 881 hostibus
873 827 938 879 ad
971 838 1032 880 ea
1067 828 1262 880 aditus.
1293 825 1430 878 Tum
1467 829 1647 895 itaque
1695 825 1970 893 Zabergan
2019 824 2158 875 bona

588 932 682 985 spe
705 919 880 971 elatus
904 959 918 980 ,
957 918 1007 969 id
1042 934 1223 972 secum
1262 919 1563 986 reputabat,
1601 919 1643 970 si
1686 934 1840 970 muro
1879 916 2061 968 diruto
2095 914 2159 967 ad

589 1007 846 1061 interiora
885 1008 995 1059 loca
1047 1018 1422 1076 penetrasset,
1471 1007 1680 1060 facilius
1720 1023 1777 1060 se
1810 1008 1972 1058 etiam
2015 1019 2161 1060 mare

590 1098 644 1152 in
678 1109 994 1168 potestatem
1029 1101 1392 1153 redacturum.
1443 1099 1594 1152 llliuc
1639 1100 1800 1151 rtiam
1851 1098 2014 1152 veluti
2070 1113 2159 1166 per

589 1192 859 1246 somnium
885 1194 1280 1262 imaginabatur
1311 1192 1525 1244 navium
1558 1192 1659 1245 sibi
1691 1193 1899 1259 copiam
1935 1206 2038 1242 non
2070 1194 2162 1242 de-

589 1281 858 1350 futuram;
887 1286 1141 1353 quodque
1165 1285 1437 1353 trajiceret
1463 1286 1516 1336 in
1544 1287 1755 1344 As‘am,
1783 1282 1978 1337 fretum
2005 1287 2163 1336 intrr-

591 1376 828 1429 medium
860 1375 1308 1445 angustissimum
1342 1391 1436 1442 per
1463 1391 1519 1428 se
1543 1370 1702 1444 303
1731 1377 1994 1429 exsisteus
2014 1414 2030 1436 ,
2064 1389 2160 1427 ne-

588 1476 696 1530 que
745 1463 951 1530 asperis
993 1461 1247 1515 ﬂuetibus
1292 1463 1561 1516 sulcatum
1611 1465 1863 1517 lacillime
1907 1471 2159 1516 transua-

590 1555 807 1623 vigans,
833 1555 1087 1623 quodque
1113 1555 1293 1608 statim
1328 1555 1576 1622 Abydum
1607 1555 1906 1616 infestaret,
1935 1567 1988 1608 et
2016 1555 2161 1622 quod

591 1644 646 1698 in
669 1660 731 1699 ea
753 1655 871 1699 erat
893 1645 1245 1699 decimarium
1273 1649 1579 1716 portorium
1602 1657 1855 1699 vastaret.
1884 1645 1976 1699 llis
2003 1647 2162 1713 igitur

590 1735 895 1788 temerariis
928 1735 1170 1789 consiliis
1211 1736 1503 1799 incitatus,
1546 1738 1841 1788 exercitum
1893 1737 1943 1788 in
1990 1736 2163 1790 Cher-

588 1840 847 1879 sonesum
901 1826 1094 1892 misit,
1140 1837 1405 1896 quantum
1457 1829 1504 1880 ei
1561 1829 1774 1897 negotio
1827 1829 2162 1882 conﬁciendo

2259 657 2316 693 τε
2348 638 2579 710 εὐαρδὴς
2609 640 2748 707 ἄγαν
2774 641 2870 693 καὶ
2901 641 3203 712 κάρπιμος,
3237 643 3341 694 κάν
3364 645 3479 704 τοῖς
3505 643 3818 711 ἀναγκαίοις

2257 734 2643 804 διαρκεστάτη.
2671 735 2922 788 Τοσαῦτα
2952 735 3058 806 ἄρα
3079 734 3389 804 πολίσματα
3415 737 3515 790 καὶ
3539 735 3726 808 χώραν
3751 739 3821 801 ὡς

2259 824 2520 896 πλείστην
2559 826 2705 879 ἔνδον
2730 826 3166 892 ἐναπολαμῆάνει
3199 828 3260 878 τὸ
3294 827 3496 897 ἔρυμα,
3532 829 3608 892 ὡς
3636 829 3710 899 μὴ
3735 847 3821 882 πο-

2259 911 2467 983 λεμίοις
2484 913 2712 980 εὐέφοδα
2735 911 2892 967 εἶναι.
2917 915 3049 968 Τότε
3065 913 3128 985 δὴ
3155 912 3246 968 οὖν
3285 918 3312 966 ὁ
3337 918 3383 946 τ’
3424 917 3711 987 Ζαϐεργὰν
3735 921 3819 972 εύο

2260 1003 2569 1074 ωχούμενος
2604 1004 2650 1035 ⁷³
2678 1004 2784 1056 τῶν
2818 1006 3072 1065 ἐλπίδων.
3109 1007 3361 1059 διενοεῖτο
3390 1012 3512 1061 καθ’
3542 1010 3724 1072 αὑτὸν,
3754 1010 3822 1073 ὡς

2261 1093 2344 1167 [Ρ.
2376 1096 2499 1166 156)
2531 1099 2644 1164 εἴγε
2675 1097 2736 1149 τὸ
2766 1099 2944 1166 τεῖχος
2970 1097 3210 1160 καθέλοι,
3247 1100 3341 1150 καὶ
3368 1103 3483 1162 τοῖς
3522 1099 3665 1152 ἔνδον
3705 1102 3822 1170 όμιο

2260 1188 2414 1258 λήσει
2451 1190 2497 1221 ⁷³
2525 1189 2764 1258 χωρίοις,
2795 1188 3080 1255 δυνήσεται
3130 1192 3326 1242 θᾶττον
3372 1191 3465 1242 καὶ
3501 1189 3603 1258 τῆς
3628 1190 3820 1245 θαλάτ-

2260 1297 2360 1347 της
2387 1281 2695 1351 κρατῆσαι·
2728 1279 2980 1333 ἐντεῦθέν
3008 1299 3067 1334 τε
3095 1281 3456 1353 ὠνειροπόλει
3505 1283 3651 1352 νηῶν
3681 1285 3824 1354 αὐτῷ

2262 1373 2600 1441 παρέσεσθαι
2666 1373 2895 1446 πλῇθος,
2940 1373 3036 1426 καὶ
3087 1374 3168 1426 δτι
3201 1374 3520 1443 διαϐήσεται
3566 1374 3704 1427 κατά
3733 1375 3825 1446 τὴν

2275 1466 2478 1530 Ἀσίαν,
2507 1466 2597 1518 τὸν
2623 1464 2824 1532 μεταξὺ
2852 1465 3018 1536 πόρον
3041 1464 3378 1517 στενώτατον
3419 1466 3464 1496 ⁷⁸
3491 1467 3619 1520 ὅντα
3649 1467 3743 1519 καὶ
3766 1469 3824 1519 οὐ

2265 1555 2409 1626 μάλα
2433 1557 2624 1624 τραχεῖ
2650 1556 2852 1621 κύματι
2889 1553 3299 1623 χαρασσόμενον
3345 1553 3692 1606 εύκολώτατα
3719 1552 3826 1607 δια-

2267 1645 2523 1710 πλεύσας,
2554 1645 2648 1698 καὶ
2669 1645 2744 1708 ὡς
2772 1645 2936 1708 εὐθὺς
2966 1645 3065 1716 τὴν
3095 1644 3328 1697 Ἀδυδον
3364 1643 3702 1714 λυμανεῖται,
3737 1645 3827 1698 καὶ

2261 1739 2323 1790 τὸ
2346 1741 2404 1790 ὲν
2429 1738 2565 1806 αὐτῇ
2625 1736 2892 1805 πορθήσει
2934 1733 3368 1804 δεκατευτήριον.
3401 1735 3627 1798 Τούτοις
3655 1735 3718 1805 δὴ
3738 1734 3829 1788 οὖν

2268 1830 2444 1899 μάτην
2467 1831 2583 1889 τοῖς
2614 1827 2978 1897 βουλεύμασιν
3015 1827 3455 1898 ὲξηρεθισμὲνος,
3505 1827 3712 1882 ἔστειλε
3744 1828 3855 1881 55-.

586 1931 772 1985 parem
816 1917 930 1969 fore
971 1919 1356 1981 existimabat,
1409 1918 1522 1988 ipse
1575 1935 1700 1972 vero
1740 1935 1862 1973 eum
1915 1920 2156 1991 equitum

2265 1893 2430 1987 ναμιν
2458 1918 2560 1970 ἀνὰ
2744 1893 3131 1989 Χερρόνησονζ
3156 1893 3361 1989 ὁπόσην
3412 1919 3747 1990 ἀποχρήσειν
3775 1922 3830 1983 ἐς

590 2008 826 2062 millibus
874 2019 1076 2077 septem
1127 2020 1271 2064 rei-ta
1317 2012 1846 2079 Constantinopolim
1896 2026 2156 2081 pergens,

586 2108 640 2153 et
683 2115 844 2170 agros
877 2103 1154 2168 vastabat,
1192 2116 1246 2156 et
1279 2104 1532 2171 oppidula
1561 2105 1800 2157 tentabal
1824 2146 1837 2168 ,
1867 2104 2160 2172 omniaque

585 2190 788 2259 passim
829 2194 1081 2245 movebat
1112 2205 1167 2246 ct
1204 2194 1574 2261 perturbabat.
1609 2194 1784 2248 Causa
1830 2210 1954 2248 vero
2000 2196 2161 2263 hujus

585 2282 945 2352 expeditionis
979 2295 1141 2353 atque
1178 2286 1416 2341 insultus
1459 2288 1738 2355 potissima
1772 2289 2161 2358 verissimaquc

585 2385 704 2430 erat
738 2375 1021 2430 barbarica
1048 2377 1322 2442 violentia,
1366 2391 1418 2434 et
1445 2381 1565 2448 plus
1595 2381 1824 2434 habendi
1853 2382 2119 2447 cupiditas
2140 2422 2156 2445 .

587 2467 672 2520 cui
708 2478 885 2521 tamen
917 2478 1234 2536 praetextum
1273 2471 1584 2525 hostilitatis
1614 2473 1874 2526 adversus
1903 2470 2158 2541 Utiguros
2206 2519 2210 2521 .

586 2553 932 2607 obtendebat.
979 2554 1305 2612 Sandicblus
1344 2561 1488 2612 enim
1533 2560 1751 2628 quidam
1794 2560 2045 2625 nomine,
2077 2564 2160 2616 vir

587 2643 839 2711 lluunus,
866 2649 1042 2717 gentis
1071 2648 1215 2701 illius
1244 2649 1352 2704 dux
1383 2660 1528 2715 erat,
1575 2653 1870 2707 benevolus
1895 2665 2072 2707 tamen
2102 2655 2156 2708 iu

585 2734 777 2804 primis
811 2747 864 2789 et
900 2737 1193 2794 funleratus
1235 2737 1518 2793 Romanis.
1556 2740 1823 2805 Quocirca
1868 2744 2159 2810 imperator

587 2826 764 2892 ipsum
807 2826 1172 2880 benevolentia
1232 2839 1285 2882 et
1340 2829 1546 2882 honore
1599 2832 2068 2900 prosequebatur,
2106 2841 2162 2888 et

586 2917 888 2986 frequentia
932 2918 999 2971 ad
1044 2935 1168 2971 eum
1207 2919 1345 2972 dona
1379 2921 1645 2975 mittebat.
1691 2921 1964 2992 Cotriguri
1997 2937 2157 2989 vero,

588 3017 774 3078 utpote
807 3009 1070 3063 similium
1099 3022 1349 3079 expertes
1371 3051 1386 3074 ,
1439 3013 1531 3066 sed
1579 3016 1802 3069 omnino
1835 3018 2071 3086 despecti
2107 3025 2160 3073 et

587 3098 877 3153 manifesto
909 3111 1220 3169 contemptu
1267 3102 1540 3170 provocati
1570 3144 1583 3166 ,
1629 3104 1768 3157 lianc
1802 3105 1905 3159 sibi
1938 3107 2160 3175 expedi-

587 3188 789 3242 tionem
835 3189 1235 3258 suscipiendam
1282 3201 1650 3268 censuerunt,
1687 3200 1746 3246 ut
1781 3203 1834 3248 et
1866 3195 1966 3265 ipsi
2005 3197 2161 3251 terri-

2267 2007 2382 2059 τόδε
2408 2006 2468 2059 τὸ
2496 2005 2654 2076 ἔργον
2700 2006 2884 2076 ἠγεῖτο
2909 2024 2921 2036 ·
2963 2007 3124 2068 αὐτὸς
3161 2006 3217 2058 δὲ
3262 2006 3362 2058 σὺν
3405 2005 3830 2075 ἑπτακισχιλίοις

2269 2096 2528 2160 ἱππόταις
2560 2096 2643 2150 ἰθὺ
2665 2097 2767 2166 τῆς
2791 2095 3422 2157 Κωνσταντινουπόλεως
3449 2096 3495 2127 ⁷⁸
3531 2097 3827 2164 πορευόμε-

2267 2205 2377 2253 νος,
2399 2188 2527 2252 τούς
2550 2205 2610 2241 τε
2632 2189 2838 2258 ἀγροὺς
2868 2188 3046 2258 ἐδῄου,
3072 2187 3292 2240 καὶτῶν
3316 2187 3667 2256 πολισμάτων
3688 2189 3829 2238 ἐπει-

2269 2281 2418 2352 paro,
2445 2281 2540 2332 καλ⁵
2569 2279 2783 2332 ἅπαντα
2842 2278 3012 2331 ἐκίνει
3039 2277 3206 2348 χύδην
3257 2276 3351 2329 καὶ
3412 2275 3825 2346 ξυνετάραττεν.

2264 2372 2422 2426 Αίτία
2475 2371 2531 2424 δὲ
2573 2367 2641 2442 ἦν
2685 2371 2787 2439 τῆς
2830 2369 3021 2438 ἐφόδου
3059 2369 3136 2439 τῷ
3181 2368 3279 2439 μὲν
3313 2369 3668 2438 ἀληθεστάτῳ
3693 2366 3828 2438 λόγῳ

2264 2463 2446 2517 ἀδικία
2473 2462 2779 2534 βαρϐαρικὴ
2815 2462 2910 2514 καὶ
2939 2460 3252 2524 πλεονεξίας
3298 2459 3586 2528 ἐπιθυμία.
3623 2458 3824 2528 Σκῆψιν

2264 2551 2322 2604 δὲ
2376 2552 2525 2620 ὅμως
2581 2553 2704 2603 τινὰ
2769 2549 2862 2603 καὶ
2910 2549 3283 2621 προκάλυμμα
3309 2549 3550 2600 ἐποιεῖτο
3577 2547 3677 2618 τὴν
3700 2547 3828 2617 πρὸς

2263 2643 2389 2705 τοὺς
2413 2641 2791 2710 Ὀύτιγούρους
2818 2641 3141 2710 δυσμένειαν
3165 2657 3179 2669 ’
3216 2637 3503 2709 Σάνδιχλος
3524 2639 3569 2670 ⁷⁷
3593 2639 3702 2708 γάρ
3736 2653 3816 2700 τις

2262 2735 2435 2804 ὄνομα
2465 2732 2664 2796 Ούννος
2694 2733 2832 2804 ἀνὴρ
2863 2735 3048 2802 ἡγεῖτο
3089 2733 3188 2801 μὲν
3237 2733 3447 2786 ἐκείνου
3484 2730 3579 2785 τοῦ
3615 2730 3822 2799 γένους,

2265 2827 2452 2891 εὔνους
2474 2827 2530 2879 δὲ
2553 2827 2611 2890 ἐς
2637 2826 2708 2878 τὰ
2737 2826 2972 2894 μάλιστα
2990 2825 3084 2878 καὶ
3112 2824 3401 2885 ἔνσπονδος
3425 2823 3676 2893 ὑπῆρχεν
3703 2822 3830 2873 Ῥω-

2270 2919 2471 2988 μαίοις.
2515 2918 2809 2987 Τοιγάρτοι
2861 2917 3114 2988 βασιλεὺς
3169 2917 3396 2986 ἐστεργέ
3449 2933 3509 2967 τε
3550 2916 3711 2968 αὑτὸν
3742 2913 3830 2966 καὶ

2265 3007 2542 3078 ἐγέραιρε,
2597 3009 2688 3061 καὶ
2743 3006 2932 3078 δώροις
2988 3007 3139 3074 θαμὰ
3195 3007 3620 3075 ἐφιλοφρονεῖτο.
3674 3005 3736 3058 Οἱ
3776 3003 3829 3056 δὲ

2265 3100 2624 3170 Κοτρίγουροι
2653 3098 2746 3151 ac:
2777 3098 2842 3168 δὴ
2873 3098 2934 3150 ού
2958 3098 3065 3150 τῶν
3103 3098 3306 3166 ὁμοίων
3327 3098 3671 3166 μετέχοντες,
3700 3093 3829 3148 ἀλλὰ

2269 3189 2583 3244 παντάπασι
2637 3189 3098 3259 περιφρονημένοι
3139 3188 3235 3241 καὶ
3281 3185 3598 3256 περιφανῶς
3625 3201 3830 3256 προπη-

590 3280 725 3336 biles
755 3280 1011 3350 dignique
1032 3320 1046 3344 ,
1099 3298 1332 3349 quorum
1370 3284 1508 3337 ratio
1537 3283 1830 3339 haberetur
1854 3326 1869 3349 .
1912 3288 2160 3343 videren-

2265 3283 2630 3352 λακιζόμενοι,
2675 3281 2831 3351 τήνδε
2861 3280 3135 3334 ποιεῖσθαι
3179 3281 3279 3351 τὴν
3321 3281 3682 3348 ἐκστρατείαν
3725 3278 3831 3349 ᾠή-

592 3381 720 3438 tur,
771 3388 835 3427 ac
867 3373 1004 3428 tales
1031 3413 1045 3438 ,
1092 3375 1184 3442 qui
1229 3377 1700 3445 eoutemptoribns
1726 3393 1844 3431 non
1895 3379 2158 3434 concede-

589 3472 731 3518 rent.

662 3645 750 3712 15.
784 3644 849 3699 Hi
877 3645 1078 3715 itaque.
1104 3661 1227 3710 cum
1259 3661 1418 3700 nemo
1443 3645 1576 3716 ipsis
1603 3647 1894 3703 obsisteret
1920 3661 2012 3703 aut
2041 3666 2166 3719 pro-

589 3736 905 3805 pulsaturus
936 3737 1150 3790 obviam
1184 3738 1283 3790 iret
1308 3775 1324 3799 .
1365 3739 1623 3792 atrociter
1669 3741 2036 3809 populabundi
2080 3759 2164 3796 re-

591 3829 805 3899 gionem
839 3840 1144 3893 vastarunt,
1180 3830 1382 3900 iungenti
1408 3833 1586 3902 praeda
1620 3833 1963 3903 maximaque
1995 3837 2165 3904 capti-

590 3938 782 3976 vorum
817 3923 1158 3978 multitudine
1179 3927 1431 3989 abducta,
1459 3927 1512 3978 in
1544 3927 1743 3996 quibus
1777 3928 1937 3980 etiam
1971 3929 2166 3980 mulie-

592 4028 680 4069 res
721 4009 883 4084 305
921 4017 1102 4069 multae
1147 4017 1357 4070 nobiles
1393 4026 1445 4071 et
1480 4028 1686 4073 castam
1716 4020 1882 4100 vitam
1911 4019 2166 4088 degentes

594 4109 970 4165 crudelissime
997 4110 1366 4180 rapiebantur,
1405 4112 1546 4164 malo
1572 4115 1814 4167 omnium
1843 4115 2167 4178 gravissimo

592 4202 873 4267 obnoxiae,
917 4202 1060 4272 quod
1119 4202 1492 4256 immoderata:
1538 4204 1893 4258 barbarorum
1956 4207 2165 4262 libidini

2266 3375 2438 3444 θησαν
2467 3375 2684 3442 χρῆναι,
2713 3374 2787 3435 ὡς
2811 3373 2876 3427 ἂν
2904 3373 3010 3426 καλ.¹
3032 3373 3376 3444 αὑτοὶιδῆθεν
3410 3371 3634 3444 φοϐεροί
3661 3389 3720 3425 τε
3743 3370 3833 3424 καὶ

2264 3465 2424 3533 λόγου
2461 3451 2599 3528 ἆξιοι
2626 3464 3017 3533 άποδειχθείεν,
3039 3465 3134 3517 καὶ
3161 3458 3264 3518 οἷοι
3291 3465 3366 3536 μὴ
3391 3465 3606 3534 ἐφιέναι
3627 3462 3703 3533 τῷ
3722 3463 3834 3515 ἀτι-

2269 3560 2516 3630 μάςοντι.

2341 3670 2425 3734 ιγ’.
2461 3664 2567 3717 Καὶ
2615 3663 2816 3729 τοίνυν,
2847 3662 3001 3716 οὐδὲν
3035 3663 3145 3734 γὰρ
3170 3663 3350 3716 ὁτιοῦν
3386 3664 3574 3726 αὐτοῖς
3605 3663 3827 3716 ἀντίπα-

2265 3758 2355 3811 λον
2390 3757 2645 3827 ἐμποδὼν
2678 3757 2925 3824 εἱστήκει
2971 3756 3092 3808 οὐδὲ
3135 3747 3459 3824 ὑπηντίαζε,
3496 3757 3826 3826 κατέτρεχον

2267 3851 2496 3917 ἀφειδῶς
2527 3850 2620 3902 καὶ
2651 3848 2975 3917 ἐλεηλάτουν
3013 3847 3344 3919 τὴννχὼραν,
3387 3847 3537 3900 λείαν
3581 3865 3643 3901 τε
3677 3847 3830 3916 ἄφθο-

2267 3956 2356 3992 νον
2405 3937 2876 4008 περιϐαλλόμενοι,
2943 3937 3036 3989 καὶ
3077 3934 3442 4006 αἰχμαλώτων
3492 3935 3830 4006 ἀθροίζοντες

2270 4029 2448 4101 πλήθη
2472 4046 2484 4060 ·
2521 4030 2579 4081 ἐν
2612 4031 2723 4092 τοῖς
2749 4027 2947 4098 γύναια
2982 4026 3155 4081 πολλὰ
3183 4027 3291 4079 τῶν
3319 4023 3379 4081 εὖ
3424 4030 3725 4096 γεγονότων
3744 4026 3828 4081 καὶ

2271 4121 2519 4193 σώφρονα
2571 4123 2781 4176 δίαιταν
2833 4120 3127 4194 ᾑρημένων
3171 4119 3432 4190 (τιμότατα
3475 4121 3694 4192 ἤγοντο,
3742 4119 3829 4173 καὶ

2270 4201 2552 4287 συμφορὰν
2581 4216 2770 4268 πασῶν
2805 4215 3026 4285 μείζονα
3061 4212 3407 4283 ἐδυστύχουν,
3437 4215 3516 4276 είς
3548 4195 3828 4273 ἇκολασίας

593 4294 858 4351 inservire
913 4295 1285 4363 cogebantur;
1338 4299 1630 4354 nonnullas
1677 4314 1838 4363 vero,
1887 4316 2009 4368 quae
2052 4300 2162 4370 jam

2269 4310 2538 4381 ἀμετρίαν
2568 4309 2613 4339 ⁷⁸
2646 4308 2942 4378 ὑπηρετεῖν
2970 4305 3396 4378 ἀναγκαζόμενα
3417 4322 3430 4335 ·
3451 4305 3595 4358 ἔνιαι
3648 4305 3703 4358 δὲ
3742 4303 3829 4356 καὶ

593 4386 720 4443 inde
747 4402 777 4442 a
815 4387 996 4458 pueris
1029 4398 1083 4442 et
1129 4391 1334 4458 nuptiis
1369 4399 1425 4445 et
1463 4393 1756 4468 mundanis
1783 4392 2066 4449 desideriis
2110 4401 2162 4447 et

2265 4402 2624 4474 ἀπειρηκυίαι
2653 4400 2756 4470 ἥδη
2790 4403 2855 4453 ὲκ
2906 4400 3113 4453 παίδων
3151 4400 3352 4469 γάμοις
3388 4415 3450 4450 τε
3489 4399 3587 4450 καὶ
3619 4396 3824 4467 φιλοκο-

592 4480 1334 4552 curisoccupationibusque
1388 4483 1552 4554 hujus
1592 4485 1714 4540 vita:
1757 4487 2162 4550 renuntiarant,

2272 4493 2408 4564 σμίᾳ.
2431 4494 2523 4545 καὶ
2551 4489 2726 4563 ταύτῃ
2755 4489 2820 4560 δὴ
2845 4491 2911 4561 τῇ
2941 4488 3071 4560 περὶ
3111 4490 3204 4542 τὸν
3240 4488 3353 4558 βίον
3393 4487 3707 4559 ἀναστροφῇ
3744 4485 3827 4540 καὶ

592 4582 649 4628 et
701 4573 756 4627 in
797 4584 1004 4629 remota
1050 4575 1230 4644 aliqua
1273 4574 1572 4646 divinoque
1624 4579 1792 4633 cultui
1840 4578 2016 4632 dicata
2071 4580 2162 4634 do-

2269 4585 2475 4657 όμιλίᾳ,
2505 4582 3014 4657 ὲν-άποκεκριμὲνῳ
3030 4581 3196 4634 "civi
3220 4581 3315 4635 καὶ
3342 4583 3408 4652 τῇ
3441 4580 3580 4652 πρὸς
3604 4580 3667 4634 τὸ
3698 4580 3828 4633 θεῖον

594 4667 849 4722 muncula
874 4666 1290 4730 delitescebant',
1331 4669 1554 4724 liberam
1582 4671 1738 4741 plane
1781 4680 1834 4727 et
1870 4670 2162 4727 immunem

2274 4678 2480 4749 ἱκετείᾳ
2515 4679 2846 4748 προσήκοντι
2873 4675 3286 4748 ὑπεκρύπτοντο
3317 4673 3597 4745 δωματίῳ,
3619 4673 3679 4726 τὸ
3711 4673 3825 4741 ἀμι-

594 4760 667 4816 ab
719 4761 869 4815 omni
922 4761 1165 4816 virorum
1234 4764 1592 4819 contubernio
1647 4765 2166 4833 reonsuetudineque

542 4897 544 4899 ,
595 4854 764 4909 vitam
797 4869 1010 4910 summo
1033 4854 1212 4910 studio
1242 4856 1483 4912 colentes
1517 4874 1532 4911 :
1566 4858 1726 4912 etiam
1759 4860 1808 4912 bi
1851 4858 2023 4933 sacris
2053 4858 2164 4911 vir-

595 4947 781 5017 ginum
842 4947 1106 5002 cmuobiis
1158 4959 1372 5017 ereptas
1419 4950 1746 5005 contumelia
1805 4951 2115 5005 afﬁciebant
2147 4988 2163 5012 ,

597 5038 828 5106 turpiter
849 5052 942 5093 eas
971 5053 1064 5108 per
1087 5041 1192 5094 vim
1213 5048 1651 5110 constuprantes.
1692 5042 1826 5096 Alia:
1863 5059 1990 5098 vero
2022 5043 2164 5096 mul-

598 5138 668 5182 ιω
700 5142 822 5196 quae
849 5141 880 5182 a
915 5130 1308 5185 consuetudine
1333 5130 1573 5186 virorum
1613 5138 1951 5203 nequaquam
1972 5134 2168 5188 abhor-

599 5225 854 5285 ruerant,
876 5220 1178 5291 etgravidaa
1195 5230 1308 5276 tum
1345 5223 1602 5292 temporis
1631 5225 1980 5295 rapiebantur
1999 5266 2013 5291 ,
2043 5239 2165 5282 cum

2269 4769 2366 4838 γές
2394 4787 2452 4822 τε
2479 4771 2574 4822 καὶ
2605 4767 2888 4838 ἐλεύθερον
2941 4767 3032 4822 καὶ
3085 4768 3434 4822 παντάπασιν
3471 4762 3822 4832 ἀκοινώνητον

2266 4861 2365 4930 τῆς
2401 4861 2518 4931 μετ’
2545 4857 2752 4930 ἀνδρῶν
2780 4856 3065 4921 συνουσίας
3114 4859 3245 4929 περὶ
3282 4857 3536 4911 πλείστου
3579 4855 3824 4924 ποιούμε-

2269 4971 2377 5014 ναι,
2417 4953 2512 5006 καὶ
2543 4952 2687 5023 μόνῳ
2736 4951 2816 5022 τῷ
2864 4937 3095 5023 ὴ’ρεμεῖν
3135 4951 3420 5027 ἀνειμέναι
3461 4949 3529 5003 ³ο.
3562 4951 3623 5004 Οἱ
3651 4949 3706 5002 δὲ
3743 4946 3828 5000 καὶ

2267 5042 2325 5103 ἐς
2363 5041 2565 5104 ταύτας
2589 5038 2890 5108 ἐξύϐριζον
2925 5038 3317 5109 ἀφαιρούμενοι
3366 5036 3464 5090 τοῦ
3501 5035 3650 5108 ἱεροῦ
3696 5052 3825 5105 παρ-

2268 5132 2513 5198 θενῶνος,
2550 5132 2645 5185 καὶ
2669 5130 2935 5201 ἀπρεπῶς
2981 5121 3193 5192 αὑταῖς
3221 5128 3357 5199 πρὸς
3387 5130 3512 5200 βίαν
3547 5127 3824 5196 ξυγκαλιν-

2269 5224 2516 5295 δούμενοι
2539 5226 2581 5257 ⁸⁸
2611 5239 2626 5256 ο
2678 5222 2833 5279 ἄλλαι
2862 5222 2919 5275 δὲ
2953 5221 3281 5275 πολλαὶτῶν
3323 5223 3550 5296 άρῤεσιν
3592 5220 3649 5282 ὲς
3674 5215 3828 5272 ταυτδ

1881 5446 2119 5503 VARUE
2166 5443 2568 5503 LECTIONES.

671 5657 716 5691 '”
743 5657 1023 5725 ποταμίων
1062 5656 1130 5710 Β.
1205 5656 1251 5687 τ’
1277 5656 1428 5710 dom.
1454 5655 1518 5708 Β.
1594 5651 2188 5725 ⁷³ευωχούμενος-(ξοιτ.
2221 5649 2328 5725 CL,
2363 5658 2528 5725 m_t_p_t:.
2563 5663 2650 5718 ape
2683 5647 2815 5725 bona
2842 5644 3110 5725 depastus,
3140 5633 3828 5725 §_6sxo§yeav’0€.n.‘émmé_'

605 5745 765 5828 μενος
795 5728 939 5828 νιῌβ.
1050 5730 1095 5761 ⁷⁵
1133 5726 1408 5797 ὁμιλήσειε
1443 5726 1566 5781 Par.

634 5799 653 5826 ι
684 5799 884 5828 ινδ..-
912 5798 973 5828 ..ξι
1003 5797 1041 5828 ι)
1105 5799 1148 5828 79
1188 5798 1566 5828 λιν-Λυρυι-..ιι-..ι

634 5799 653 5826 ⁸
683 5793 973 5852 ἀκολασίαν
1003 5797 1068 5852 R.
1105 5799 1148 5830 ⁷³
1169 5793 1662 5869 ’ἀποκεκρυμμένῳ
1685 5867 1696 5869 _
1722 5793 1781 5869 li_
1808 5795 1973 5869 altera
2002 5813 2040 5869 μ

1669 5726 1714 5756 ’⁸
1741 5723 1939 5776 στενότ.
2006 5723 2050 5776 ll
2104 5723 2316 5789 etvulg.

2072 5794 2346 5846 translixa.

2410 5708 2874 5771 τέκωνσταντίνου
2901 5708 3204 5788 πόλεως-Κ.
3236 5708 3265 5711 ’⁷
3308 5708 3685 5788 ἶτιΣάνδριλος.
3710 5708 3827 5788 Ιξιιτ.

2449 5790 2496 5821 ⁸⁸
2519 5790 2611 5842 καὶ
2657 5788 2801 5860 μόνῳ
2841 5816 2908 5828 -—
2946 5781 3224 5854 ἀνειμέναι
3270 5778 3391 5834 add.
3423 5795 3486 5834 ex
3514 5779 3558 5834 Β
3588 5787 3644 5835 et
3672 5778 3828 5846 impr.

607 5870 866 5938 quietique
911 5887 964 5924 ae
1009 5869 1177 5922 solum
1224 5863 1605 5932 permitterent.
1634 5863 1646 5869 ⁷
1681 5867 1723 5898 ⁸¹
1756 5863 2261 5931 ξυγκυλινδούμενοι
2286 5863 2410 5918 edd.
