4042 6334
150 453 286 545 .1565

1314 452 1852 517 HISTORIARUM
1886 454 2013 513 LIB
2084 453 2150 514 V.

3221 456 3360 523 1566

161 569 290 619 ίέναι
318 558 416 616 οὐκ
438 560 816 633 ἀνηναμένων,
850 560 1076 619 κύουσαι
1108 564 1165 616 ἐν
1214 565 1291 634 τῷ
1332 568 1453 620 τότε
1476 566 1697 620 ⁸³ιοῦτω

1809 568 1903 619 iam
1950 565 2200 635 pariendi
2236 566 2532 622 necessitas
2580 578 2825 638 urgeret,
2857 568 2927 623 ita
2964 569 3018 624 in
3052 572 3228 627 medio
3268 577 3359 631 iti-

155 656 426 726 παρασχὸν
471 654 733 722 εἴλκοντο,
780 654 872 709 καὶ
924 651 1064 719 εἶτα,
1108 656 1294 727 ἐπειδὴ
1330 662 1511 730 παρῆν
1539 660 1572 728 ή
1604 656 1699 710 τοῦ

155 749 304 801 τόκου
334 746 569 816 ἀνάγκη,
600 745 744 800 οὕτω
787 747 852 817 δή
892 764 945 800 τι
972 749 1031 799 ὲν
1072 748 1214 820 μέσῃ
1259 751 1322 817 τῇ
1370 750 1563 820 πορείᾳ
1597 750 1700 817 έμ-

157 836 453 905 φανέστατα
485 835 716 898 ἔτικτον,
753 833 876 888 οὔτε
917 837 987 889 τὰ
1011 836 1344 905 αἰσχυντηλὰ
1375 837 1480 890 τῶν
1500 837 1703 889 ὠδίνων

156 928 534 982 ἑπικαλύπτειν
555 929 872 998 δυνάμεναι,
896 928 980 1000 [Ρ.
1018 928 1141 1001 157]
1181 928 1303 982 οὗτε
1344 930 1699 1000 περιστεῖλαι,

155 1021 225 1084 ὡς
250 1019 428 1089 θέμις,
462 1020 560 1072 καὶ
586 1019 869 1073 ἀνελέσθαι
889 1021 955 1071 τά
998 1020 1169 1090 βρέφη
1194 1035 1207 1048 ·
1238 1019 1353 1072 ἀλλ’
1389 1021 1446 1072 αί
1483 1020 1581 1089 μὲν
1608 1020 1703 1071 καὶ

154 1112 225 1175 ῶς
243 1111 514 1180 ἐσύροντο,
552 1110 684 1181 μηδὲ
707 1110 939 1179 ἀλγῆσαι
968 1111 1177 1174 αὑταῖς,
1207 1113 1253 1163 εί
1286 1106 1396 1164 οἷόν
1415 1127 1474 1164 τε
1512 1109 1699 1179 φάναι,

157 1200 657 1270 ξυγκεχωρημένον,
677 1201 746 1253 τὰ
774 1200 830 1253 δὲ
854 1200 1057 1253 δείλαια
1086 1204 1269 1254 ὲκεῖνα
1288 1204 1374 1254 ἐπ’
1399 1202 1631 1272 ἐρημίας
1655 1201 1702 1233 ⁸⁸

155 1292 388 1346 ἐλείπετο
423 1293 548 1344 κυσί
580 1309 639 1344 τε
668 1293 762 1344 καὶ
801 1294 1009 1354 οίωνοῖς
1034 1293 1480 1363 σπαραττόμενα,
1511 1294 1703 1363 ὥσπερ

155 1385 299 1438 τοῦδε
323 1385 487 1437 ἕνεκα
530 1385 691 1453 μόνου
733 1385 790 1448 ὲς
825 1384 938 1453 φῶς
986 1386 1350 1455 προαχθέντα,
1382 1387 1476 1438 καὶ
1524 1386 1703 1455 μάτην

155 1476 241 1530 τοῦ
274 1475 437 1544 φῦναι
465 1476 907 1545 ἀπογευσάμενα.
959 1477 1046 1538 Ἐς
1100 1477 1260 1530 τοῦτο
1304 1479 1412 1546 γὰρ
1438 1476 1609 1546 τύχης
1632 1476 1703 1529 τά

165 1568 442 1640 Ῥωμαίων
480 1573 781 1641 πράγματα
817 1571 1098 1640 ὴληλάκει,
1153 1570 1227 1633 ὡς
1253 1571 1309 1623 ὲν
1360 1573 1495 1640 αὐτῇ
1530 1570 1701 1640 δήπου

152 1663 215 1729 τῇ
242 1660 529 1731 περιοικίδι
588 1664 689 1730 τῆς
730 1660 998 1729 βασιλίδος
1050 1660 1256 1723 πόλεως
1301 1658 1524 1713 τοιαῦτα
1554 1659 1702 1712 δεινά

156 1753 377 1822 πάσχειν
407 1751 511 1805 ὑπὸ
555 1751 850 1823 ὼρῦάρων
901 1751 1103 1821 σφόδρα
1135 1752 1349 1819 ὀλίγων.
1396 1752 1519 1813 Τοῖς
1551 1750 1608 1803 δὲ
1640 1752 1702 1804 οὐ

158 1844 309 1915 μέχρι
336 1844 540 1897 τούτων
568 1844 822 1898 ἐτελεύτα
866 1845 927 1896 τὸ
956 1843 1175 1914 θράσος,
1219 1844 1335 1896 ἀλλ’
1357 1844 1463 1912 ὁδῷ
1509 1842 1697 1906 ἰόντες,

1805 671 1932 712 nere
1963 657 2016 710 in
2048 658 2331 728 propatulo
2362 658 2642 727 pariebant
2667 699 2683 723 ,
2733 674 2857 714 cum
2897 674 2992 713 nec
3029 669 3364 722 verecundos

1807 754 1996 815 partus
2020 747 2238 801 dolores
2267 747 2520 816 obtegere
2558 756 2778 815 possent
2809 787 2822 807 .
2874 762 3048 816 neque
3080 755 3362 823 complet-ti

1806 836 2098 906 fasciisque
2124 838 2390 892 involvere
2421 838 2676 902 infantes,
2709 841 2786 892 uti
2823 840 2903 896 fas
2934 852 3047 904 est,
3079 838 3131 898 et
3167 850 3364 900 sustol—

1806 928 1946 993 lere;
1986 929 2079 983 sed
2121 929 2201 982 ha.-
2235 929 2452 997 quidem
2489 930 2649 983 etiam
2694 930 2763 982 ita
2800 932 3280 999 protrahebantur,
3313 946 3365 990 et

1806 1036 1874 1074 ne
1906 1020 2089 1075 dolere
2116 1021 2332 1091 quidem
2365 1020 2516 1090 ipsis,
2545 1021 2776 1076 immane
2811 1024 2950 1077 dictu
2975 1064 2988 1087 ,
3023 1026 3363 1093 permitteba-

1809 1120 1923 1173 tur;
1968 1110 2152 1164 miseri
2211 1125 2338 1164 vcro
2377 1110 2451 1162 illi
2501 1109 2737 1164 infantes
2778 1112 2829 1163 in
2869 1113 3159 1187 solitudine
3204 1116 3367 1168 relin-

1808 1203 2115 1270 quebantur
2137 1243 2150 1266 ,
2192 1218 2220 1256 a
2253 1203 2478 1257 canibus
2512 1203 2714 1269 pariter
2751 1213 2805 1257 et
2844 1206 3147 1259 carnivoris
3178 1206 3368 1261 aribus

1807 1294 2176 1364 discerpendi,
2221 1294 2441 1361 perinde
2471 1309 2534 1348 ac
2574 1294 2618 1347 si
2654 1310 2772 1348 eam
2806 1305 3012 1349 tantum
3052 1296 3121 1348 ob
3148 1310 3366 1349 causam

1808 1384 1859 1436 in
1893 1385 2069 1437 lucem
2103 1383 2230 1437 editi
2258 1394 2458 1444 essent,
2491 1391 2544 1436 et
2571 1382 2773 1437 frustra
2798 1393 2949 1437 ortus
2973 1383 3054 1436 sui
3078 1382 3365 1450 primordia
3446 1368 3447 1371 “

1807 1476 2202 1543 degustassent.
2236 1475 2292 1526 lu
2323 1473 2481 1542 305
2509 1489 2627 1529 eam
2651 1475 2793 1527 enim
2834 1474 3109 1529 miseriam
3140 1490 3224 1527 res
3256 1472 3369 1525 Ro-

1808 1582 2092 1620 manorum
2127 1566 2355 1620 redacta:
2384 1577 2557 1628 erant,
2593 1575 2651 1619 ut
2682 1567 2734 1619 in
2767 1567 2887 1636 ipso
2922 1567 3080 1635 regia:
3118 1566 3237 1619 urbi
3264 1566 3369 1619 cir-

1807 1658 2075 1726 cumjecto
2096 1671 2230 1728 agro
2262 1658 2399 1711 adeo
2436 1657 2639 1711 atrocia
2677 1658 2815 1710 mala
2843 1666 3159 1725 paterentur
3192 1673 3221 1709 a
3249 1657 3371 1710 bar-

1808 1750 2158 1818 barisiisque
2185 1751 2493 1819 perpaucis.
2537 1747 2639 1803 Sed
2673 1765 2846 1817 neque
2888 1750 2971 1803 his
2997 1749 3243 1802 terminis
3278 1762 3371 1801 eo-

1808 1857 1926 1895 rum
1964 1841 2283 1896 confldentia
2345 1841 2446 1894 fuit
2494 1842 2944 1919 circumscripta;
2996 1841 3089 1895 sed
3145 1839 3371 1893 ulterius

153 1937 275 1987 είσω
295 1935 407 1987 τῶν
437 1935 662 2005 μακρῶν
686 1933 1098 2006 ὀνομαζομένων
1120 1935 1316 2004 τειχῶν
1343 1934 1536 2006 ῥᾳδίως
1568 1951 1705 2006 παρ-

1809 1934 2112 2004 progressi,
2147 1933 2433 2002 longisque
2462 1933 2568 2002 (ita
2600 1933 2796 2001 dictis)
2828 1933 3001 1986 muris
3029 1931 3189 1985 facile
3218 1946 3373 1999 supe-

154 2024 327 2094 ῆλθον,
367 2026 462 2078 καὶ
504 2028 619 2089 τοῖς
666 2025 811 2077 ἐνδον
841 2024 1123 2095 φρουρίοις
1162 2025 1442 2087 ἐπέλαζον.
1500 2024 1705 2077 Πολλαι-

153 2115 244 2185 χοῦ
264 2115 371 2184 γὰρ
419 2114 524 2167 ὑπὸ
569 2114 759 2184 χρόνου
808 2114 903 2167 καὶ
944 2113 1289 2183 “ἁτημελείας
1320 2114 1366 2144 ⁸⁸
1400 2112 1706 2165 ἐπεπτώκει

153 2209 242 2261 καὶ
277 2206 553 2259 διελέλυτο
596 2208 631 2276 ή
679 2204 774 2259 τοῦ
822 2205 1084 2274 μεγίστου
1112 2203 1159 2235 ⁸⁸
1192 2207 1461 2275 ἐρύματος
1504 2205 1707 2258 οἰκοδο-

152 2298 248 2367 μία
272 2314 289 2330 ο
346 2295 467 2349 ἔνια
495 2296 553 2349 δὲ
589 2297 729 2366 μέρη
757 2296 850 2349 καὶ
869 2295 1024 2349 αὐτοὶ
1043 2276 1517 2365 καταϐεϐλήκασιν
1536 2296 1706 2358 ἀδεῶς

149 2386 285 2441 οὕτω
320 2386 417 2441 καὶ
449 2385 869 2457 ἀταλαιπώρως,
902 2385 1090 2455 ὥσπερ
1116 2385 1293 2447 οἰκίας
1320 2386 1364 2415 ⁸⁸
1400 2395 1705 2455 καταστρε-

150 2479 387 2549 φόμενοι.
421 2478 534 2535 Καὶ
568 2477 720 2531 οὐδὲν
747 2472 817 2547 ἦν
837 2476 898 2529 τὸ
920 2478 1186 2546 ἀπεῖργον
1206 2475 1282 2546 τῷ
1307 2476 1442 2546 μηδὲ
1464 2474 1705 2546 φρουρὰν

152 2570 542 2641 στρατιωτικὴν
579 2568 764 2622 ἐνθάδε
791 2568 1059 2637 ίδρύσθαι,
1083 2568 1221 2637 μήτε
1246 2570 1564 2638 ἀμυντήρια
1597 2586 1703 2639 μη-

150 2664 457 2734 χανήματα,
513 2661 608 2714 καὶ
652 2661 777 2722 τοὺς
836 2658 1014 2713 ταῦτα
1063 2663 1234 2712 κινεῖν
1286 2660 1700 2730 ἐπισταμένους,

151 2754 281 2809 ἀλλά
318 2756 460 2825 μήτε
492 2752 669 2807 κυνῶν
706 2752 910 2824 ὑλακὴν
954 2751 1247 2805 ἀκούεσθαι
1277 2752 1350 2815 ⁸⁷,
1382 2752 1433 2803 εί
1475 2753 1550 2821 μὴ
1584 2752 1706 2805 λίαν

152 2846 548 2915 καταγέλαστον
581 2847 776 2909 εἰπεῖν,
800 2844 876 2907 ὡς
908 2843 1045 2911 ’γοῦν
1074 2844 1132 2895 ὲν
1170 2844 1410 2911 συφεῶσι
1444 2843 1539 2895 καὶ
1568 2844 1705 2914 μάν-

150 2936 331 3005 δραις’
380 2936 451 2989 τὰ
488 2936 795 3007 γὰρυτῶν
848 2935 1132 3004 Ῥωμαίων
1187 2935 1588 3004 στρατεύματα,
1642 2933 1705 2986 ού

150 3027 379 3080 τοσαῦτα
407 3027 849 3097 διαμεμενηκότα
891 3028 1062 3080 ὁπόσα
1107 3026 1205 3097 τὴν
1264 3028 1437 3097 ἀρχὴν
1467 3028 1571 3080 ὑπὸ
1599 3027 1707 3079 τῶν

152 3116 312 3170 πάλαι
338 3115 600 3185 βασιλέων
620 3115 929 3186 ἐξεύρηται,
958 3116 1016 3177 ἐς
1040 3115 1329 3185 ἐλαχίστην
1355 3116 1411 3168 δέ
1436 3134 1557 3169 τινα
1584 3119 1705 3185 μοῖ-

1807 2028 1970 2091 ratis,
2006 2025 2421 2089 munitionibus,
2454 2041 2577 2095 quae
2602 2026 2747 2080 intus
2772 2034 2947 2085 erant,
2971 2024 3374 2094 appropinqua-

1806 2126 1955 2171 runt.
2007 2116 2188 2171 Multis
2232 2116 2377 2170 enim
2427 2117 2479 2170 in
2539 2116 2787 2186 partibus
2844 2130 2953 2183 prae
3005 2122 3272 2167 vetustate
3321 2120 3375 2167 et

1806 2206 2129 2275 negligentia
2198 2205 2417 2258 maximi
2482 2205 2691 2259 castelli
2755 2212 3025 2258 structura
3095 2209 3376 2255 corruerat

1804 2298 2107 2364 vitiumque
2151 2293 2389 2358 fecerat,
2445 2295 2739 2348 nonnullas
2797 2310 2923 2348 vero
2976 2300 3157 2360 partes
3209 2290 3373 2344 etiam

1804 2388 1907 2459 ipsi
1929 2388 2213 2441 diruerant
2241 2387 2379 2443 adeo
2412 2387 2681 2457 intrepide
2705 2402 2769 2439 ac
2800 2386 2979 2447 facile,
3010 2399 3074 2437 ac
3105 2384 3149 2436 si
3182 2384 3377 2437 domos

1804 2480 2205 2543 subverterent,
2235 2478 2480 2546 nihilque
2509 2487 2626 2531 erat
2656 2477 2798 2546 quod
2832 2477 3097 2537 obstaret,
3126 2490 3248 2528 cum
3282 2491 3379 2528 ne-

1803 2587 1907 2641 que
1933 2572 2098 2624 ullum
2132 2567 2442 2639 praesidium
2471 2569 2708 2622 militare
2739 2569 2812 2622 ibi
2855 2568 3179 2623 collocatum
3209 2579 3375 2629 esset,

1806 2678 1977 2731 neque
2002 2662 2123 2715 ullae
2152 2662 2216 2715 ad
2248 2662 2676 2731 propulsandum
2714 2663 2923 2716 hostem
2954 2660 3254 2725 machinae,
3289 2675 3381 2715 ne-

1805 2770 1910 2824 que
1946 2753 2039 2823 qui
2087 2754 2203 2807 illas
2253 2768 2472 2807 movere
2520 2768 2584 2807 ac
2628 2762 2865 2807 tractare
2907 2760 3125 2815 nosset,
3177 2750 3272 2805 sed
3309 2765 3379 2806 ne

1805 2863 2002 2902 cantim
2042 2848 2257 2915 quidem
2287 2845 2515 2899 latratus
2542 2845 2865 2898 audiebatur
2893 2884 2908 2910 ,
2949 2844 3054 2899 nisi
3085 2844 3376 2901 admodum

1808 2939 2096 2993 ridiculum
2134 2937 2279 2992 dictu
2314 2938 2415 3001 sit,
2448 2937 2610 2991 veluti
2644 2937 2697 2990 in
2744 2937 2972 2992 suilibus
3004 2946 3097 2990 aut
3122 2936 3377 2993 ovilibus.

1806 3031 2176 3086 Romanorum
2216 3009 2360 3084 enim
2394 3030 2669 3083 exercitus
2700 3043 2805 3082 non
2851 3029 3023 3091 tanti,
3061 3037 3223 3098 atque
3248 3028 3376 3083 olim

1808 3123 1910 3177 sub
1927 3123 2199 3176 veteribus
2234 3120 2658 3190 imperatoribus
2682 3120 2918 3183 fuerant,
2948 3129 3378 3189 permanserant,

155 3223 250 3277 ραν
290 3206 668 3279 περιελθόντα,
715 3207 899 3259 οὐκέτι
926 3205 1002 3275 τῷ
1048 3206 1268 3275 μεγέθει
1301 3208 1398 3277 τῆς
1436 3207 1705 3272 πολιτείας

1810 3214 1902 3267 sed
1933 3213 1998 3265 ad
2032 3212 2308 3264 minimam
2344 3210 2634 3277 quamdam
2674 3212 2976 3279 portionem
3016 3211 3241 3277 redacti,
3268 3226 3379 3267 non

156 3299 429 3370 ἐξήρκουν.
454 3298 583 3352 Δέον
607 3296 717 3367 γὰρ
761 3299 820 3359 ἐς
852 3297 1015 3350 πέντε
1054 3288 1149 3351 καὶ
1181 3298 1591 3368 τεσσαράκοντα
1612 3301 1707 3351 καὶ

154 3389 430 3454 ἑξακοσίας
461 3390 702 3460 χιλιάδας
732 3390 990 3459 μαχίμων
1021 3389 1235 3459 ἀνδρῶν
1272 3390 1372 3460 τήν
1401 3391 1528 3461 ὃλην
1560 3391 1708 3458 ἀγεί-

155 3482 337 3552 ρεσθαι
389 3482 641 3553 δύναμιν,
684 3483 838 3554 μόλις
886 3483 945 3535 ὲν
983 3483 1062 3555 τῷ⁴
1101 3482 1225 3535 τότε
1263 3485 1342 3547 είς
1372 3484 1709 3554 πεντήκοντα

154 3573 242 3626 καὶ
268 3574 461 3629 ἑκατὸν
477 3575 876 3645 περιειστήκει.
904 3575 1012 3627 Καὶ
1036 3574 1247 3627 τούτων
1272 3575 1325 3626 αἱ
1354 3573 1452 3644 μὲν
1477 3576 1535 3627 ἐν
1572 3575 1709 3629 Ἰτα-

134 3663 240 3736 ’λίᾳ
264 3666 577 3737 ἐτετάχατο,
610 3667 665 3720 αί
688 3666 747 3719 δὲ
774 3665 915 3719 κατά
946 3665 1043 3741 τῂν
1087 3666 1312 3736 Λιϐύην,
1345 3666 1529 3732 ἕτεραι
1560 3666 1615 3718 δὲ
1652 3667 1709 3720 έν

165 3756 406 3825 Ἱσπανίᾳ
430 3758 477 3789 ⁸⁸
499 3795 516 3820 ,
540 3757 635 3809 καὶ
662 3757 818 3810 ἄλλαι
845 3756 976 3827 περὶ
1006 3758 1132 3821 τοὺς
1155 3758 1416 3827 Κόλχους,
1441 3759 1537 3810 καὶ
1554 3759 1710 3813 ἄλλαι

157 3845 293 3901 κατὰ
338 3847 439 3917 τὴν
482 3845 832 3917 Ἀλεξάνδρου
870 3846 981 3902 ,καὶ⁷
1021 3846 1206 3916 Θήϐην
1258 3847 1355 3918 τὴν
1383 3849 1706 3915 Αἰγυπτίαν.

168 3936 458 4005 ’Βκάθηντο
481 3936 537 3989 δὲ
568 3936 735 4003 ὀλίγοι
772 3937 866 3989 καὶ
900 3937 1040 4005 πρὸς
1068 3936 1138 3988 τά
1183 3937 1293 4005 έῷα
1332 3939 1441 3989 τῶν
1486 3941 1710 4009 Περσῶν

155 4024 271 4097 ὅρια
296 4041 310 4055 ·
344 4026 405 4079 οὐ
445 4026 555 4096 γὰρ
579 4024 749 4095 δήπου
806 4025 910 4078 ἔδει
964 4029 1144 4078 ἐκεῖσε
1199 4027 1463 4080 πλειόνων
1489 4030 1577 4081 διὰ
1610 4032 1709 4093 τὰς

158 4114 383 4178 σπονδὰς
415 4115 510 4167 καὶ
555 4114 617 4167 τὸ
665 4112 881 4183 βέϐαιον
925 4113 1025 4183 τῆς
1064 4115 1389 4185 ἐκεχειρίας.
1432 4105 1561 4169 Ὧδέ
1594 4134 1711 4179 πως

158 4206 258 4277 ἀρα
300 4206 359 4269 ἐς
405 4203 741 4277 βραχύτατον
802 4205 967 4276 μέρος
1012 4207 1369 4275 περιέσταλτο
1410 4209 1478 4261 τὰ
1529 4209 1707 4280 πλήθη

158 4298 248 4353 καὶ
273 4297 621 4368 ὑπετέτμητο
640 4299 711 4369 τῇ
738 4298 845 4351 τῶν
882 4298 1227 4369 κρατούντων
1246 4298 1506 4371 ὀλιγωρίᾳ
1535 4300 1599 4355 ⁵⁸.

226 4472 312 4528 ιδ’.
360 4469 425 4527 '0
458 4474 569 4543 γὰρ
616 4472 868 4543 βασιλεὺς
920 4472 1107 4545 ἐπειδὴ
1163 4476 1425 4547 πρότερον
1482 4480 1712 4536 Ἰταλίαν

1812 3299 2044 3368 amplius
2067 3299 2423 3367 magnitudini
2453 3299 2665 3367 imperii
2699 3314 2855 3367 pares
2872 3308 3048 3353 erant.
3068 3299 3203 3353 Cum
3232 3300 3377 3355 enim

1813 3391 2081 3445 universae
2116 3390 2486 3445 Romanorum
2525 3390 2668 3445 vires
2715 3391 2988 3445 sexcentis
3023 3392 3377 3464 quadraginta

1813 3480 2051 3550 quinque
2097 3480 2417 3533 bellatorum
2476 3480 2715 3535 millibus
2777 3490 3029 3535 constare
3086 3480 3377 3546 deberent,

1813 3587 1953 3641 aegre
1993 3582 2106 3626 tum
2144 3574 2404 3641 temporis
2436 3583 2652 3627 centum
2696 3573 3088 3643 quinquaginta
3138 3574 3380 3647 millibus

1814 3665 2169 3727 constabant,
2200 3676 2366 3733 atque
2408 3666 2600 3719 barum
2642 3666 2860 3735 quidem
2910 3666 3071 3736 306
3102 3666 3378 3735 copiarum

1817 3759 1937 3813 alia:
1972 3760 2023 3811 in
2060 3756 2209 3810 Italia
2243 3766 2400 3810 erant
2446 3758 2755 3819 collocatio,
2792 3758 2910 3811 alia:
2940 3758 2991 3810 in
3023 3756 3234 3822 Africa,
3264 3746 3383 3810 alia:

1816 3850 1868 3903 in
1902 3845 2184 3918 Hispania,
2214 3848 2333 3900 alia:
2366 3848 2505 3914 apud
2536 3826 2790 3910 Colchos,
2829 3850 2946 3901 alia:
2975 3847 3116 3915 apud
3146 3848 3381 3900 Alexan-

1815 3939 1897 3995 dri
1930 3941 2118 3993 urbem
2147 3947 2201 3991 et
2229 3938 2369 3992 circa
2397 3939 2614 3992 Theben
2652 3938 2982 4005 Egyptiam.
3012 3937 3382 3991 Consederant

1816 4043 1945 4081 vero
1968 4043 2153 4096 paucae
2180 4028 2339 4080 etiam
2369 4040 2555 4080 versus
2584 4027 2872 4080 orientales
2911 4027 3193 4079 Persarum
3219 4026 3375 4081 lines.

1816 4116 2003 4183 Neque
2024 4117 2166 4169 enim
2201 4116 2307 4168 illic
2331 4116 2580 4184 pluribus
2600 4132 2735 4183 opus
2765 4126 2898 4180 erat,
2922 4116 2991 4168 oh
3021 4117 3220 4170 hedera
3249 4118 3380 4172 inita

1818 4205 2177 4271 induciasque
2226 4206 2452 4259 firmiter
2492 4214 2695 4273 pactas.
2738 4206 2811 4258 Ita
2859 4206 2970 4259 fere
3014 4208 3081 4261 ad
3122 4222 3381 4277 perquam

1818 4298 2066 4368 exiguam
2098 4299 2399 4365 portionem
2431 4297 2662 4351 redacta:
2690 4306 2847 4352 erant
2882 4300 3053 4368 copiae
3094 4309 3257 4370 atque
3289 4315 3383 4356 ac—

1820 4389 1948 4445 cisa}
1982 4389 2281 4457 principum
2314 4388 2654 4458 negligentia.

1889 4482 1974 4535 14.
2006 4481 2299 4549 Imperator
2329 4480 2471 4533 enim
2500 4490 2853 4551 posteaquam
2884 4490 3043 4538 antea
3072 4484 3377 4539 universam

163 4561 475 4633 ξύμπασαν,
505 4564 831 4633 ἀχειρὼσατο
872 4565 967 4619 καὶ
1007 4565 1237 4637 Λιϐύην,
1269 4569 1362 4621 καὶ
1408 4571 1533 4635 τοὺς
1564 4578 1705 4644 μεγί.

1824 4571 2029 4627 Italiam
2062 4580 2116 4626 et
2142 4570 2381 4626 Africam
2424 4573 2478 4627 in
2517 4583 2835 4642 potestatem
2871 4577 3180 4647 redegerat,
3208 4578 3380 4631 maxi-

164 4670 315 4724 στους
336 4652 581 4714 ἐκείνους
608 4653 870 4723 πολέμους
897 4656 1133 4726 διήνυσε,
1156 4660 1249 4710 καὶ
1279 4660 1491 4729 πρῶτος
1523 4664 1598 4728 ὼς
1634 4671 1712 4723 ει-

162 4745 367 4831 πιῖνιὲν
397 4744 519 4805 τοῖς
545 4740 688 4795 κατά
729 4742 791 4796 τὸ
816 4744 1103 4808 Βυζάντιον
1133 4749 1537 4818 βεϐασιλευκόσι
1579 4756 1713 4811 Ῥω-

167 4835 334 4906 μαίων
356 4831 712 4903 αὐτοκράτωρ
738 4832 958 4919 ρνόματί
993 4855 1053 4919 τε
1084 4841 1177 4892 καὶ
1205 4841 1486 4910 πράγματι
1518 4844 1715 4898 ἀπεδέ-

164 4925 335 4982 δεικτο
364 4927 410 4959 ἰ
434 4942 449 4957 ·
478 4922 661 4994 ἐπειδὴ
702 4918 794 4976 οὖν
825 4924 973 4995 αὐτῷ
994 4918 1166 4991 ταῦτά
1187 4949 1245 4984 τε
1274 4933 1366 4984 καὶ
1394 4932 1526 4987 ἄλλα
1555 4936 1716 5003 ὃμοια

165 5018 367 5084 τούτοις
410 5015 658 5081 νεάζοντι
689 5017 734 5049 ³⁸
764 5014 848 5068 ἔτι
897 5019 991 5071 καὶ
1026 5021 1323 5094 ἐρρωμένῳ
1378 5023 1711 5095 ἐξείργαστο,

1768 4705 1773 4709 ρ
1820 4682 2017 4736 maque
2044 4666 2177 4720 bella
2213 4664 2559 4730 confecerat,
2594 4677 2649 4722 et
2674 4668 2913 4736 primus,
2942 4678 2999 4723 ut
3027 4670 3097 4723 ita
3125 4667 3376 4730 dixerim,

1819 4772 1885 4810 ex
1916 4758 2013 4821 iis,
2043 4756 2135 4825 qui
2170 4754 2409 4826 Byzantii
2442 4766 2768 4825 regnarunt,
2801 4756 3163 4811 Romanorum
3196 4756 3381 4823 impe-

1820 4856 1966 4901 rator
1989 4846 2206 4901 nomine
2230 4846 2433 4916 pariter
2458 4855 2511 4901 et
2540 4847 2717 4917 reipsa
2747 4858 2830 4902 est
2864 4847 3200 4908 declaratus;
3240 4844 3377 4911 haec,

1820 4935 2039 5004 inquam
2065 4977 2079 4993 .
2116 4935 2327 5005 aliaque
2352 4937 2437 4991 his
2461 4936 2660 4991 similia
2688 4952 2810 4991 eum
2832 4933 3053 5003 juvenili
3084 4940 3383 5003 vegetaque

1820 5034 1976 5080 aetate
2032 5025 2393 5095 perfecisset,
2453 5036 2565 5081 turn
2610 5042 2740 5081 vero
2779 5026 2881 5080 sub
2920 5032 3223 5078 extremum
3258 5024 3384 5081 vlta

1425 5202 1655 5257 ἽΛΒΙᾹΞ
1703 5202 2102 5259 LECTIONES.

234 5352 358 5435 ξεν
486 5351 605 5435 τοτε
623 5352 737 5435 οὔτ.
761 5368 891 5431 παρ,
913 5350 979 5432 Β,
1007 5350 1121 5403 οὔτ.
1139 5357 1423 5435 aquaeve.
1447 5375 1509 5435 τ.
1546 5359 1691 5435 vulg:
1728 5370 1733 5376 ‘
1757 5358 1813 5435 _”
1843 5355 2073 5435 ξρημίᾳν
2106 5355 2195 5435 Β..
2244 5356 2613 5435 ⁸⁸ιάτῃμελίας
2637 5356 2832 5435 Suidas
2855 5375 2905 5435 s._
2928 5375 2994 5435 v._
3056 5359 3101 5391 ⁸⁵
3126 5358 3381 5435 μεγίστου

173 5418 296 5476 add.
321 5437 386 5477 ex

492 5430 548 5476 et
584 5422 744 5492 intpr.
774 5421 1005 5497 majoris.
1039 5421 1567 5497 castellitediﬁcium.
1641 5421 1689 5461 ⁵⁸
1722 5421 1897 5497 οίκείᾳ
1928 5421 1967 5477 lt
1988 5426 2144 5497 _(_fo_rt.
2180 5421 2478 5497 ἐνοὶκείᾳ),
2510 5428 2863 5495 ωερε-,οἰκεῖα
2894 5430 3090 5497 legisse
3124 5421 3335 5481 videtur
3363 5445 3378 5478 :

172 5489 586 5567 frondsecu‘qc
614 5489 709 5567 sua
731 5522 795 5532 —
816 5489 1183 5567 dgturbgbant
1205 5507 1223 5544 :
1250 5489 1410 5562 idque
1456 5497 1602 5565 conj.
1658 5497 1718 5550 Β.
1751 5489 1907 5550 Vulé.
1973 5495 2027 5567 _°'
2060 5494 2190 5548 Post
2238 5489 2533 5567 ἀκούεσθαι
2568 5489 2731 5567 intpr.
2769 5500 2915 5554 addit
2942 5489 2959 5555 Ξ
2986 5516 3087 5551 non
3113 5497 3380 5567 hominum

175 5558 487 5637 frunitus.__
511 5560 555 5592 ⁸³
588 5565 695 5637 γάρ
714 5578 823 5617 om.
857 5560 900 5613 Β
924 5570 977 5637 et
1013 5559 1167 5614 Suid.
1200 5576 1247 5615 s.
1272 5558 1338 5637 vf
1364 5558 1586 5637 ουφεὺςζ
1615 5569 1708 5636 qui
1746 5568 1920 5637 locum
1942 5564 2320 5637 siccetur-agit
2352 5585 2365 5637 ;
2394 5566 2583 5637 ὥσπερ
2616 5558 2674 5620 ὲν
2706 5569 2949 5633 συφεῶσι
2999 5569 3089 5619 καὶ
3120 5564 3380 5637 μάνδραις

174 5628 382 5707 mea)!
427 5628 715 5698 Ῥωμαίων
746 5631 1039 5707 μεμενήκει
1062 5628 1479 5707 στρατεύματος
1505 5628 1702 5706 inepte.
1752 5635 1936 5707 Neque
1997 5633 2100 5687 alia
2130 5635 2287 5688 vertit
2348 5636 2512 5706 intpr.
2550 5628 2803 5707 tanquam
2836 5628 3196 5707 porcorum'in
3227 5628 3382 5707 clou-

176 5698 295 5753 uris
322 5696 593 5754 Romanis
619 5696 877 5755 mrtem.
900 5696 1168 5777 interclusi
1186 5696 1483 5777 manebant,
1509 5696 1719 5777 tametsi
1775 5696 1863 5758 vei
1885 5719 1945 5756 eo
1970 5718 2185 5777 numero
2210 5718 2404 5772 essent,
2430 5696 2531 5777 quo
2550 5696 2672 5761 tum}
2704 5696 2930 5777 primum
2952 5711 3256 5777 “nouerunt
3279 5702 3380 5777 ign-

176 5778 472 5847 gergtontm
501 5771 1236 5847 lgmporereceufebanturLet
1276 5785 1399 5847 non
1414 5772 1490 5847 in
1522 5776 1795 5847 minimam
1835 5780 2036 5847 partem
2085 5776 2307 5847 reducti.
2338 5769 2453 5834 eth
2519 5778 2566 5811 "
2612 5769 2853 5847 ἰσπανίᾳ
2893 5773 2960 5839 li,
2992 5769 3198 5842 Σπανίᾳ
3228 5771 3375 5842 vulg.

176 5837 220 5869 "
244 5836 495 5896 ὀλινοοία
521 5836 644 5893 Par.
718 5843 762 5875 "
782 5840 1123 5895 ἀπεδέδεικτο
1150 5837 1218 5907 Β,
1264 5838 1479 5895 ἀποδέδ.
1538 5844 1682 5916 vulg.
1754 5846 1803 5879 "
1828 5836 1846 5898 ζ
1861 5880 1907 5898 ..
1931 5842 2140 5910 εάξοντι
2174 5844 2240 5900 R.
