  <div class='ocr_page' id='page_1' title='image "/cluster/home/n/w/nwhite01/storage/ocr_20150623/88/pst.000005712946/824.png"; bbox 0 0 4042 6334; ppageno 0'>
   <div class='ocr_carea' id='block_1_1' title="bbox 184 406 313 507">
    <p class='ocr_par' dir='ltr' id='par_1_1' title="bbox 184 406 313 507">
     <span class='ocr_line' id='line_1_1' title="bbox 184 406 313 507; baseline 0.016 -2"><span class='ocrx_word' id='word_1_1' title='bbox 184 440 313 507; x_wconf 76' lang='grc'><strong>1569</strong></span> 
     </span>
    </p>
   </div>
   <div class='ocr_carea' id='block_1_2' title="bbox 1346 401 2194 501">
    <p class='ocr_par' dir='ltr' id='par_1_2' title="bbox 1346 401 2194 501">
     <span class='ocr_line' id='line_1_2' title="bbox 1346 401 2194 501; baseline 0 -4"><span class='ocrx_word' id='word_1_2' title='bbox 1346 436 1880 497; x_wconf 83' lang='lat' dir='ltr'><strong>HISTORIARUM</strong></span> <span class='ocrx_word' id='word_1_3' title='bbox 1924 401 2072 501; x_wconf 78' lang='lat' dir='ltr'><strong>LIB.</strong></span> <span class='ocrx_word' id='word_1_4' title='bbox 2124 438 2194 499; x_wconf 68' lang='grc' dir='ltr'><strong>ν.</strong></span> 
     </span>
    </p>
   </div>
   <div class='ocr_carea' id='block_1_3' title="bbox 3264 402 3398 505">
    <p class='ocr_par' dir='ltr' id='par_1_3' title="bbox 3264 402 3398 505">
     <span class='ocr_line' id='line_1_3' title="bbox 3264 402 3398 505; baseline -0.022 -5"><span class='ocrx_word' id='word_1_5' title='bbox 3264 434 3398 505; x_wconf 80' lang='lat' dir='ltr'><strong>15m</strong></span> 
     </span>
    </p>
   </div>
   <div class='ocr_carea' id='block_1_4' title="bbox 179 544 1751 622">
    <p class='ocr_par' dir='ltr' id='par_1_4' title="bbox 179 548 1734 622">
     <span class='ocr_line' id='line_1_4' title="bbox 179 548 1734 622; baseline -0.006 -11"><span class='ocrx_word' id='word_1_6' title='bbox 179 557 271 611; x_wconf 78' lang='grc' dir='ltr'>καὶ</span> <span class='ocrx_word' id='word_1_7' title='bbox 297 556 356 608; x_wconf 78' lang='grc' dir='ltr'>ὲν</span> <span class='ocrx_word' id='word_1_8' title='bbox 380 553 503 616; x_wconf 78' lang='grc' dir='ltr'>ταῖς</span> <span class='ocrx_word' id='word_1_9' title='bbox 523 549 779 622; x_wconf 82' lang='grc' dir='ltr'>ὲνδοτερω</span> <span class='ocrx_word' id='word_1_10' title='bbox 806 548 1096 621; x_wconf 78' lang='grc' dir='ltr'>λεωφόροις</span> <span class='ocrx_word' id='word_1_11' title='bbox 1124 548 1292 619; x_wconf 68' lang='grc' dir='ltr'>φυγαὶ</span> <span class='ocrx_word' id='word_1_12' title='bbox 1319 548 1503 619; x_wconf 78' lang='grc' dir='ltr'>ἀθρόοι</span> <span class='ocrx_word' id='word_1_13' title='bbox 1534 549 1642 602; x_wconf 82' lang='grc' dir='ltr'><strong>τῶν</strong></span> <span class='ocrx_word' id='word_1_14' title='bbox 1670 550 1734 601; x_wconf 84' lang='grc' dir='ltr'>ὲκ</span> 
     </span>
    </p>
   </div>
   <div class='ocr_carea' id='block_1_5' title="bbox 1846 544 3391 622">
    <p class='ocr_par' dir='ltr' id='par_1_5' title="bbox 1846 544 3391 618">
     <span class='ocr_line' id='line_1_5' title="bbox 1846 544 3391 618; baseline 0.003 -16"><span class='ocrx_word' id='word_1_15' title='bbox 1846 548 2140 604; x_wconf 77' lang='lat' dir='ltr'><strong>obsidiones</strong></span> <span class='ocrx_word' id='word_1_16' title='bbox 2176 545 2434 602; x_wconf 74' lang='lat' dir='ltr'><strong>videlicet</strong></span> <span class='ocrx_word' id='word_1_17' title='bbox 2471 544 2834 615; x_wconf 81' lang='lat' dir='ltr'><strong>incendiaque</strong></span> <span class='ocrx_word' id='word_1_18' title='bbox 2889 545 3279 618; x_wconf 87' lang='lat' dir='ltr'><strong>imaginantes,</strong></span> <span class='ocrx_word' id='word_1_19' title='bbox 3333 561 3391 606; x_wconf 82' lang='lat' dir='ltr'><strong>et</strong></span> 
     </span>
    </p>
   </div>
   <div class='ocr_carea' id='block_1_6' title="bbox 178 640 1733 717">
    <p class='ocr_par' dir='ltr' id='par_1_6' title="bbox 178 640 1733 717">
     <span class='ocr_line' id='line_1_6' title="bbox 178 640 1733 717; baseline -0.005 -17"><span class='ocrx_word' id='word_1_20' title='bbox 178 646 269 700; x_wconf 80' lang='grc' dir='ltr'><strong>τοῦ</strong></span> <span class='ocrx_word' id='word_1_21' title='bbox 294 645 482 717; x_wconf 76' lang='grc' dir='ltr'>ὁμίλου</span> <span class='ocrx_word' id='word_1_22' title='bbox 507 641 799 713; x_wconf 73' lang='grc' dir='ltr'>ἐγίγνοντο,</span> <span class='ocrx_word' id='word_1_23' title='bbox 819 641 912 695; x_wconf 74' lang='grc' dir='ltr'>καὶ</span> <span class='ocrx_word' id='word_1_24' title='bbox 932 641 1160 711; x_wconf 62' lang='grc' dir='ltr'>ὠθισμοί</span> <span class='ocrx_word' id='word_1_25' title='bbox 1180 640 1201 672; x_wconf 81' lang='grc'>⁸</span> <span class='ocrx_word' id='word_1_26' title='bbox 1232 640 1326 693; x_wconf 76' lang='grc' dir='ltr'>καὶ</span> <span class='ocrx_word' id='word_1_27' title='bbox 1345 643 1526 693; x_wconf 82' lang='grc' dir='ltr'><strong>πτοῖαι</strong></span> <span class='ocrx_word' id='word_1_28' title='bbox 1559 640 1733 711; x_wconf 88' lang='grc' dir='ltr'>παρά-</span> 
     </span>
    </p>
   </div>
   <div class='ocr_carea' id='block_1_7' title="bbox 179 728 1731 804">
    <p class='ocr_par' dir='ltr' id='par_1_7' title="bbox 179 728 1731 804">
     <span class='ocr_line' id='line_1_7' title="bbox 179 728 1731 804; baseline -0.006 -14"><span class='ocrx_word' id='word_1_29' title='bbox 179 738 340 804; x_wconf 85' lang='grc' dir='ltr'>λογοι,</span> <span class='ocrx_word' id='word_1_30' title='bbox 398 730 733 803; x_wconf 9' lang='grc' dir='ltr'>ὥσπεργήδη</span> <span class='ocrx_word' id='word_1_31' title='bbox 784 730 893 783; x_wconf 84' lang='grc' dir='ltr'><strong>τῶν</strong></span> <span class='ocrx_word' id='word_1_32' title='bbox 939 729 1235 802; x_wconf 79' lang='grc' dir='ltr'>Βαρϐάρων</span> <span class='ocrx_word' id='word_1_33' title='bbox 1282 728 1731 799; x_wconf 76' lang='grc' dir='ltr'>είσὸεὸληκότων.</span> 
     </span>
    </p>
   </div>
   <div class='ocr_carea' id='block_1_8' title="bbox 180 818 1736 892">
    <p class='ocr_par' dir='ltr' id='par_1_8' title="bbox 180 818 1736 892">
     <span class='ocr_line' id='line_1_8' title="bbox 180 818 1736 892; baseline -0.006 -12"><span class='ocrx_word' id='word_1_34' title='bbox 180 824 422 892; x_wconf 81' lang='grc' dir='ltr'>Πάταγὸς</span> <span class='ocrx_word' id='word_1_35' title='bbox 453 839 513 875; x_wconf 89' lang='grc' dir='ltr'><strong>τε</strong></span> <span class='ocrx_word' id='word_1_36' title='bbox 547 820 717 885; x_wconf 77' lang='grc' dir='ltr'>πολὺς</span> <span class='ocrx_word' id='word_1_37' title='bbox 752 820 914 891; x_wconf 74' lang='grc' dir='ltr'>ᾔρετο</span> <span class='ocrx_word' id='word_1_38' title='bbox 955 822 1013 872; x_wconf 81' lang='grc' dir='ltr'>ὲν</span> <span class='ocrx_word' id='word_1_39' title='bbox 1053 822 1167 882; x_wconf 78' lang='grc' dir='ltr'>τοῖς</span> <span class='ocrx_word' id='word_1_40' title='bbox 1199 818 1584 889; x_wconf 78' lang='grc' dir='ltr'>πωλητηρίοις,</span> <span class='ocrx_word' id='word_1_41' title='bbox 1628 818 1736 872; x_wconf 79' lang='grc' dir='ltr'>τῶν</span> 
     </span>
    </p>
   </div>
   <div class='ocr_carea' id='block_1_9' title="bbox 180 907 1735 985">
    <p class='ocr_par' dir='ltr' id='par_1_9' title="bbox 180 907 1735 985">
     <span class='ocr_line' id='line_1_9' title="bbox 180 907 1735 985; baseline -0.004 -18"><span class='ocrx_word' id='word_1_42' title='bbox 180 912 355 985; x_wconf 81' lang='grc' dir='ltr'>θυρῶν</span> <span class='ocrx_word' id='word_1_43' title='bbox 396 910 698 982; x_wconf 84' lang='grc' dir='ltr'>βιαιότερον</span> <span class='ocrx_word' id='word_1_44' title='bbox 746 908 1297 980; x_wconf 85' lang='grc' dir='ltr'>προσαρασσομένων.</span> <span class='ocrx_word' id='word_1_45' title='bbox 1350 907 1433 979; x_wconf 82' lang='grc' dir='ltr'>[Ρ.</span> <span class='ocrx_word' id='word_1_46' title='bbox 1490 908 1612 982; x_wconf 79' lang='grc'><strong>159]</strong></span> <span class='ocrx_word' id='word_1_47' title='bbox 1661 909 1735 962; x_wconf 91' lang='grc' dir='ltr'><strong>Ού</strong></span> 
     </span>
    </p>
   </div>
   <div class='ocr_carea' id='block_1_10' title="bbox 181 1000 1736 1076">
    <p class='ocr_par' dir='ltr' id='par_1_10' title="bbox 181 1000 1736 1076">
     <span class='ocr_line' id='line_1_10' title="bbox 181 1000 1736 1076; baseline -0.003 -19"><span class='ocrx_word' id='word_1_48' title='bbox 181 1004 339 1076; x_wconf 80' lang='grc' dir='ltr'>μόνον</span> <span class='ocrx_word' id='word_1_49' title='bbox 370 1002 428 1056; x_wconf 78' lang='grc' dir='ltr'>δὲ</span> <span class='ocrx_word' id='word_1_50' title='bbox 448 1005 564 1067; x_wconf 87' lang='grc' dir='ltr'>τοῖς</span> <span class='ocrx_word' id='word_1_51' title='bbox 588 1002 804 1065; x_wconf 77' lang='grc' dir='ltr'><strong>πολλοῖς</strong></span> <span class='ocrx_word' id='word_1_52' title='bbox 834 1002 928 1054; x_wconf 84' lang='grc' dir='ltr'>καὶ</span> <span class='ocrx_word' id='word_1_53' title='bbox 960 1000 1315 1071; x_wconf 78' lang='grc' dir='ltr'><strong>ἠγνοημένοις</strong></span> <span class='ocrx_word' id='word_1_54' title='bbox 1340 1010 1363 1042; x_wconf 67' lang='grc' dir='ltr'><em>υ</em></span> <span class='ocrx_word' id='word_1_55' title='bbox 1396 1000 1457 1053; x_wconf 78' lang='grc' dir='ltr'>τὸ</span> <span class='ocrx_word' id='word_1_56' title='bbox 1487 1000 1736 1073; x_wconf 80' lang='grc' dir='ltr'>ἀνιᾶσθαι</span> 
     </span>
    </p>
   </div>
   <div class='ocr_carea' id='block_1_11' title="bbox 178 1088 1739 1164">
    <p class='ocr_par' dir='ltr' id='par_1_11' title="bbox 178 1088 1739 1164">
     <span class='ocr_line' id='line_1_11' title="bbox 178 1088 1739 1164; baseline -0.005 -17"><span class='ocrx_word' id='word_1_57' title='bbox 178 1090 383 1164; x_wconf 77' lang='grc' dir='ltr'>προσῆν</span> <span class='ocrx_word' id='word_1_58' title='bbox 414 1092 511 1145; x_wconf 79' lang='grc' dir='ltr'><strong>καὶ</strong></span> <span class='ocrx_word' id='word_1_59' title='bbox 539 1090 853 1162; x_wconf 74' lang='grc' dir='ltr'>δειμαίνειν,</span> <span class='ocrx_word' id='word_1_60' title='bbox 884 1088 1018 1143; x_wconf 87' lang='grc' dir='ltr'><strong>ἀλλά</strong></span> <span class='ocrx_word' id='word_1_61' title='bbox 1050 1088 1158 1160; x_wconf 85' lang='grc' dir='ltr'><strong>γὰρ</strong></span> <span class='ocrx_word' id='word_1_62' title='bbox 1189 1089 1284 1143; x_wconf 73' lang='grc' dir='ltr'>καὶ</span> <span class='ocrx_word' id='word_1_63' title='bbox 1328 1088 1498 1143; x_wconf 76' lang='grc' dir='ltr'>ἅπασι</span> <span class='ocrx_word' id='word_1_64' title='bbox 1540 1091 1651 1150; x_wconf 82' lang='grc' dir='ltr'>τοῖς</span> <span class='ocrx_word' id='word_1_65' title='bbox 1682 1089 1739 1139; x_wconf 80' lang='grc' dir='ltr'>ἐν</span> 
     </span>
    </p>
   </div>
   <div class='ocr_carea' id='block_1_12' title="bbox 178 1175 1738 1252">
    <p class='ocr_par' dir='ltr' id='par_1_12' title="bbox 178 1175 1738 1252">
     <span class='ocr_line' id='line_1_12' title="bbox 178 1175 1738 1252; baseline -0.004 -15"><span class='ocrx_word' id='word_1_66' title='bbox 178 1182 336 1237; x_wconf 79' lang='grc' dir='ltr'>τέλει·</span> <span class='ocrx_word' id='word_1_67' title='bbox 356 1181 451 1236; x_wconf 80' lang='grc' dir='ltr'><strong>καὶ</strong></span> <span class='ocrx_word' id='word_1_68' title='bbox 476 1180 730 1252; x_wconf 78' lang='grc' dir='ltr'>βασιλεὺς</span> <span class='ocrx_word' id='word_1_69' title='bbox 743 1179 820 1247; x_wconf 80' lang='grc' dir='ltr'>δὲ,</span> <span class='ocrx_word' id='word_1_70' title='bbox 844 1175 1016 1249; x_wconf 74' lang='grc' dir='ltr'>οἶμαι,</span> <span class='ocrx_word' id='word_1_71' title='bbox 1041 1177 1202 1242; x_wconf 77' lang='grc' dir='ltr'>αὐτὸς</span> <span class='ocrx_word' id='word_1_72' title='bbox 1226 1179 1287 1231; x_wconf 89' lang='grc' dir='ltr'><strong>ού</strong></span> <span class='ocrx_word' id='word_1_73' title='bbox 1316 1178 1457 1249; x_wconf 88' lang='grc' dir='ltr'>μάλα</span> <span class='ocrx_word' id='word_1_74' title='bbox 1472 1179 1538 1232; x_wconf 84' lang='grc' dir='ltr'><strong>τά</strong></span> <span class='ocrx_word' id='word_1_75' title='bbox 1557 1176 1738 1242; x_wconf 77' lang='grc' dir='ltr'>ξυνεν-</span> 
     </span>
    </p>
   </div>
   <div class='ocr_carea' id='block_1_13' title="bbox 180 1269 1740 1347">
    <p class='ocr_par' dir='ltr' id='par_1_13' title="bbox 180 1269 1740 1347">
     <span class='ocr_line' id='line_1_13' title="bbox 180 1269 1740 1347; baseline -0.004 -19"><span class='ocrx_word' id='word_1_76' title='bbox 180 1275 398 1347; x_wconf 74' lang='grc' dir='ltr'>εχθέντα</span> <span class='ocrx_word' id='word_1_77' title='bbox 417 1275 786 1346; x_wconf 82' lang='grc' dir='ltr'>περιεφρόνει.</span> <span class='ocrx_word' id='word_1_78' title='bbox 815 1270 1249 1343; x_wconf 79' lang='grc' dir='ltr'>’Ᾱπεκοσμοῦντο</span> <span class='ocrx_word' id='word_1_79' title='bbox 1271 1271 1575 1343; x_wconf 77' lang='grc' dir='ltr'><strong>τοιγαροῦν,</strong></span> <span class='ocrx_word' id='word_1_80' title='bbox 1603 1269 1740 1339; x_wconf 82' lang='grc' dir='ltr'>πρὸς</span> 
     </span>
    </p>
   </div>
   <div class='ocr_carea' id='block_1_14' title="bbox 180 1360 1738 1438">
    <p class='ocr_par' dir='ltr' id='par_1_14' title="bbox 180 1360 1738 1438">
     <span class='ocr_line' id='line_1_14' title="bbox 180 1360 1738 1438; baseline -0.004 -17"><span class='ocrx_word' id='word_1_81' title='bbox 180 1367 337 1422; x_wconf 80' lang='grc' dir='ltr'>αὐτοῦ</span> <span class='ocrx_word' id='word_1_82' title='bbox 401 1364 891 1438; x_wconf 77' lang='grc' dir='ltr'>ἐπιτετραμμένον.</span> <span class='ocrx_word' id='word_1_83' title='bbox 941 1364 1011 1417; x_wconf 85' lang='grc' dir='ltr'>τὰ</span> <span class='ocrx_word' id='word_1_84' title='bbox 1065 1364 1185 1436; x_wconf 85' lang='grc' dir='ltr'><strong>ίερά</strong></span> <span class='ocrx_word' id='word_1_85' title='bbox 1228 1360 1400 1416; x_wconf 80' lang='grc' dir='ltr'>ὁπόσα</span> <span class='ocrx_word' id='word_1_86' title='bbox 1448 1362 1603 1425; x_wconf 77' lang='grc' dir='ltr'>ἐκτὸς</span> <span class='ocrx_word' id='word_1_87' title='bbox 1644 1362 1738 1415; x_wconf 82' lang='grc' dir='ltr'>τοῦ</span> 
     </span>
    </p>
   </div>
   <div class='ocr_carea' id='block_1_15' title="bbox 181 1452 1741 1530">
    <p class='ocr_par' dir='ltr' id='par_1_15' title="bbox 181 1452 1741 1530">
     <span class='ocr_line' id='line_1_15' title="bbox 181 1452 1741 1530; baseline -0.006 -17"><span class='ocrx_word' id='word_1_88' title='bbox 181 1458 366 1523; x_wconf 79' lang='grc' dir='ltr'><strong>ἄστεος</strong></span> <span class='ocrx_word' id='word_1_89' title='bbox 404 1459 619 1530; x_wconf 81' lang='grc' dir='ltr'>ἵδρυται</span> <span class='ocrx_word' id='word_1_90' title='bbox 661 1457 703 1488; x_wconf 84' lang='grc'><strong>¹⁰</strong></span> <span class='ocrx_word' id='word_1_91' title='bbox 740 1455 882 1509; x_wconf 80' lang='grc' dir='ltr'>κατὰ</span> <span class='ocrx_word' id='word_1_92' title='bbox 916 1456 985 1508; x_wconf 86' lang='grc' dir='ltr'><strong>τά</strong></span> <span class='ocrx_word' id='word_1_93' title='bbox 1018 1455 1315 1525; x_wconf 80' lang='grc' dir='ltr'>Εὑρωπαϊα</span> <span class='ocrx_word' id='word_1_94' title='bbox 1345 1454 1485 1524; x_wconf 83' lang='grc' dir='ltr'>μέρη</span> <span class='ocrx_word' id='word_1_95' title='bbox 1526 1452 1741 1506; x_wconf 76' lang='grc' dir='ltr'>καὶτὸν</span> 
     </span>
    </p>
   </div>
   <div class='ocr_carea' id='block_1_16' title="bbox 182 1543 1743 1625">
    <p class='ocr_par' dir='ltr' id='par_1_16' title="bbox 182 1543 1743 1625">
     <span class='ocr_line' id='line_1_16' title="bbox 182 1543 1743 1625; baseline -0.003 -23"><span class='ocrx_word' id='word_1_96' title='bbox 182 1550 477 1625; x_wconf 78' lang='grc' dir='ltr'>παράκτιον</span> <span class='ocrx_word' id='word_1_97' title='bbox 507 1547 701 1618; x_wconf 84' lang='grc' dir='ltr'>χῶρον,</span> <span class='ocrx_word' id='word_1_98' title='bbox 745 1546 805 1609; x_wconf 82' lang='grc' dir='ltr'>ὃς</span> <span class='ocrx_word' id='word_1_99' title='bbox 836 1545 901 1617; x_wconf 79' lang='grc' dir='ltr'>δὴ</span> <span class='ocrx_word' id='word_1_100' title='bbox 922 1545 1165 1617; x_wconf 35' lang='grc' dir='ltr'>κάρχεται</span> <span class='ocrx_word' id='word_1_101' title='bbox 1193 1546 1236 1577; x_wconf 82' lang='grc'>¹¹</span> <span class='ocrx_word' id='word_1_102' title='bbox 1269 1545 1368 1616; x_wconf 70' lang='grc' dir='ltr'>μὲν</span> <span class='ocrx_word' id='word_1_103' title='bbox 1405 1546 1469 1597; x_wconf 78' lang='grc' dir='ltr'>ὲκ</span> <span class='ocrx_word' id='word_1_104' title='bbox 1504 1543 1613 1597; x_wconf 83' lang='grc' dir='ltr'><strong>τῶν</strong></span> <span class='ocrx_word' id='word_1_105' title='bbox 1644 1561 1743 1598; x_wconf 85' lang='grc' dir='ltr'>κα-</span> 
     </span>
    </p>
   </div>
   <div class='ocr_carea' id='block_1_17' title="bbox 182 1634 1742 1713">
    <p class='ocr_par' dir='ltr' id='par_1_17' title="bbox 182 1634 1742 1713">
     <span class='ocr_line' id='line_1_17' title="bbox 182 1634 1742 1713; baseline -0.005 -17"><span class='ocrx_word' id='word_1_106' title='bbox 182 1642 451 1713; x_wconf 84' lang='grc' dir='ltr'>λουμένων</span> <span class='ocrx_word' id='word_1_107' title='bbox 479 1638 797 1711; x_wconf 86' lang='grc' dir='ltr'>Βλαχερνῶν</span> <span class='ocrx_word' id='word_1_108' title='bbox 822 1640 915 1699; x_wconf 83' lang='grc' dir='ltr'>καὶ</span> <span class='ocrx_word' id='word_1_109' title='bbox 934 1637 1027 1693; x_wconf 83' lang='grc' dir='ltr'>τοῦ</span> <span class='ocrx_word' id='word_1_110' title='bbox 1051 1639 1242 1708; x_wconf 83' lang='grc' dir='ltr'>Κέρως</span> <span class='ocrx_word' id='word_1_111' title='bbox 1266 1639 1329 1702; x_wconf 77' lang='grc'><strong>⁸³,</strong></span> <span class='ocrx_word' id='word_1_112' title='bbox 1363 1637 1528 1708; x_wconf 81' lang='grc' dir='ltr'>μέχρι</span> <span class='ocrx_word' id='word_1_113' title='bbox 1558 1636 1614 1689; x_wconf 84' lang='grc' dir='ltr'>δὲ</span> <span class='ocrx_word' id='word_1_114' title='bbox 1646 1634 1742 1689; x_wconf 83' lang='grc' dir='ltr'>τοῦ</span> 
     </span>
    </p>
   </div>
   <div class='ocr_carea' id='block_1_18' title="bbox 184 1728 1741 1803">
    <p class='ocr_par' dir='ltr' id='par_1_18' title="bbox 184 1728 1741 1803">
     <span class='ocr_line' id='line_1_18' title="bbox 184 1728 1741 1803; baseline -0.005 -16"><span class='ocrx_word' id='word_1_115' title='bbox 184 1733 436 1798; x_wconf 76' lang='grc' dir='ltr'>Εὐξείνου</span> <span class='ocrx_word' id='word_1_116' title='bbox 471 1731 669 1785; x_wconf 85' lang='grc' dir='ltr'>πόντου</span> <span class='ocrx_word' id='word_1_117' title='bbox 710 1728 1189 1803; x_wconf 84' lang='grc' dir='ltr'>παρατεινόμενος,</span> <span class='ocrx_word' id='word_1_118' title='bbox 1219 1728 1298 1799; x_wconf 85' lang='grc' dir='ltr'>τῷ</span> <span class='ocrx_word' id='word_1_119' title='bbox 1327 1728 1587 1799; x_wconf 83' lang='grc' dir='ltr'>Βοσπόρῳ</span> <span class='ocrx_word' id='word_1_120' title='bbox 1616 1744 1741 1779; x_wconf 85' lang='grc' dir='ltr'>συν-</span> 
     </span>
    </p>
   </div>
   <div class='ocr_carea' id='block_1_19' title="bbox 183 1816 1744 1897">
    <p class='ocr_par' dir='ltr' id='par_1_19' title="bbox 183 1816 1744 1897">
     <span class='ocr_line' id='line_1_19' title="bbox 183 1816 1744 1897; baseline -0.005 -18"><span class='ocrx_word' id='word_1_121' title='bbox 183 1824 463 1897; x_wconf 81' lang='grc' dir='ltr'>απολήγει.</span> <span class='ocrx_word' id='word_1_122' title='bbox 495 1822 715 1877; x_wconf 80' lang='grc' dir='ltr'>Τούτων</span> <span class='ocrx_word' id='word_1_123' title='bbox 736 1822 800 1893; x_wconf 84' lang='grc' dir='ltr'>δὴ</span> <span class='ocrx_word' id='word_1_124' title='bbox 826 1816 918 1875; x_wconf 81' lang='grc' dir='ltr'>οὖν</span> <span class='ocrx_word' id='word_1_125' title='bbox 956 1822 1207 1875; x_wconf 80' lang='grc' dir='ltr'>ἁπάντων</span> <span class='ocrx_word' id='word_1_126' title='bbox 1230 1820 1299 1873; x_wconf 84' lang='grc' dir='ltr'><strong>τά</strong></span> <span class='ocrx_word' id='word_1_127' title='bbox 1325 1836 1384 1873; x_wconf 90' lang='grc' dir='ltr'><strong>τε</strong></span> <span class='ocrx_word' id='word_1_128' title='bbox 1419 1818 1613 1888; x_wconf 72' lang='grc' dir='ltr'>ἔντιμα</span> <span class='ocrx_word' id='word_1_129' title='bbox 1634 1819 1744 1872; x_wconf 87' lang='grc' dir='ltr'><strong>τῶν</strong></span> 
     </span>
    </p>
   </div>
   <div class='ocr_carea' id='block_1_20' title="bbox 183 1892 1817 1983">
    <p class='ocr_par' dir='ltr' id='par_1_20' title="bbox 183 1892 1817 1983">
     <span class='ocr_line' id='line_1_20' title="bbox 183 1892 1817 1983; baseline -0.004 -16"><span class='ocrx_word' id='word_1_130' title='bbox 183 1892 548 1983; x_wconf 60' lang='grc' dir='ltr'>ἀναθήμάτων</span> <span class='ocrx_word' id='word_1_131' title='bbox 596 1910 692 1963; x_wconf 83' lang='grc' dir='ltr'>καὶ</span> <span class='ocrx_word' id='word_1_132' title='bbox 733 1892 833 1981; x_wconf 60' lang='grc' dir='ltr'><strong>τὴν</strong></span> <span class='ocrx_word' id='word_1_133' title='bbox 878 1909 1041 1980; x_wconf 81' lang='grc' dir='ltr'>ἀλλην</span> <span class='ocrx_word' id='word_1_134' title='bbox 1080 1909 1470 1983; x_wconf 81' lang='grc' dir='ltr'>ἀφαιρούμενοι</span> <span class='ocrx_word' id='word_1_135' title='bbox 1502 1909 1547 1940; x_wconf 76' lang='grc'><strong>⁸³</strong></span> <span class='ocrx_word' id='word_1_136' title='bbox 1576 1926 1742 1963; x_wconf 61' lang='grc' dir='ltr'>κατσρ</span> <span class='ocrx_word' id='word_1_137' title='bbox 1776 1892 1817 1946; x_wconf 70' lang='grc' dir='ltr'><strong>Β</strong></span> 
     </span>
    </p>
   </div>
   <div class='ocr_carea' id='block_1_21' title="bbox 187 1998 1743 2073">
    <p class='ocr_par' dir='ltr' id='par_1_21' title="bbox 187 1998 1743 2073">
     <span class='ocr_line' id='line_1_21' title="bbox 187 1998 1743 2073; baseline -0.001 -18"><span class='ocrx_word' id='word_1_138' title='bbox 187 2001 379 2073; x_wconf 82' lang='grc' dir='ltr'>σκευὴν</span> <span class='ocrx_word' id='word_1_139' title='bbox 401 1998 485 2064; x_wconf 76' lang='grc' dir='ltr'>οἷς</span> <span class='ocrx_word' id='word_1_140' title='bbox 514 2000 689 2054; x_wconf 80' lang='grc' dir='ltr'>ταῦτα</span> <span class='ocrx_word' id='word_1_141' title='bbox 714 2002 911 2066; x_wconf 85' lang='grc' dir='ltr'>ἀνεῖτο,</span> <span class='ocrx_word' id='word_1_142' title='bbox 951 2001 1019 2055; x_wconf 82' lang='grc' dir='ltr'>τὰ</span> <span class='ocrx_word' id='word_1_143' title='bbox 1048 2001 1147 2073; x_wconf 82' lang='grc' dir='ltr'>μὲν</span> <span class='ocrx_word' id='word_1_144' title='bbox 1184 2002 1270 2070; x_wconf 76' lang='grc' dir='ltr'><strong>ἐφ’</strong></span> <span class='ocrx_word' id='word_1_145' title='bbox 1297 1999 1519 2073; x_wconf 80' lang='grc' dir='ltr'>ἁμαξῶν</span> <span class='ocrx_word' id='word_1_146' title='bbox 1551 2002 1743 2073; x_wconf 81' lang='grc' dir='ltr'>φέρον-</span> 
     </span>
    </p>
   </div>
   <div class='ocr_carea' id='block_1_22' title="bbox 184 2092 1745 2161">
    <p class='ocr_par' dir='ltr' id='par_1_22' title="bbox 184 2092 1745 2161">
     <span class='ocr_line' id='line_1_22' title="bbox 184 2092 1745 2161; baseline 0 -15"><span class='ocrx_word' id='word_1_147' title='bbox 184 2110 291 2159; x_wconf 87' lang='grc' dir='ltr'>τες,</span> <span class='ocrx_word' id='word_1_148' title='bbox 331 2093 464 2146; x_wconf 86' lang='grc' dir='ltr'>είσω</span> <span class='ocrx_word' id='word_1_149' title='bbox 503 2093 602 2161; x_wconf 84' lang='grc' dir='ltr'><strong>τῆς</strong></span> <span class='ocrx_word' id='word_1_150' title='bbox 640 2092 846 2155; x_wconf 86' lang='grc' dir='ltr'>πόλεως</span> <span class='ocrx_word' id='word_1_151' title='bbox 873 2092 1189 2146; x_wconf 83' lang='grc' dir='ltr'><strong>ἀπετίθεντο</strong></span> <span class='ocrx_word' id='word_1_152' title='bbox 1217 2092 1282 2158; x_wconf 65' lang='grc' dir='ltr'><strong>ιδ,</strong></span> <span class='ocrx_word' id='word_1_153' title='bbox 1312 2092 1382 2145; x_wconf 80' lang='grc' dir='ltr'>τὰ</span> <span class='ocrx_word' id='word_1_154' title='bbox 1420 2092 1479 2145; x_wconf 72' lang='grc' dir='ltr'>δὲ</span> <span class='ocrx_word' id='word_1_155' title='bbox 1522 2092 1745 2156; x_wconf 78' lang='grc' dir='ltr'><strong>ἀκάτοις</strong></span> 
     </span>
    </p>
   </div>
   <div class='ocr_carea' id='block_1_23' title="bbox 190 2183 1746 2256">
    <p class='ocr_par' dir='ltr' id='par_1_23' title="bbox 190 2183 1746 2256">
     <span class='ocr_line' id='line_1_23' title="bbox 190 2183 1746 2256; baseline -0.001 -18"><span class='ocrx_word' id='word_1_156' title='bbox 190 2183 544 2255; x_wconf 65' lang='grc' dir='ltr'>ἐμϐάλλοντες</span> <span class='ocrx_word' id='word_1_157' title='bbox 572 2184 669 2237; x_wconf 76' lang='grc' dir='ltr'>καὶ</span> <span class='ocrx_word' id='word_1_158' title='bbox 694 2184 786 2237; x_wconf 66' lang='grc' dir='ltr'>τὸν</span> <span class='ocrx_word' id='word_1_159' title='bbox 822 2183 1020 2254; x_wconf 80' lang='grc' dir='ltr'>μεταξὺ</span> <span class='ocrx_word' id='word_1_160' title='bbox 1060 2184 1303 2256; x_wconf 77' lang='grc' dir='ltr'>πορθμὸν</span> <span class='ocrx_word' id='word_1_161' title='bbox 1330 2184 1746 2255; x_wconf 87' lang='grc' dir='ltr'>διαπεραιούμε-</span> 
     </span>
    </p>
   </div>
   <div class='ocr_carea' id='block_1_24' title="bbox 190 2261 1745 2348">
    <p class='ocr_par' dir='ltr' id='par_1_24' title="bbox 190 2261 1745 2348">
     <span class='ocr_line' id='line_1_24' title="bbox 190 2261 1745 2348; baseline -0.001 -18"><span class='ocrx_word' id='word_1_162' title='bbox 190 2294 288 2343; x_wconf 87' lang='grc' dir='ltr'>νοι,</span> <span class='ocrx_word' id='word_1_163' title='bbox 313 2277 370 2340; x_wconf 74' lang='grc' dir='ltr'>ἐς</span> <span class='ocrx_word' id='word_1_164' title='bbox 403 2276 503 2347; x_wconf 77' lang='grc' dir='ltr'>τὴν</span> <span class='ocrx_word' id='word_1_165' title='bbox 540 2276 872 2347; x_wconf 79' lang='grc' dir='ltr'>καταντικρὺ</span> <span class='ocrx_word' id='word_1_166' title='bbox 902 2276 1126 2347; x_wconf 68' lang='grc' dir='ltr'>ἧπειρον</span> <span class='ocrx_word' id='word_1_167' title='bbox 1156 2261 1503 2348; x_wconf 75' lang='grc' dir='ltr'>ἀπεκόμιζον.</span> <span class='ocrx_word' id='word_1_168' title='bbox 1541 2278 1649 2330; x_wconf 76' lang='grc' dir='ltr'><strong>Καὶ</strong></span> <span class='ocrx_word' id='word_1_169' title='bbox 1677 2273 1745 2347; x_wconf 81' lang='grc' dir='ltr'>ἦν</span> 
     </span>
    </p>
   </div>
   <div class='ocr_carea' id='block_1_25' title="bbox 190 2367 1744 2441">
    <p class='ocr_par' dir='ltr' id='par_1_25' title="bbox 190 2367 1744 2441">
     <span class='ocr_line' id='line_1_25' title="bbox 190 2367 1744 2441; baseline 0 -18"><span class='ocrx_word' id='word_1_170' title='bbox 190 2370 247 2424; x_wconf 68' lang='grc' dir='ltr'>ἐν</span> <span class='ocrx_word' id='word_1_171' title='bbox 286 2369 372 2439; x_wconf 74' lang='grc' dir='ltr'>τῷ</span> <span class='ocrx_word' id='word_1_172' title='bbox 384 2369 512 2422; x_wconf 87' lang='grc' dir='ltr'>τότε</span> <span class='ocrx_word' id='word_1_173' title='bbox 535 2367 827 2423; x_wconf 90' lang='grc' dir='ltr'>θεάσασθαι</span> <span class='ocrx_word' id='word_1_174' title='bbox 852 2369 976 2433; x_wconf 81' lang='grc' dir='ltr'>τοὺς</span> <span class='ocrx_word' id='word_1_175' title='bbox 1008 2370 1190 2441; x_wconf 81' lang='grc' dir='ltr'>ἐκείνῃ</span> <span class='ocrx_word' id='word_1_176' title='bbox 1214 2369 1348 2433; x_wconf 86' lang='grc' dir='ltr'>νεὼς</span> <span class='ocrx_word' id='word_1_177' title='bbox 1379 2371 1620 2440; x_wconf 79' lang='grc' dir='ltr'>γυμνοὺς</span> <span class='ocrx_word' id='word_1_178' title='bbox 1649 2371 1744 2423; x_wconf 74' lang='grc' dir='ltr'>καὶ</span> 
     </span>
    </p>
   </div>
   <div class='ocr_carea' id='block_1_26' title="bbox 192 2456 1747 2531">
    <p class='ocr_par' dir='ltr' id='par_1_26' title="bbox 192 2456 1747 2531">
     <span class='ocr_line' id='line_1_26' title="bbox 192 2456 1747 2531; baseline -0.001 -18"><span class='ocrx_word' id='word_1_179' title='bbox 192 2458 689 2531; x_wconf 80' lang='grc' dir='ltr'>ἁπηγλαῖσμὲνους,</span> <span class='ocrx_word' id='word_1_180' title='bbox 720 2457 903 2528; x_wconf 83' lang='grc' dir='ltr'>ὥσπερ</span> <span class='ocrx_word' id='word_1_181' title='bbox 931 2456 1082 2512; x_wconf 76' lang='grc' dir='ltr'>οὔπω</span> <span class='ocrx_word' id='word_1_182' title='bbox 1104 2460 1202 2530; x_wconf 84' lang='grc' dir='ltr'>τῆς</span> <span class='ocrx_word' id='word_1_183' title='bbox 1232 2459 1509 2527; x_wconf 81' lang='grc' dir='ltr'>ἁγιστείας</span> <span class='ocrx_word' id='word_1_184' title='bbox 1535 2460 1578 2491; x_wconf 81' lang='grc'>¹⁸</span> <span class='ocrx_word' id='word_1_185' title='bbox 1621 2475 1747 2527; x_wconf 83' lang='grc' dir='ltr'>μετ-</span> 
     </span>
    </p>
   </div>
   <div class='ocr_carea' id='block_1_27' title="bbox 191 2544 1546 2622">
    <p class='ocr_par' dir='ltr' id='par_1_27' title="bbox 191 2544 1546 2622">
     <span class='ocr_line' id='line_1_27' title="bbox 191 2544 1546 2622; baseline 0.001 -19"><span class='ocrx_word' id='word_1_186' title='bbox 191 2551 494 2622; x_wconf 81' lang='grc' dir='ltr'>ειληχότας,</span> <span class='ocrx_word' id='word_1_187' title='bbox 524 2549 636 2604; x_wconf 85' lang='grc' dir='ltr'>ἀλλ’</span> <span class='ocrx_word' id='word_1_188' title='bbox 664 2544 793 2621; x_wconf 76' lang='grc' dir='ltr'>ἄρτι</span> <span class='ocrx_word' id='word_1_189' title='bbox 814 2548 1166 2605; x_wconf 83' lang='grc' dir='ltr'>καθίστασθαι</span> <span class='ocrx_word' id='word_1_190' title='bbox 1192 2549 1546 2620; x_wconf 79' lang='grc' dir='ltr'>ἀρχομένους.</span> 
     </span>
    </p>
   </div>
   <div class='ocr_carea' id='block_1_28' title="bbox 259 2832 1751 2906">
    <p class='ocr_par' dir='ltr' id='par_1_28' title="bbox 259 2832 1751 2906">
     <span class='ocr_line' id='line_1_28' title="bbox 259 2832 1751 2906; baseline -0.003 -15"><span class='ocrx_word' id='word_1_191' title='bbox 259 2843 340 2892; x_wconf 85' lang='grc' dir='ltr'>ιε’.</span> <span class='ocrx_word' id='word_1_192' title='bbox 370 2834 531 2890; x_wconf 77' lang='grc' dir='ltr'>Οὕτω</span> <span class='ocrx_word' id='word_1_193' title='bbox 560 2834 615 2889; x_wconf 75' lang='grc' dir='ltr'>δὲ</span> <span class='ocrx_word' id='word_1_194' title='bbox 642 2833 860 2906; x_wconf 70' lang='grc' dir='ltr'>φοϐεροί</span> <span class='ocrx_word' id='word_1_195' title='bbox 886 2850 946 2887; x_wconf 86' lang='grc' dir='ltr'><strong>τε</strong></span> <span class='ocrx_word' id='word_1_196' title='bbox 968 2832 1061 2887; x_wconf 75' lang='grc' dir='ltr'>καὶ</span> <span class='ocrx_word' id='word_1_197' title='bbox 1086 2832 1330 2904; x_wconf 79' lang='grc' dir='ltr'>μέγιστοι</span> <span class='ocrx_word' id='word_1_198' title='bbox 1368 2833 1601 2888; x_wconf 81' lang='grc' dir='ltr'>κίνδυνοι</span> <span class='ocrx_word' id='word_1_199' title='bbox 1631 2834 1751 2888; x_wconf 75' lang='grc' dir='ltr'>ἐπί-</span> 
     </span>
    </p>
   </div>
   <div class='ocr_carea' id='block_1_29' title="bbox 188 2922 1793 3000">
    <p class='ocr_par' dir='ltr' id='par_1_29' title="bbox 188 2922 1793 3000">
     <span class='ocr_line' id='line_1_29' title="bbox 188 2922 1793 3000; baseline -0.001 -18"><span class='ocrx_word' id='word_1_200' title='bbox 188 2927 325 2993; x_wconf 81' lang='grc' dir='ltr'>δοξοι</span> <span class='ocrx_word' id='word_1_201' title='bbox 367 2928 413 2960; x_wconf 83' lang='grc'><strong>¹⁶</strong></span> <span class='ocrx_word' id='word_1_202' title='bbox 446 2922 591 3000; x_wconf 72' lang='grc' dir='ltr'>ἦσαν</span> <span class='ocrx_word' id='word_1_203' title='bbox 624 2927 700 2990; x_wconf 84' lang='grc' dir='ltr'>ὡς</span> <span class='ocrx_word' id='word_1_204' title='bbox 721 2926 935 2990; x_wconf 87' lang='grc' dir='ltr'>πάντως</span> <span class='ocrx_word' id='word_1_205' title='bbox 964 2927 1229 2997; x_wconf 69' lang='grc' dir='ltr'>ἐσόμενοι,</span> <span class='ocrx_word' id='word_1_206' title='bbox 1270 2925 1410 2980; x_wconf 84' lang='grc' dir='ltr'>ὥστε</span> <span class='ocrx_word' id='word_1_207' title='bbox 1454 2927 1645 2997; x_wconf 83' lang='grc' dir='ltr'>ἀμέλει</span> <span class='ocrx_word' id='word_1_208' title='bbox 1669 2927 1749 2999; x_wconf 84' lang='grc' dir='ltr'>τῷ</span> <span class='ocrx_word' id='word_1_209' title='bbox 1790 2928 1793 2929; x_wconf 58' lang='grc'><strong><em>⁷</em></strong></span> 
     </span>
    </p>
   </div>
   <div class='ocr_carea' id='block_1_30' title="bbox 189 3017 1748 3092">
    <p class='ocr_par' dir='ltr' id='par_1_30' title="bbox 189 3017 1748 3092">
     <span class='ocr_line' id='line_1_30' title="bbox 189 3017 1748 3092; baseline -0.004 -19"><span class='ocrx_word' id='word_1_210' title='bbox 189 3035 255 3073; x_wconf 84' lang='grc' dir='ltr'><strong>τε</strong></span> <span class='ocrx_word' id='word_1_211' title='bbox 272 3020 330 3073; x_wconf 75' lang='grc' dir='ltr'>ὲν</span> <span class='ocrx_word' id='word_1_212' title='bbox 350 3020 556 3083; x_wconf 78' lang='grc' dir='ltr'>Συκαῖς</span> <span class='ocrx_word' id='word_1_213' title='bbox 582 3017 750 3089; x_wconf 85' lang='grc' dir='ltr'>τείχει</span> <span class='ocrx_word' id='word_1_214' title='bbox 779 3019 873 3072; x_wconf 75' lang='grc' dir='ltr'>καὶ</span> <span class='ocrx_word' id='word_1_215' title='bbox 892 3020 958 3089; x_wconf 84' lang='grc' dir='ltr'><strong>τῇ</strong></span> <span class='ocrx_word' id='word_1_216' title='bbox 989 3019 1175 3090; x_wconf 79' lang='grc' dir='ltr'>Χρυσῇ</span> <span class='ocrx_word' id='word_1_217' title='bbox 1202 3018 1506 3091; x_wconf 79' lang='grc' dir='ltr'>καλουμένῃ</span> <span class='ocrx_word' id='word_1_218' title='bbox 1538 3019 1680 3092; x_wconf 76' lang='grc' dir='ltr'>πύλῃ</span> <span class='ocrx_word' id='word_1_219' title='bbox 1703 3020 1748 3051; x_wconf 80' lang='grc' dir='ltr'><strong>ιτ</strong></span> 
     </span>
    </p>
   </div>
   <div class='ocr_carea' id='block_1_31' title="bbox 192 3109 1750 3186">
    <p class='ocr_par' dir='ltr' id='par_1_31' title="bbox 192 3109 1750 3186">
     <span class='ocr_line' id='line_1_31' title="bbox 192 3109 1750 3186; baseline -0.003 -17"><span class='ocrx_word' id='word_1_220' title='bbox 192 3113 405 3186; x_wconf 85' lang='grc' dir='ltr'>λοχαγοί</span> <span class='ocrx_word' id='word_1_221' title='bbox 431 3129 578 3177; x_wconf 83' lang='grc' dir='ltr'>τινες</span> <span class='ocrx_word' id='word_1_222' title='bbox 617 3111 714 3165; x_wconf 77' lang='grc' dir='ltr'>καὶ</span> <span class='ocrx_word' id='word_1_223' title='bbox 754 3109 1032 3181; x_wconf 84' lang='grc' dir='ltr'>ταξίαρχοι</span> <span class='ocrx_word' id='word_1_224' title='bbox 1073 3109 1168 3164; x_wconf 76' lang='grc' dir='ltr'><strong>καὶ</strong></span> <span class='ocrx_word' id='word_1_225' title='bbox 1193 3110 1405 3164; x_wconf 83' lang='grc' dir='ltr'>ὁπλῖται</span> <span class='ocrx_word' id='word_1_226' title='bbox 1434 3111 1619 3165; x_wconf 74' lang='grc' dir='ltr'>πολλοὶ</span> <span class='ocrx_word' id='word_1_227' title='bbox 1654 3115 1750 3183; x_wconf 55' lang='lat' dir='ltr'><strong>te-</strong></span> 
     </span>
    </p>
   </div>
   <div class='ocr_carea' id='block_1_32' title="bbox 193 3200 1587 3277">
    <p class='ocr_par' dir='ltr' id='par_1_32' title="bbox 193 3200 1587 3277">
     <span class='ocr_line' id='line_1_32' title="bbox 193 3200 1587 3277; baseline -0.001 -21"><span class='ocrx_word' id='word_1_228' title='bbox 193 3205 556 3277; x_wconf 73' lang='grc' dir='ltr'>ειστήκεισαν.</span> <span class='ocrx_word' id='word_1_229' title='bbox 608 3200 686 3266; x_wconf 82' lang='grc' dir='ltr'>ὡς</span> <span class='ocrx_word' id='word_1_230' title='bbox 723 3201 789 3272; x_wconf 78' lang='grc' dir='ltr'>δὴ</span> <span class='ocrx_word' id='word_1_231' title='bbox 830 3200 1120 3273; x_wconf 83' lang='grc' dir='ltr'>προθύμως</span> <span class='ocrx_word' id='word_1_232' title='bbox 1168 3202 1496 3272; x_wconf 85' lang='grc' dir='ltr'>ἀμυνόμενοι</span> <span class='ocrx_word' id='word_1_233' title='bbox 1546 3204 1587 3233; x_wconf 83' lang='grc'><strong>¹¹¹</strong></span> 
     </span>
    </p>
   </div>
   <div class='ocr_carea' id='block_1_33' title="bbox 1834 638 3395 709">
    <p class='ocr_par' dir='ltr' id='par_1_33' title="bbox 1834 638 3395 709">
     <span class='ocr_line' id='line_1_33' title="bbox 1834 638 3395 709; baseline 0 -14"><span class='ocrx_word' id='word_1_234' title='bbox 1834 656 2016 696; x_wconf 89' lang='lat' dir='ltr'><strong>rerum</strong></span> <span class='ocrx_word' id='word_1_235' title='bbox 2050 642 2477 695; x_wconf 89' lang='lat' dir='ltr'><strong>necessariarum</strong></span> <span class='ocrx_word' id='word_1_236' title='bbox 2505 638 2768 709; x_wconf 89' lang='lat' dir='ltr'><strong>inopiam,</strong></span> <span class='ocrx_word' id='word_1_237' title='bbox 2795 638 3162 709; x_wconf 68' lang='lat' dir='ltr'><strong>moeniumque</strong></span> <span class='ocrx_word' id='word_1_238' title='bbox 3188 639 3395 709; x_wconf 82' lang='lat' dir='ltr'><strong>perfra-</strong></span> 
     </span>
    </p>
   </div>
   <div class='ocr_carea' id='block_1_34' title="bbox 1833 729 3396 799">
    <p class='ocr_par' dir='ltr' id='par_1_34' title="bbox 1833 729 3396 799">
     <span class='ocr_line' id='line_1_34' title="bbox 1833 729 3396 799; baseline 0.001 -12"><span class='ocrx_word' id='word_1_239' title='bbox 1833 733 2065 787; x_wconf 87' lang='lat' dir='ltr'><strong>ctiones.</strong></span> <span class='ocrx_word' id='word_1_240' title='bbox 2096 731 2364 799; x_wconf 84' lang='lat' dir='ltr'><strong>Quocirca</strong></span> <span class='ocrx_word' id='word_1_241' title='bbox 2409 731 2723 799; x_wconf 84' lang='lat' dir='ltr'><strong>frequenter</strong></span> <span class='ocrx_word' id='word_1_242' title='bbox 2745 732 2907 785; x_wconf 90' lang='lat' dir='ltr'><strong>etiam</strong></span> <span class='ocrx_word' id='word_1_243' title='bbox 2954 729 3007 785; x_wconf 91' lang='lat' dir='ltr'><strong>in</strong></span> <span class='ocrx_word' id='word_1_244' title='bbox 3045 731 3396 789; x_wconf 83' lang='lat' dir='ltr'><strong>interioribus</strong></span> 
     </span>
    </p>
   </div>
   <div class='ocr_carea' id='block_1_35' title="bbox 1835 821 3399 895">
    <p class='ocr_par' dir='ltr' id='par_1_35' title="bbox 1835 821 3399 895">
     <span class='ocr_line' id='line_1_35' title="bbox 1835 821 3399 895; baseline 0.001 -16"><span class='ocrx_word' id='word_1_245' title='bbox 1835 824 2030 895; x_wconf 91' lang='lat' dir='ltr'><strong>plateis</strong></span> <span class='ocrx_word' id='word_1_246' title='bbox 2058 824 2225 880; x_wconf 90' lang='lat' dir='ltr'><strong>densa</strong></span> <span class='ocrx_word' id='word_1_247' title='bbox 2251 823 2611 878; x_wconf 76' lang='lat' dir='ltr'><strong>multitudinis</strong></span> <span class='ocrx_word' id='word_1_248' title='bbox 2635 821 2758 892; x_wconf 89' lang='lat' dir='ltr'><strong>fuga</strong></span> <span class='ocrx_word' id='word_1_249' title='bbox 2790 823 2949 877; x_wconf 81' lang='lat' dir='ltr'><strong>flebat</strong></span> <span class='ocrx_word' id='word_1_250' title='bbox 2968 863 2984 889; x_wconf 93' lang='lat'><strong>,</strong></span> <span class='ocrx_word' id='word_1_251' title='bbox 3012 822 3399 892; x_wconf 80' lang='lat' dir='ltr'><strong>impulsiones-</strong></span> 
     </span>
    </p>
   </div>
   <div class='ocr_carea' id='block_1_36' title="bbox 1834 910 3399 986">
    <p class='ocr_par' dir='ltr' id='par_1_36' title="bbox 1834 910 3399 986">
     <span class='ocr_line' id='line_1_36' title="bbox 1834 910 3399 986; baseline 0.001 -19"><span class='ocrx_word' id='word_1_252' title='bbox 1834 931 1939 986; x_wconf 86' lang='lat' dir='ltr'><strong>que</strong></span> <span class='ocrx_word' id='word_1_253' title='bbox 1960 910 2161 970; x_wconf 69' lang='lat' dir='ltr'><strong>mutuae</strong></span> <span class='ocrx_word' id='word_1_254' title='bbox 2179 956 2193 980; x_wconf 94' lang='lat'><strong>,</strong></span> <span class='ocrx_word' id='word_1_255' title='bbox 2218 925 2272 969; x_wconf 90' lang='lat' dir='ltr'><strong>et</strong></span> <span class='ocrx_word' id='word_1_256' title='bbox 2300 930 2526 985; x_wconf 80' lang='lat' dir='ltr'><strong>pavores</strong></span> <span class='ocrx_word' id='word_1_257' title='bbox 2548 914 2836 979; x_wconf 81' lang='lat' dir='ltr'><strong>subitanei,</strong></span> <span class='ocrx_word' id='word_1_258' title='bbox 2868 914 3087 984; x_wconf 82' lang='lat' dir='ltr'><strong>perinde</strong></span> <span class='ocrx_word' id='word_1_259' title='bbox 3116 930 3178 970; x_wconf 85' lang='lat' dir='ltr'><strong>ac</strong></span> <span class='ocrx_word' id='word_1_260' title='bbox 3202 916 3246 971; x_wconf 88' lang='lat' dir='ltr'><strong>si</strong></span> <span class='ocrx_word' id='word_1_261' title='bbox 3272 917 3399 969; x_wconf 86' lang='lat' dir='ltr'><strong>bar-</strong></span> 
     </span>
    </p>
   </div>
   <div class='ocr_carea' id='block_1_37' title="bbox 1836 1004 3401 1077">
    <p class='ocr_par' dir='ltr' id='par_1_37' title="bbox 1836 1004 3401 1077">
     <span class='ocr_line' id='line_1_37' title="bbox 1836 1004 3401 1077; baseline -0.001 -15"><span class='ocrx_word' id='word_1_262' title='bbox 1836 1007 1949 1062; x_wconf 88' lang='lat' dir='ltr'><strong>bari</strong></span> <span class='ocrx_word' id='word_1_263' title='bbox 1978 1005 2091 1075; x_wconf 88' lang='lat' dir='ltr'><strong>jam</strong></span> <span class='ocrx_word' id='word_1_264' title='bbox 2117 1005 2455 1073; x_wconf 83' lang='lat' dir='ltr'><strong>irrupissem.</strong></span> <span class='ocrx_word' id='word_1_265' title='bbox 2487 1005 2679 1077; x_wconf 90' lang='lat' dir='ltr'><strong>Ingens</strong></span> <span class='ocrx_word' id='word_1_266' title='bbox 2710 1006 2871 1060; x_wconf 87' lang='lat' dir='ltr'><strong>etiam</strong></span> <span class='ocrx_word' id='word_1_267' title='bbox 2907 1004 3088 1073; x_wconf 84' lang='lat' dir='ltr'><strong>fragor</strong></span> <span class='ocrx_word' id='word_1_268' title='bbox 3116 1021 3179 1061; x_wconf 91' lang='lat' dir='ltr'><strong>ac</strong></span> <span class='ocrx_word' id='word_1_269' title='bbox 3204 1007 3401 1077; x_wconf 84' lang='lat' dir='ltr'><strong>strepi-</strong></span> 
     </span>
    </p>
   </div>
   <div class='ocr_carea' id='block_1_38' title="bbox 1837 1086 3402 1165">
    <p class='ocr_par' dir='ltr' id='par_1_38' title="bbox 1837 1086 3402 1165">
     <span class='ocr_line' id='line_1_38' title="bbox 1837 1086 3402 1165; baseline -0.001 -14"><span class='ocrx_word' id='word_1_270' title='bbox 1837 1108 1921 1152; x_wconf 82' lang='lat' dir='ltr'><strong>tus</strong></span> <span class='ocrx_word' id='word_1_271' title='bbox 1951 1097 2004 1149; x_wconf 93' lang='lat' dir='ltr'><strong>in</strong></span> <span class='ocrx_word' id='word_1_272' title='bbox 2031 1096 2270 1151; x_wconf 81' lang='lat' dir='ltr'><strong>tabernis</strong></span> <span class='ocrx_word' id='word_1_273' title='bbox 2295 1096 2437 1165; x_wconf 88' lang='lat' dir='ltr'><strong>apud</strong></span> <span class='ocrx_word' id='word_1_274' title='bbox 2467 1096 2642 1151; x_wconf 87' lang='lat' dir='ltr'><strong>forum</strong></span> <span class='ocrx_word' id='word_1_275' title='bbox 2670 1086 3026 1161; x_wconf 69' lang='lat' dir='ltr'><strong>excitabatur,</strong></span> <span class='ocrx_word' id='word_1_276' title='bbox 3055 1095 3262 1151; x_wconf 89' lang='lat' dir='ltr'><strong>foribus</strong></span> <span class='ocrx_word' id='word_1_277' title='bbox 3292 1097 3402 1150; x_wconf 84' lang='lat' dir='ltr'><strong>vio-</strong></span> 
     </span>
    </p>
   </div>
   <div class='ocr_carea' id='block_1_39' title="bbox 1836 1185 3400 1257">
    <p class='ocr_par' dir='ltr' id='par_1_39' title="bbox 1836 1185 3400 1257">
     <span class='ocr_line' id='line_1_39' title="bbox 1836 1185 3400 1257; baseline 0 -16"><span class='ocrx_word' id='word_1_278' title='bbox 1836 1187 2294 1253; x_wconf 85' lang='lat' dir='ltr'><strong>lentius_collisis.</strong></span> <span class='ocrx_word' id='word_1_279' title='bbox 2325 1185 2512 1257; x_wconf 79' lang='lat' dir='ltr'><strong>Neque</strong></span> <span class='ocrx_word' id='word_1_280' title='bbox 2539 1186 2703 1257; x_wconf 75' lang='lat'><strong>309</strong></span> <span class='ocrx_word' id='word_1_281' title='bbox 2723 1202 2848 1241; x_wconf 89' lang='lat' dir='ltr'><strong>vero</strong></span> <span class='ocrx_word' id='word_1_282' title='bbox 2871 1187 3311 1257; x_wconf 72' lang='lat' dir='ltr'><strong>plebemtantnm</strong></span> <span class='ocrx_word' id='word_1_283' title='bbox 3335 1202 3400 1242; x_wconf 87' lang='lat' dir='ltr'><strong>ac</strong></span> 
     </span>
    </p>
   </div>
   <div class='ocr_carea' id='block_1_40' title="bbox 1839 1274 3400 1347">
    <p class='ocr_par' dir='ltr' id='par_1_40' title="bbox 1839 1274 3400 1347">
     <span class='ocr_line' id='line_1_40' title="bbox 1839 1274 3400 1347; baseline 0.002 -19"><span class='ocrx_word' id='word_1_284' title='bbox 1839 1276 2031 1346; x_wconf 79' lang='lat' dir='ltr'><strong>vulgus</strong></span> <span class='ocrx_word' id='word_1_285' title='bbox 2054 1274 2337 1330; x_wconf 87' lang='lat' dir='ltr'><strong>hominum</strong></span> <span class='ocrx_word' id='word_1_286' title='bbox 2362 1277 2518 1330; x_wconf 91' lang='lat' dir='ltr'><strong>dolor</strong></span> <span class='ocrx_word' id='word_1_287' title='bbox 2536 1284 2589 1330; x_wconf 89' lang='lat' dir='ltr'><strong>et</strong></span> <span class='ocrx_word' id='word_1_288' title='bbox 2622 1291 2785 1345; x_wconf 80' lang='lat' dir='ltr'><strong>pavor</strong></span> <span class='ocrx_word' id='word_1_289' title='bbox 2810 1276 3099 1347; x_wconf 77' lang='lat' dir='ltr'><strong>invaserat,</strong></span> <span class='ocrx_word' id='word_1_290' title='bbox 3124 1278 3215 1331; x_wconf 87' lang='lat' dir='ltr'><strong>sed</strong></span> <span class='ocrx_word' id='word_1_291' title='bbox 3239 1276 3400 1331; x_wconf 85' lang='lat' dir='ltr'><strong>etiam</strong></span> 
     </span>
    </p>
   </div>
   <div class='ocr_carea' id='block_1_41' title="bbox 1840 1366 3401 1436">
    <p class='ocr_par' dir='ltr' id='par_1_41' title="bbox 1840 1366 3401 1436">
     <span class='ocr_line' id='line_1_41' title="bbox 1840 1366 3401 1436; baseline 0 -13"><span class='ocrx_word' id='word_1_292' title='bbox 1840 1381 2027 1423; x_wconf 85' lang='lat' dir='ltr'><strong>omnes</strong></span> <span class='ocrx_word' id='word_1_293' title='bbox 2058 1366 2211 1422; x_wconf 85' lang='lat' dir='ltr'><strong>urbis</strong></span> <span class='ocrx_word' id='word_1_294' title='bbox 2236 1368 2526 1436; x_wconf 89' lang='lat' dir='ltr'><strong>primores.</strong></span> <span class='ocrx_word' id='word_1_295' title='bbox 2550 1366 2692 1434; x_wconf 87' lang='lat' dir='ltr'><strong>Quin</strong></span> <span class='ocrx_word' id='word_1_296' title='bbox 2726 1376 2779 1421; x_wconf 88' lang='lat' dir='ltr'><strong>et</strong></span> <span class='ocrx_word' id='word_1_297' title='bbox 2822 1368 3113 1436; x_wconf 85' lang='lat' dir='ltr'><strong>imperator</strong></span> <span class='ocrx_word' id='word_1_298' title='bbox 3147 1369 3260 1436; x_wconf 89' lang='lat' dir='ltr'><strong>ipse</strong></span> <span class='ocrx_word' id='word_1_299' title='bbox 3293 1384 3401 1423; x_wconf 92' lang='lat' dir='ltr'><strong>non</strong></span> 
     </span>
    </p>
   </div>
   <div class='ocr_carea' id='block_1_42' title="bbox 1838 1449 3405 1527">
    <p class='ocr_par' dir='ltr' id='par_1_42' title="bbox 1838 1449 3405 1527">
     <span class='ocr_line' id='line_1_42' title="bbox 1838 1449 3405 1527; baseline 0.002 -15"><span class='ocrx_word' id='word_1_300' title='bbox 1838 1473 2028 1527; x_wconf 90' lang='lat' dir='ltr'><strong>parum</strong></span> <span class='ocrx_word' id='word_1_301' title='bbox 2062 1472 2127 1513; x_wconf 92' lang='lat' dir='ltr'><strong>eo</strong></span> <span class='ocrx_word' id='word_1_302' title='bbox 2154 1449 2332 1512; x_wconf 79' lang='lat' dir='ltr'><strong>rerum</strong></span> <span class='ocrx_word' id='word_1_303' title='bbox 2369 1467 2512 1513; x_wconf 90' lang='lat' dir='ltr'><strong>statu</strong></span> <span class='ocrx_word' id='word_1_304' title='bbox 2549 1460 3009 1514; x_wconf 81' lang='lat' dir='ltr'><strong>commovebatur.</strong></span> <span class='ocrx_word' id='word_1_305' title='bbox 3050 1457 3405 1515; x_wconf 86' lang='lat' dir='ltr'><strong>Nudabantur</strong></span> 
     </span>
    </p>
   </div>
   <div class='ocr_carea' id='block_1_43' title="bbox 1843 1538 3406 1621">
    <p class='ocr_par' dir='ltr' id='par_1_43' title="bbox 1843 1538 3406 1621">
     <span class='ocr_line' id='line_1_43' title="bbox 1843 1538 3406 1621; baseline 0.001 -17"><span class='ocrx_word' id='word_1_306' title='bbox 1843 1550 2032 1620; x_wconf 81' lang='lat' dir='ltr'><strong>itaque</strong></span> <span class='ocrx_word' id='word_1_307' title='bbox 2060 1549 2177 1605; x_wconf 87' lang='lat' dir='ltr'><strong>suis</strong></span> <span class='ocrx_word' id='word_1_308' title='bbox 2211 1551 2548 1605; x_wconf 82' lang='lat' dir='ltr'><strong>ornamentis</strong></span> <span class='ocrx_word' id='word_1_309' title='bbox 2589 1550 2761 1621; x_wconf 85' lang='lat' dir='ltr'><strong>ipsius</strong></span> <span class='ocrx_word' id='word_1_310' title='bbox 2795 1552 3057 1621; x_wconf 86' lang='lat' dir='ltr'><strong>permissu</strong></span> <span class='ocrx_word' id='word_1_311' title='bbox 3104 1538 3265 1620; x_wconf 60' lang='lat' dir='ltr'><strong>auiae</strong></span> <span class='ocrx_word' id='word_1_312' title='bbox 3292 1545 3406 1606; x_wconf 65' lang='lat' dir='ltr'><strong>anl-</strong></span> 
     </span>
    </p>
   </div>
   <div class='ocr_carea' id='block_1_44' title="bbox 1841 1644 3402 1715">
    <p class='ocr_par' dir='ltr' id='par_1_44' title="bbox 1841 1644 3402 1715">
     <span class='ocr_line' id='line_1_44' title="bbox 1841 1644 3402 1715; baseline 0 -16"><span class='ocrx_word' id='word_1_313' title='bbox 1841 1644 2090 1699; x_wconf 89' lang='lat' dir='ltr'><strong>ctoritate</strong></span> <span class='ocrx_word' id='word_1_314' title='bbox 2119 1644 2316 1715; x_wconf 88' lang='lat' dir='ltr'><strong>templa</strong></span> <span class='ocrx_word' id='word_1_315' title='bbox 2337 1684 2351 1709; x_wconf 90' lang='lat'><strong>,</strong></span> <span class='ocrx_word' id='word_1_316' title='bbox 2379 1652 2648 1715; x_wconf 89' lang='lat' dir='ltr'><strong>quotquot</strong></span> <span class='ocrx_word' id='word_1_317' title='bbox 2686 1654 2835 1699; x_wconf 71' lang='lat' dir='ltr'><strong>extra</strong></span> <span class='ocrx_word' id='word_1_318' title='bbox 2860 1645 3045 1698; x_wconf 83' lang='lat' dir='ltr'><strong>urbem</strong></span> <span class='ocrx_word' id='word_1_319' title='bbox 3076 1652 3229 1697; x_wconf 88' lang='lat' dir='ltr'><strong>erant</strong></span> <span class='ocrx_word' id='word_1_320' title='bbox 3264 1646 3402 1711; x_wconf 87' lang='lat' dir='ltr'><strong>sita,</strong></span> 
     </span>
    </p>
   </div>
   <div class='ocr_carea' id='block_1_45' title="bbox 1840 1735 3405 1806">
    <p class='ocr_par' dir='ltr' id='par_1_45' title="bbox 1840 1735 3405 1806">
     <span class='ocr_line' id='line_1_45' title="bbox 1840 1735 3405 1806; baseline 0.002 -17"><span class='ocrx_word' id='word_1_321' title='bbox 1840 1735 1906 1790; x_wconf 88' lang='lat' dir='ltr'><strong>ad</strong></span> <span class='ocrx_word' id='word_1_322' title='bbox 1942 1735 2269 1806; x_wconf 71' lang='lat' dir='ltr'><strong>Europaeum</strong></span> <span class='ocrx_word' id='word_1_323' title='bbox 2300 1737 2442 1791; x_wconf 90' lang='lat' dir='ltr'><strong>latus</strong></span> <span class='ocrx_word' id='word_1_324' title='bbox 2473 1744 2527 1791; x_wconf 91' lang='lat' dir='ltr'><strong>et</strong></span> <span class='ocrx_word' id='word_1_325' title='bbox 2568 1735 2688 1791; x_wconf 88' lang='lat' dir='ltr'><strong>loca</strong></span> <span class='ocrx_word' id='word_1_326' title='bbox 2721 1737 2887 1791; x_wconf 85' lang='lat' dir='ltr'><strong>littori</strong></span> <span class='ocrx_word' id='word_1_327' title='bbox 2933 1737 3252 1805; x_wconf 76' lang='lat' dir='ltr'><strong>adiacentia,</strong></span> <span class='ocrx_word' id='word_1_328' title='bbox 3284 1753 3405 1806; x_wconf 69' lang='lat' dir='ltr'><strong>qua:</strong></span> 
     </span>
    </p>
   </div>
   <div class='ocr_carea' id='block_1_46' title="bbox 1842 1824 3403 1894">
    <p class='ocr_par' dir='ltr' id='par_1_46' title="bbox 1842 1824 3403 1894">
     <span class='ocr_line' id='line_1_46' title="bbox 1842 1824 3403 1894; baseline 0.004 -18"><span class='ocrx_word' id='word_1_329' title='bbox 1842 1824 2059 1894; x_wconf 88' lang='lat' dir='ltr'><strong>quidem</strong></span> <span class='ocrx_word' id='word_1_330' title='bbox 2091 1840 2121 1880; x_wconf 90' lang='lat' dir='ltr'><strong>e</strong></span> <span class='ocrx_word' id='word_1_331' title='bbox 2145 1824 2458 1881; x_wconf 88' lang='lat' dir='ltr'><strong>Blacbernis</strong></span> <span class='ocrx_word' id='word_1_332' title='bbox 2480 1834 2535 1881; x_wconf 92' lang='lat' dir='ltr'><strong>et</strong></span> <span class='ocrx_word' id='word_1_333' title='bbox 2564 1824 2743 1881; x_wconf 91' lang='lat' dir='ltr'><strong>Cornu</strong></span> <span class='ocrx_word' id='word_1_334' title='bbox 2769 1827 2841 1881; x_wconf 89' lang='lat' dir='ltr'><strong>ita</strong></span> <span class='ocrx_word' id='word_1_335' title='bbox 2866 1827 3026 1881; x_wconf 89' lang='lat' dir='ltr'><strong>dictis</strong></span> <span class='ocrx_word' id='word_1_336' title='bbox 3046 1826 3109 1880; x_wconf 89' lang='lat' dir='ltr'><strong>ad</strong></span> <span class='ocrx_word' id='word_1_337' title='bbox 3136 1826 3403 1882; x_wconf 78' lang='lat' dir='ltr'><strong>Euxinum</strong></span> 
     </span>
    </p>
   </div>
   <div class='ocr_carea' id='block_1_47' title="bbox 1843 1915 3406 1986">
    <p class='ocr_par' dir='ltr' id='par_1_47' title="bbox 1843 1915 3406 1986">
     <span class='ocr_line' id='line_1_47' title="bbox 1843 1915 3406 1986; baseline 0.003 -18"><span class='ocrx_word' id='word_1_338' title='bbox 1843 1929 2014 1986; x_wconf 73' lang='lat' dir='ltr'><strong>usque</strong></span> <span class='ocrx_word' id='word_1_339' title='bbox 2043 1924 2266 1985; x_wconf 89' lang='lat' dir='ltr'><strong>pontum</strong></span> <span class='ocrx_word' id='word_1_340' title='bbox 2291 1926 2545 1986; x_wconf 85' lang='lat' dir='ltr'><strong>protensa</strong></span> <span class='ocrx_word' id='word_1_341' title='bbox 2570 1917 2622 1970; x_wconf 91' lang='lat' dir='ltr'><strong>in</strong></span> <span class='ocrx_word' id='word_1_342' title='bbox 2654 1915 2993 1984; x_wconf 83' lang='lat' dir='ltr'><strong>Bosphorum</strong></span> <span class='ocrx_word' id='word_1_343' title='bbox 3028 1917 3298 1972; x_wconf 88' lang='lat' dir='ltr'><strong>desinunt.</strong></span> <span class='ocrx_word' id='word_1_344' title='bbox 3328 1917 3406 1972; x_wconf 78' lang='lat' dir='ltr'><strong>Ex</strong></span> 
     </span>
    </p>
   </div>
   <div class='ocr_carea' id='block_1_48' title="bbox 1842 2004 3409 2077">
    <p class='ocr_par' dir='ltr' id='par_1_48' title="bbox 1842 2004 3409 2077">
     <span class='ocr_line' id='line_1_48' title="bbox 1842 2004 3409 2077; baseline 0.003 -19"><span class='ocrx_word' id='word_1_345' title='bbox 1842 2004 1929 2059; x_wconf 89' lang='lat' dir='ltr'><strong>bis</strong></span> <span class='ocrx_word' id='word_1_346' title='bbox 1975 2004 2160 2075; x_wconf 83' lang='lat' dir='ltr'><strong>itaque</strong></span> <span class='ocrx_word' id='word_1_347' title='bbox 2186 2004 2439 2061; x_wconf 87' lang='lat' dir='ltr'><strong>omnibus</strong></span> <span class='ocrx_word' id='word_1_348' title='bbox 2481 2005 2722 2074; x_wconf 79' lang='lat' dir='ltr'><strong>pretiosa</strong></span> <span class='ocrx_word' id='word_1_349' title='bbox 2763 2004 2989 2059; x_wconf 87' lang='lat' dir='ltr'><strong>donaria</strong></span> <span class='ocrx_word' id='word_1_350' title='bbox 3035 2006 3409 2077; x_wconf 80' lang='lat' dir='ltr'><strong>reliquumque</strong></span> 
     </span>
    </p>
   </div>
   <div class='ocr_carea' id='block_1_49' title="bbox 1842 2093 3407 2169">
    <p class='ocr_par' dir='ltr' id='par_1_49' title="bbox 1842 2093 3407 2169">
     <span class='ocr_line' id='line_1_49' title="bbox 1842 2093 3407 2169; baseline 0.002 -20"><span class='ocrx_word' id='word_1_351' title='bbox 1842 2109 2057 2151; x_wconf 89' lang='lat' dir='ltr'><strong>omnem</strong></span> <span class='ocrx_word' id='word_1_352' title='bbox 2088 2104 2403 2166; x_wconf 76' lang='lat' dir='ltr'><strong>apparatum</strong></span> <span class='ocrx_word' id='word_1_353' title='bbox 2442 2093 2744 2150; x_wconf 79' lang='lat' dir='ltr'><strong>auferentes</strong></span> <span class='ocrx_word' id='word_1_354' title='bbox 2787 2097 2860 2161; x_wconf 92' lang='lat' dir='ltr'><strong>ii,</strong></span> <span class='ocrx_word' id='word_1_355' title='bbox 2892 2097 3092 2167; x_wconf 81' lang='lat' dir='ltr'><strong>quibus</strong></span> <span class='ocrx_word' id='word_1_356' title='bbox 3126 2097 3177 2151; x_wconf 89' lang='lat' dir='ltr'><strong>id</strong></span> <span class='ocrx_word' id='word_1_357' title='bbox 3208 2098 3407 2169; x_wconf 84' lang='lat' dir='ltr'><strong>negotii</strong></span> 
     </span>
    </p>
   </div>
   <div class='ocr_carea' id='block_1_50' title="bbox 1842 2186 3409 2258">
    <p class='ocr_par' dir='ltr' id='par_1_50' title="bbox 1842 2186 3409 2258">
     <span class='ocr_line' id='line_1_50' title="bbox 1842 2186 3409 2258; baseline 0.003 -16"><span class='ocrx_word' id='word_1_358' title='bbox 1842 2195 1960 2242; x_wconf 87' lang='lat' dir='ltr'><strong>erat</strong></span> <span class='ocrx_word' id='word_1_359' title='bbox 1995 2186 2179 2258; x_wconf 85' lang='lat' dir='ltr'><strong>datum</strong></span> <span class='ocrx_word' id='word_1_360' title='bbox 2206 2228 2222 2252; x_wconf 91' lang='lat'><strong>,</strong></span> <span class='ocrx_word' id='word_1_361' title='bbox 2272 2187 2465 2258; x_wconf 88' lang='lat' dir='ltr'><strong>partim</strong></span> <span class='ocrx_word' id='word_1_362' title='bbox 2505 2187 2759 2257; x_wconf 86' lang='lat' dir='ltr'><strong>plaustris</strong></span> <span class='ocrx_word' id='word_1_363' title='bbox 2797 2188 2852 2241; x_wconf 90' lang='lat' dir='ltr'><strong>in</strong></span> <span class='ocrx_word' id='word_1_364' title='bbox 2894 2190 3078 2245; x_wconf 86' lang='lat' dir='ltr'><strong>urbem</strong></span> <span class='ocrx_word' id='word_1_365' title='bbox 3128 2190 3308 2245; x_wconf 90' lang='lat' dir='ltr'><strong>delata</strong></span> <span class='ocrx_word' id='word_1_366' title='bbox 3354 2192 3409 2247; x_wconf 91' lang='lat' dir='ltr'><strong>in</strong></span> 
     </span>
    </p>
   </div>
   <div class='ocr_carea' id='block_1_51' title="bbox 1843 2280 3413 2351">
    <p class='ocr_par' dir='ltr' id='par_1_51' title="bbox 1843 2280 3413 2351">
     <span class='ocr_line' id='line_1_51' title="bbox 1843 2280 3413 2351; baseline 0.003 -18"><span class='ocrx_word' id='word_1_367' title='bbox 1843 2287 1959 2335; x_wconf 88' lang='lat' dir='ltr'><strong>tuto</strong></span> <span class='ocrx_word' id='word_1_368' title='bbox 1991 2280 2363 2343; x_wconf 86' lang='lat' dir='ltr'><strong>collocarunt,</strong></span> <span class='ocrx_word' id='word_1_369' title='bbox 2410 2280 2607 2351; x_wconf 89' lang='lat' dir='ltr'><strong>partim</strong></span> <span class='ocrx_word' id='word_1_370' title='bbox 2639 2280 2847 2351; x_wconf 88' lang='lat' dir='ltr'><strong>cymbis</strong></span> <span class='ocrx_word' id='word_1_371' title='bbox 2879 2282 3125 2351; x_wconf 88' lang='lat' dir='ltr'><strong>imposita</strong></span> <span class='ocrx_word' id='word_1_372' title='bbox 3145 2320 3162 2346; x_wconf 85' lang='lat'><strong>,</strong></span> <span class='ocrx_word' id='word_1_373' title='bbox 3193 2290 3249 2337; x_wconf 87' lang='lat' dir='ltr'><strong>et</strong></span> <span class='ocrx_word' id='word_1_374' title='bbox 3269 2281 3413 2339; x_wconf 85' lang='lat' dir='ltr'><strong>freto</strong></span> 
     </span>
    </p>
   </div>
   <div class='ocr_carea' id='block_1_52' title="bbox 1844 2372 3410 2442">
    <p class='ocr_par' dir='ltr' id='par_1_52' title="bbox 1844 2372 3410 2442">
     <span class='ocr_line' id='line_1_52' title="bbox 1844 2372 3410 2442; baseline 0.003 -17"><span class='ocrx_word' id='word_1_375' title='bbox 1844 2372 2165 2426; x_wconf 89' lang='lat' dir='ltr'><strong>intermedio</strong></span> <span class='ocrx_word' id='word_1_376' title='bbox 2199 2372 2445 2442; x_wconf 82' lang='lat' dir='ltr'><strong>trajectu,</strong></span> <span class='ocrx_word' id='word_1_377' title='bbox 2466 2372 2519 2427; x_wconf 91' lang='lat' dir='ltr'><strong>in</strong></span> <span class='ocrx_word' id='word_1_378' title='bbox 2545 2374 2829 2430; x_wconf 76' lang='lat' dir='ltr'><strong>adversam</strong></span> <span class='ocrx_word' id='word_1_379' title='bbox 2859 2375 3226 2430; x_wconf 90' lang='lat' dir='ltr'><strong>continentem</strong></span> <span class='ocrx_word' id='word_1_380' title='bbox 3247 2376 3410 2431; x_wconf 82' lang='lat' dir='ltr'><strong>detu-</strong></span> 
     </span>
    </p>
   </div>
   <div class='ocr_carea' id='block_1_53' title="bbox 1772 2463 3412 2533">
    <p class='ocr_par' dir='ltr' id='par_1_53' title="bbox 1772 2463 3412 2533">
     <span class='ocr_line' id='line_1_53' title="bbox 1772 2463 3412 2533; baseline 0.003 -14"><span class='ocrx_word' id='word_1_381' title='bbox 1772 2511 1777 2519; x_wconf 97' lang='lat'>.</span> <span class='ocrx_word' id='word_1_382' title='bbox 1843 2463 2050 2529; x_wconf 87' lang='lat' dir='ltr'><strong>lerunt;</strong></span> <span class='ocrx_word' id='word_1_383' title='bbox 2074 2471 2297 2533; x_wconf 85' lang='lat' dir='ltr'><strong>eratque</strong></span> <span class='ocrx_word' id='word_1_384' title='bbox 2327 2471 2444 2518; x_wconf 90' lang='lat' dir='ltr'><strong>tum</strong></span> <span class='ocrx_word' id='word_1_385' title='bbox 2469 2464 2655 2520; x_wconf 89' lang='lat' dir='ltr'><strong>videre</strong></span> <span class='ocrx_word' id='word_1_386' title='bbox 2693 2480 2880 2522; x_wconf 87' lang='lat' dir='ltr'><strong>sacras</strong></span> <span class='ocrx_word' id='word_1_387' title='bbox 2909 2466 2977 2524; x_wconf 80' lang='lat' dir='ltr'><strong>iis</strong></span> <span class='ocrx_word' id='word_1_388' title='bbox 3009 2468 3062 2522; x_wconf 86' lang='lat' dir='ltr'><strong>in</strong></span> <span class='ocrx_word' id='word_1_389' title='bbox 3104 2467 3240 2523; x_wconf 86' lang='lat' dir='ltr'><strong>locis</strong></span> <span class='ocrx_word' id='word_1_390' title='bbox 3270 2468 3412 2524; x_wconf 71' lang='lat' dir='ltr'><strong>azdes</strong></span> 
     </span>
    </p>
   </div>
   <div class='ocr_carea' id='block_1_54' title="bbox 1844 2552 3414 2629">
    <p class='ocr_par' dir='ltr' id='par_1_54' title="bbox 1844 2552 3414 2629">
     <span class='ocr_line' id='line_1_54' title="bbox 1844 2552 3414 2629; baseline 0.003 -20"><span class='ocrx_word' id='word_1_391' title='bbox 1844 2556 2014 2609; x_wconf 88' lang='lat' dir='ltr'><strong>nudas</strong></span> <span class='ocrx_word' id='word_1_392' title='bbox 2041 2553 2404 2629; x_wconf 86' lang='lat' dir='ltr'><strong>omnibusque</strong></span> <span class='ocrx_word' id='word_1_393' title='bbox 2435 2552 2548 2623; x_wconf 84' lang='lat' dir='ltr'><strong>suis</strong></span> <span class='ocrx_word' id='word_1_394' title='bbox 2571 2557 2911 2613; x_wconf 84' lang='lat' dir='ltr'><strong>ornamentis</strong></span> <span class='ocrx_word' id='word_1_395' title='bbox 2946 2567 3161 2625; x_wconf 84' lang='lat' dir='ltr'><strong>exutas,</strong></span> <span class='ocrx_word' id='word_1_396' title='bbox 3191 2559 3414 2629; x_wconf 84' lang='lat' dir='ltr'><strong>perinde</strong></span> 
     </span>
    </p>
   </div>
   <div class='ocr_carea' id='block_1_55' title="bbox 1845 2645 3416 2707">
    <p class='ocr_par' dir='ltr' id='par_1_55' title="bbox 1845 2645 3416 2707">
     <span class='ocr_line' id='line_1_55' title="bbox 1845 2645 3416 2707; baseline 0.005 -8"><span class='ocrx_word' id='word_1_397' title='bbox 1845 2661 1909 2700; x_wconf 87' lang='lat' dir='ltr'><strong>ac</strong></span> <span class='ocrx_word' id='word_1_398' title='bbox 1959 2645 2094 2699; x_wconf 84' lang='lat' dir='ltr'><strong>nihil</strong></span> <span class='ocrx_word' id='word_1_399' title='bbox 2144 2645 2325 2702; x_wconf 89' lang='lat' dir='ltr'><strong>adhuc</strong></span> <span class='ocrx_word' id='word_1_400' title='bbox 2384 2646 2771 2703; x_wconf 67' lang='lat' dir='ltr'><strong>sanctimonia</strong></span> <span class='ocrx_word' id='word_1_401' title='bbox 2823 2659 3018 2704; x_wconf 86' lang='lat' dir='ltr'><strong>naetas</strong></span> <span class='ocrx_word' id='word_1_402' title='bbox 3067 2661 3123 2706; x_wconf 87' lang='lat' dir='ltr'><strong>et</strong></span> <span class='ocrx_word' id='word_1_403' title='bbox 3171 2663 3416 2707; x_wconf 85' lang='lat' dir='ltr'><strong>recenter</strong></span> 
     </span>
    </p>
   </div>
   <div class='ocr_carea' id='block_1_56' title="bbox 1844 2739 2317 2807">
    <p class='ocr_par' dir='ltr' id='par_1_56' title="bbox 1844 2739 2317 2807">
     <span class='ocr_line' id='line_1_56' title="bbox 1844 2739 2317 2807; baseline 0.002 -14"><span class='ocrx_word' id='word_1_404' title='bbox 1844 2739 2053 2793; x_wconf 80' lang='lat' dir='ltr'><strong>exstrui</strong></span> <span class='ocrx_word' id='word_1_405' title='bbox 2087 2749 2317 2807; x_wconf 69' lang='lat' dir='ltr'><strong>emptas.</strong></span> 
     </span>
    </p>
   </div>
   <div class='ocr_carea' id='block_1_57' title="bbox 1916 2828 3415 2901">
    <p class='ocr_par' dir='ltr' id='par_1_57' title="bbox 1916 2828 3415 2901">
     <span class='ocr_line' id='line_1_57' title="bbox 1916 2828 3415 2901; baseline 0.003 -18"><span class='ocrx_word' id='word_1_406' title='bbox 1916 2828 2003 2883; x_wconf 82' lang='lat' dir='ltr'><strong>l5.</strong></span> <span class='ocrx_word' id='word_1_407' title='bbox 2034 2828 2209 2884; x_wconf 25' lang='lat' dir='ltr'><strong>rAdeo</strong></span> <span class='ocrx_word' id='word_1_408' title='bbox 2230 2843 2359 2886; x_wconf 86' lang='lat' dir='ltr'><strong>vero</strong></span> <span class='ocrx_word' id='word_1_409' title='bbox 2384 2828 2647 2885; x_wconf 88' lang='lat' dir='ltr'><strong>terribilia</strong></span> <span class='ocrx_word' id='word_1_410' title='bbox 2696 2829 3045 2901; x_wconf 80' lang='lat' dir='ltr'><strong>maximaque</strong></span> <span class='ocrx_word' id='word_1_411' title='bbox 3087 2831 3323 2901; x_wconf 89' lang='lat' dir='ltr'><strong>pericula</strong></span> <span class='ocrx_word' id='word_1_412' title='bbox 3355 2836 3415 2887; x_wconf 86' lang='lat' dir='ltr'><strong>ut</strong></span> 
     </span>
    </p>
   </div>
   <div class='ocr_carea' id='block_1_58' title="bbox 1847 2918 3413 2989">
    <p class='ocr_par' dir='ltr' id='par_1_58' title="bbox 1847 2918 3413 2989">
     <span class='ocr_line' id='line_1_58' title="bbox 1847 2918 3413 2989; baseline 0 -13"><span class='ocrx_word' id='word_1_413' title='bbox 1847 2920 2068 2976; x_wconf 91' lang='lat' dir='ltr'><strong>omnino</strong></span> <span class='ocrx_word' id='word_1_414' title='bbox 2095 2918 2299 2984; x_wconf 85' lang='lat' dir='ltr'><strong>futura,</strong></span> <span class='ocrx_word' id='word_1_415' title='bbox 2323 2919 2536 2974; x_wconf 88' lang='lat' dir='ltr'><strong>animos</strong></span> <span class='ocrx_word' id='word_1_416' title='bbox 2564 2922 2931 2989; x_wconf 68' lang='lat' dir='ltr'><strong>occupabant,</strong></span> <span class='ocrx_word' id='word_1_417' title='bbox 2977 2929 3034 2975; x_wconf 88' lang='lat' dir='ltr'><strong>ut</strong></span> <span class='ocrx_word' id='word_1_418' title='bbox 3060 2920 3148 2974; x_wconf 80' lang='lat' dir='ltr'><strong>vix</strong></span> <span class='ocrx_word' id='word_1_419' title='bbox 3181 2920 3234 2975; x_wconf 90' lang='lat' dir='ltr'><strong>in</strong></span> <span class='ocrx_word' id='word_1_420' title='bbox 3256 2934 3413 2977; x_wconf 86' lang='lat' dir='ltr'><strong>muro</strong></span> 
     </span>
    </p>
   </div>
   <div class='ocr_carea' id='block_1_59' title="bbox 1860 3011 3413 3082">
    <p class='ocr_par' dir='ltr' id='par_1_59' title="bbox 1860 3011 3413 3082">
     <span class='ocr_line' id='line_1_59' title="bbox 1860 3011 3413 3082; baseline 0.002 -17"><span class='ocrx_word' id='word_1_421' title='bbox 1860 3026 1893 3065; x_wconf 89' lang='lat' dir='ltr'><strong>a</strong></span> <span class='ocrx_word' id='word_1_422' title='bbox 1933 3012 2170 3067; x_wconf 82' lang='lat' dir='ltr'><strong>Ficubus</strong></span> <span class='ocrx_word' id='word_1_423' title='bbox 2218 3012 2364 3066; x_wconf 90' lang='lat' dir='ltr'><strong>dicto</strong></span> <span class='ocrx_word' id='word_1_424' title='bbox 2389 3019 2443 3064; x_wconf 90' lang='lat' dir='ltr'><strong>et</strong></span> <span class='ocrx_word' id='word_1_425' title='bbox 2485 3019 2644 3080; x_wconf 89' lang='lat' dir='ltr'><strong>porta</strong></span> <span class='ocrx_word' id='word_1_426' title='bbox 2684 3020 2985 3082; x_wconf 86' lang='lat' dir='ltr'><strong>nuncupata</strong></span> <span class='ocrx_word' id='word_1_427' title='bbox 3018 3027 3199 3077; x_wconf 88' lang='lat' dir='ltr'><strong>aurea,</strong></span> <span class='ocrx_word' id='word_1_428' title='bbox 3248 3011 3413 3068; x_wconf 88' lang='lat' dir='ltr'><strong>duces</strong></span> 
     </span>
    </p>
   </div>
   <div class='ocr_carea' id='block_1_60' title="bbox 1847 3103 3408 3175">
    <p class='ocr_par' dir='ltr' id='par_1_60' title="bbox 1847 3103 3408 3175">
     <span class='ocr_line' id='line_1_60' title="bbox 1847 3103 3408 3175; baseline 0.001 -18"><span class='ocrx_word' id='word_1_429' title='bbox 1847 3103 2069 3173; x_wconf 82' lang='lat' dir='ltr'><strong>quidam</strong></span> <span class='ocrx_word' id='word_1_430' title='bbox 2106 3112 2161 3160; x_wconf 89' lang='lat' dir='ltr'><strong>et</strong></span> <span class='ocrx_word' id='word_1_431' title='bbox 2191 3104 2397 3159; x_wconf 88' lang='lat' dir='ltr'><strong>tribuni</strong></span> <span class='ocrx_word' id='word_1_432' title='bbox 2427 3104 2690 3159; x_wconf 87' lang='lat' dir='ltr'><strong>militares</strong></span> <span class='ocrx_word' id='word_1_433' title='bbox 2713 3104 2976 3175; x_wconf 89' lang='lat' dir='ltr'><strong>multique</strong></span> <span class='ocrx_word' id='word_1_434' title='bbox 3030 3104 3235 3160; x_wconf 79' lang='lat' dir='ltr'><strong>Armati</strong></span> <span class='ocrx_word' id='word_1_435' title='bbox 3272 3120 3408 3160; x_wconf 84' lang='lat' dir='ltr'><strong>con—</strong></span> 
     </span>
    </p>
   </div>
   <div class='ocr_carea' id='block_1_61' title="bbox 1624 3195 3414 3296">
    <p class='ocr_par' dir='ltr' id='par_1_61' title="bbox 1624 3195 3414 3296">
     <span class='ocr_line' id='line_1_61' title="bbox 1624 3195 3414 3296; baseline 0.002 -47"><span class='ocrx_word' id='word_1_436' title='bbox 1624 3206 1751 3268; x_wconf 74' lang='grc' dir='ltr'>τοὺς</span> <span class='ocrx_word' id='word_1_437' title='bbox 1776 3236 1820 3296; x_wconf 77' lang='lat' dir='ltr'>c</span> <span class='ocrx_word' id='word_1_438' title='bbox 1850 3196 2103 3263; x_wconf 76' lang='lat' dir='ltr'><strong>stiterint,</strong></span> <span class='ocrx_word' id='word_1_439' title='bbox 2138 3205 2199 3251; x_wconf 88' lang='lat' dir='ltr'><strong>ut</strong></span> <span class='ocrx_word' id='word_1_440' title='bbox 2236 3196 2449 3251; x_wconf 83' lang='lat' dir='ltr'><strong>fortiter</strong></span> <span class='ocrx_word' id='word_1_441' title='bbox 2488 3197 2688 3261; x_wconf 85' lang='lat' dir='ltr'><strong>hostes,</strong></span> <span class='ocrx_word' id='word_1_442' title='bbox 2730 3196 2775 3250; x_wconf 91' lang='lat' dir='ltr'><strong>si</strong></span> <span class='ocrx_word' id='word_1_443' title='bbox 2807 3195 2945 3250; x_wconf 90' lang='lat' dir='ltr'><strong>forte</strong></span> <span class='ocrx_word' id='word_1_444' title='bbox 2977 3198 3233 3266; x_wconf 87' lang='lat' dir='ltr'><strong>impetum</strong></span> <span class='ocrx_word' id='word_1_445' title='bbox 3267 3196 3414 3253; x_wconf 84' lang='lat' dir='ltr'><strong>face-</strong></span> 
     </span>
    </p>
   </div>
   <div class='ocr_carea' id='block_1_62' title="bbox 192 3282 1751 3364">
    <p class='ocr_par' dir='ltr' id='par_1_62' title="bbox 192 3288 1750 3364">
     <span class='ocr_line' id='line_1_62' title="bbox 192 3288 1750 3364; baseline -0.002 -16"><span class='ocrx_word' id='word_1_446' title='bbox 192 3296 494 3364; x_wconf 77' lang='grc' dir='ltr'>δυσμενεῖς,</span> <span class='ocrx_word' id='word_1_447' title='bbox 517 3294 571 3346; x_wconf 84' lang='grc' dir='ltr'><strong>εί</strong></span> <span class='ocrx_word' id='word_1_448' title='bbox 585 3291 933 3345; x_wconf 66' lang='grc' dir='ltr'>πουίὲπίοιεν.</span> <span class='ocrx_word' id='word_1_449' title='bbox 971 3288 1149 3343; x_wconf 68' lang='grc' dir='ltr'>*Ησαν</span> <span class='ocrx_word' id='word_1_450' title='bbox 1182 3292 1238 3344; x_wconf 84' lang='grc' dir='ltr'>δὲ</span> <span class='ocrx_word' id='word_1_451' title='bbox 1272 3294 1313 3323; x_wconf 85' lang='grc'><strong>¹⁹</strong></span> <span class='ocrx_word' id='word_1_452' title='bbox 1338 3292 1396 3344; x_wconf 87' lang='grc' dir='ltr'><strong>ού</strong></span> <span class='ocrx_word' id='word_1_453' title='bbox 1423 3293 1647 3361; x_wconf 82' lang='grc' dir='ltr'>μάχιμοι</span> <span class='ocrx_word' id='word_1_454' title='bbox 1674 3293 1750 3356; x_wconf 85' lang='grc' dir='ltr'><strong>ὡς</strong></span> 
     </span>
    </p>
   </div>
   <div class='ocr_carea' id='block_1_63' title="bbox 1846 3282 3413 3364">
    <p class='ocr_par' dir='ltr' id='par_1_63' title="bbox 1850 3282 3413 3355">
     <span class='ocr_line' id='line_1_63' title="bbox 1850 3282 3413 3355; baseline 0.002 -17"><span class='ocrx_word' id='word_1_455' title='bbox 1850 3294 1999 3350; x_wconf 90' lang='lat' dir='ltr'><strong>rent,</strong></span> <span class='ocrx_word' id='word_1_456' title='bbox 2052 3285 2445 3355; x_wconf 86' lang='lat' dir='ltr'><strong>propulsarent.</strong></span> <span class='ocrx_word' id='word_1_457' title='bbox 2523 3282 2688 3338; x_wconf 88' lang='lat' dir='ltr'><strong>Erant</strong></span> <span class='ocrx_word' id='word_1_458' title='bbox 2750 3299 2879 3339; x_wconf 90' lang='lat' dir='ltr'><strong>vero</strong></span> <span class='ocrx_word' id='word_1_459' title='bbox 2940 3300 3116 3354; x_wconf 89' lang='lat' dir='ltr'><strong>neque</strong></span> <span class='ocrx_word' id='word_1_460' title='bbox 3171 3286 3413 3341; x_wconf 81' lang='lat' dir='ltr'><strong>bellicosi</strong></span> 
     </span>
    </p>
   </div>
   <div class='ocr_carea' id='block_1_64' title="bbox 192 3381 1753 3455">
    <p class='ocr_par' dir='ltr' id='par_1_64' title="bbox 192 3381 1753 3455">
     <span class='ocr_line' id='line_1_64' title="bbox 192 3381 1753 3455; baseline -0.002 -16"><span class='ocrx_word' id='word_1_461' title='bbox 192 3384 425 3454; x_wconf 78' lang='grc' dir='ltr'>ἀληθῶς,</span> <span class='ocrx_word' id='word_1_462' title='bbox 458 3383 582 3436; x_wconf 76' lang='grc' dir='ltr'>οὐδὲ</span> <span class='ocrx_word' id='word_1_463' title='bbox 612 3381 848 3453; x_wconf 84' lang='grc' dir='ltr'>μετρίως</span> <span class='ocrx_word' id='word_1_464' title='bbox 873 3381 1005 3449; x_wconf 78' lang='grc' dir='ltr'>γοῦν</span> <span class='ocrx_word' id='word_1_465' title='bbox 1039 3383 1107 3455; x_wconf 75' lang='grc' dir='ltr'>τὰ</span> <span class='ocrx_word' id='word_1_466' title='bbox 1134 3381 1355 3435; x_wconf 82' lang='grc' dir='ltr'>τοιαῦτα</span> <span class='ocrx_word' id='word_1_467' title='bbox 1392 3383 1753 3452; x_wconf 82' lang='grc' dir='ltr'>πεπαιδευμέ-</span> 
     </span>
    </p>
   </div>
   <div class='ocr_carea' id='block_1_65' title="bbox 195 3473 1752 3544">
    <p class='ocr_par' dir='ltr' id='par_1_65' title="bbox 195 3473 1752 3544">
     <span class='ocr_line' id='line_1_65' title="bbox 195 3473 1752 3544; baseline -0.002 -13"><span class='ocrx_word' id='word_1_468' title='bbox 195 3494 293 3541; x_wconf 85' lang='grc' dir='ltr'>νοι,</span> <span class='ocrx_word' id='word_1_469' title='bbox 322 3476 439 3530; x_wconf 82' lang='grc' dir='ltr'>ἀλλ’</span> <span class='ocrx_word' id='word_1_470' title='bbox 478 3477 545 3529; x_wconf 73' lang='grc' dir='ltr'>ἐκ</span> <span class='ocrx_word' id='word_1_471' title='bbox 583 3473 693 3529; x_wconf 85' lang='grc' dir='ltr'><strong>τῶν</strong></span> <span class='ocrx_word' id='word_1_472' title='bbox 720 3473 1013 3544; x_wconf 80' lang='grc' dir='ltr'>ταγμάτων</span> <span class='ocrx_word' id='word_1_473' title='bbox 1043 3473 1287 3540; x_wconf 76' lang='grc' dir='ltr'>ἐκείνων,</span> <span class='ocrx_word' id='word_1_474' title='bbox 1326 3474 1375 3528; x_wconf 83' lang='grc' dir='ltr'>οἳ</span> <span class='ocrx_word' id='word_1_475' title='bbox 1403 3475 1447 3506; x_wconf 82' lang='grc'><strong>¹⁰</strong></span> <span class='ocrx_word' id='word_1_476' title='bbox 1477 3475 1535 3538; x_wconf 72' lang='grc' dir='ltr'>ἐς</span> <span class='ocrx_word' id='word_1_477' title='bbox 1564 3475 1626 3528; x_wconf 82' lang='grc' dir='ltr'>τὸ</span> <span class='ocrx_word' id='word_1_478' title='bbox 1668 3475 1752 3528; x_wconf 83' lang='grc' dir='ltr'>δι-</span> 
     </span>
    </p>
   </div>
   <div class='ocr_carea' id='block_1_66' title="bbox 194 3565 1751 3641">
    <p class='ocr_par' dir='ltr' id='par_1_66' title="bbox 194 3565 1751 3641">
     <span class='ocr_line' id='line_1_66' title="bbox 194 3565 1751 3641; baseline -0.001 -19"><span class='ocrx_word' id='word_1_479' title='bbox 194 3569 488 3641; x_wconf 86' lang='grc' dir='ltr'>ημερεύειν</span> <span class='ocrx_word' id='word_1_480' title='bbox 514 3584 576 3621; x_wconf 85' lang='grc' dir='ltr'><strong>τε</strong></span> <span class='ocrx_word' id='word_1_481' title='bbox 604 3568 698 3621; x_wconf 79' lang='grc' dir='ltr'>καὶ</span> <span class='ocrx_word' id='word_1_482' title='bbox 720 3565 1150 3637; x_wconf 84' lang='grc' dir='ltr'>διανυκτερεύειν</span> <span class='ocrx_word' id='word_1_483' title='bbox 1181 3568 1240 3619; x_wconf 84' lang='grc' dir='ltr'>ὲν</span> <span class='ocrx_word' id='word_1_484' title='bbox 1273 3569 1339 3639; x_wconf 82' lang='grc' dir='ltr'><strong>τῇ</strong></span> <span class='ocrx_word' id='word_1_485' title='bbox 1375 3567 1511 3640; x_wconf 77' lang='grc' dir='ltr'>αὐλῇ</span> <span class='ocrx_word' id='word_1_486' title='bbox 1548 3568 1751 3623; x_wconf 83' lang='grc' dir='ltr'>ἀπεκέ-</span> 
     </span>
    </p>
   </div>
   <div class='ocr_carea' id='block_1_67' title="bbox 198 3656 1752 3733">
    <p class='ocr_par' dir='ltr' id='par_1_67' title="bbox 198 3656 1752 3733">
     <span class='ocr_line' id='line_1_67' title="bbox 198 3656 1752 3733; baseline 0.001 -19"><span class='ocrx_word' id='word_1_487' title='bbox 198 3677 377 3733; x_wconf 79' lang='grc' dir='ltr'>κριντο</span> <span class='ocrx_word' id='word_1_488' title='bbox 396 3661 465 3727; x_wconf 83' lang='grc'><strong>¹¹,</strong></span> <span class='ocrx_word' id='word_1_489' title='bbox 492 3658 585 3723; x_wconf 82' lang='grc' dir='ltr'>οὓς</span> <span class='ocrx_word' id='word_1_490' title='bbox 626 3658 691 3730; x_wconf 79' lang='grc' dir='ltr'>δὴ</span> <span class='ocrx_word' id='word_1_491' title='bbox 730 3659 1043 3730; x_wconf 86' lang='grc' dir='ltr'>σχολαρίους</span> <span class='ocrx_word' id='word_1_492' title='bbox 1075 3659 1455 3714; x_wconf 79' lang='grc' dir='ltr'>ἀποκαλοῦσιν.</span> <span class='ocrx_word' id='word_1_493' title='bbox 1499 3656 1655 3715; x_wconf 77' lang='grc' dir='ltr'>Οὗτοι</span> <span class='ocrx_word' id='word_1_494' title='bbox 1695 3661 1752 3715; x_wconf 81' lang='grc' dir='ltr'>δὲ</span> 
     </span>
    </p>
   </div>
   <div class='ocr_carea' id='block_1_68' title="bbox 198 3751 1754 3826">
    <p class='ocr_par' dir='ltr' id='par_1_68' title="bbox 198 3751 1754 3826">
     <span class='ocr_line' id='line_1_68' title="bbox 198 3751 1754 3826; baseline 0 -21"><span class='ocrx_word' id='word_1_495' title='bbox 198 3751 523 3822; x_wconf 78' lang='grc' dir='ltr'>στρατιῶται</span> <span class='ocrx_word' id='word_1_496' title='bbox 552 3754 650 3823; x_wconf 81' lang='grc' dir='ltr'>μὲν</span> <span class='ocrx_word' id='word_1_497' title='bbox 674 3752 1045 3823; x_wconf 76' lang='grc' dir='ltr'>ὀνομάζονται,</span> <span class='ocrx_word' id='word_1_498' title='bbox 1074 3753 1165 3805; x_wconf 79' lang='grc' dir='ltr'>καὶ</span> <span class='ocrx_word' id='word_1_499' title='bbox 1197 3753 1601 3826; x_wconf 80' lang='grc' dir='ltr'>ἑγγεγράφαται</span> <span class='ocrx_word' id='word_1_500' title='bbox 1643 3755 1754 3817; x_wconf 84' lang='grc' dir='ltr'>τοῖς</span> 
     </span>
    </p>
   </div>
   <div class='ocr_carea' id='block_1_69' title="bbox 195 3843 1755 3915">
    <p class='ocr_par' dir='ltr' id='par_1_69' title="bbox 195 3843 1755 3915">
     <span class='ocr_line' id='line_1_69' title="bbox 195 3843 1755 3915; baseline 0.002 -17"><span class='ocrx_word' id='word_1_501' title='bbox 195 3845 303 3899; x_wconf 84' lang='grc' dir='ltr'><strong>τῶν</strong></span> <span class='ocrx_word' id='word_1_502' title='bbox 332 3844 651 3913; x_wconf 79' lang='grc' dir='ltr'>καταλόγων</span> <span class='ocrx_word' id='word_1_503' title='bbox 676 3844 918 3915; x_wconf 76' lang='grc' dir='ltr'><strong>βιϐλίοις⁹</strong></span> <span class='ocrx_word' id='word_1_504' title='bbox 950 3847 1057 3900; x_wconf 76' lang='grc' dir='ltr'>είσὶ</span> <span class='ocrx_word' id='word_1_505' title='bbox 1084 3846 1141 3900; x_wconf 78' lang='grc' dir='ltr'>δὲ</span> <span class='ocrx_word' id='word_1_506' title='bbox 1168 3848 1216 3899; x_wconf 80' lang='lat' dir='ltr'><strong>oi</strong></span> <span class='ocrx_word' id='word_1_507' title='bbox 1243 3848 1287 3878; x_wconf 80' lang='lat'>“</span> <span class='ocrx_word' id='word_1_508' title='bbox 1324 3846 1507 3900; x_wconf 80' lang='grc' dir='ltr'>πολλοὶ</span> <span class='ocrx_word' id='word_1_509' title='bbox 1545 3843 1755 3901; x_wconf 75' lang='grc' dir='ltr'>ἀστικοὶ</span> 
     </span>
    </p>
   </div>
   <div class='ocr_carea' id='block_1_70' title="bbox 196 3922 1753 4009">
    <p class='ocr_par' dir='ltr' id='par_1_70' title="bbox 196 3922 1753 4009">
     <span class='ocr_line' id='line_1_70' title="bbox 196 3922 1753 4009; baseline 0.002 -19"><span class='ocrx_word' id='word_1_510' title='bbox 196 3953 254 3990; x_wconf 81' lang='grc' dir='ltr'><strong>τε</strong></span> <span class='ocrx_word' id='word_1_511' title='bbox 292 3935 387 3991; x_wconf 79' lang='grc' dir='ltr'>καὶ</span> <span class='ocrx_word' id='word_1_512' title='bbox 424 3936 853 4007; x_wconf 75' lang='grc' dir='ltr'>φαιδρωίμονες,</span> <span class='ocrx_word' id='word_1_513' title='bbox 885 3937 980 3991; x_wconf 75' lang='grc' dir='ltr'>καὶ</span> <span class='ocrx_word' id='word_1_514' title='bbox 1021 3938 1199 4007; x_wconf 86' lang='grc' dir='ltr'>μόνον,</span> <span class='ocrx_word' id='word_1_515' title='bbox 1243 3932 1419 4009; x_wconf 82' lang='grc' dir='ltr'>οἶμαι,</span> <span class='ocrx_word' id='word_1_516' title='bbox 1448 3922 1614 4008; x_wconf 75' lang='grc' dir='ltr'>δγκου</span> <span class='ocrx_word' id='word_1_517' title='bbox 1658 3939 1753 3993; x_wconf 82' lang='grc' dir='ltr'><strong>τοῦ</strong></span> 
     </span>
    </p>
   </div>
   <div class='ocr_carea' id='block_1_71' title="bbox 200 4026 1757 4101">
    <p class='ocr_par' dir='ltr' id='par_1_71' title="bbox 200 4026 1757 4101">
     <span class='ocr_line' id='line_1_71' title="bbox 200 4026 1757 4101; baseline 0.001 -19"><span class='ocrx_word' id='word_1_518' title='bbox 200 4027 472 4098; x_wconf 81' lang='grc' dir='ltr'>βασιλείου</span> <span class='ocrx_word' id='word_1_519' title='bbox 496 4026 657 4081; x_wconf 72' lang='grc' dir='ltr'>ἕνεκα</span> <span class='ocrx_word' id='word_1_520' title='bbox 684 4028 778 4081; x_wconf 71' lang='grc' dir='ltr'>καὶ</span> <span class='ocrx_word' id='word_1_521' title='bbox 803 4030 902 4098; x_wconf 83' lang='grc' dir='ltr'>τῆς</span> <span class='ocrx_word' id='word_1_522' title='bbox 934 4029 993 4081; x_wconf 80' lang='grc' dir='ltr'>ἐν</span> <span class='ocrx_word' id='word_1_523' title='bbox 1033 4031 1153 4091; x_wconf 85' lang='grc' dir='ltr'>ταῖς</span> <span class='ocrx_word' id='word_1_524' title='bbox 1197 4031 1445 4099; x_wconf 86' lang='grc' dir='ltr'>προόδοις</span> <span class='ocrx_word' id='word_1_525' title='bbox 1485 4032 1757 4101; x_wconf 84' lang='grc' dir='ltr'>μεγαλαυ-</span> 
     </span>
    </p>
   </div>
   <div class='ocr_carea' id='block_1_72' title="bbox 198 4116 1755 4190">
    <p class='ocr_par' dir='ltr' id='par_1_72' title="bbox 198 4116 1755 4190">
     <span class='ocr_line' id='line_1_72' title="bbox 198 4116 1755 4190; baseline 0.005 -20"><span class='ocrx_word' id='word_1_526' title='bbox 198 4119 318 4190; x_wconf 82' lang='grc' dir='ltr'>χίας</span> <span class='ocrx_word' id='word_1_527' title='bbox 349 4119 397 4151; x_wconf 78' lang='grc'><strong>²³</strong></span> <span class='ocrx_word' id='word_1_528' title='bbox 432 4116 802 4190; x_wconf 66' lang='grc' dir='ltr'>ἐξευρημένοι.</span> <span class='ocrx_word' id='word_1_529' title='bbox 838 4118 949 4172; x_wconf 76' lang='grc' dir='ltr'><strong>Καὶ</strong></span> <span class='ocrx_word' id='word_1_530' title='bbox 975 4118 1037 4171; x_wconf 80' lang='grc' dir='ltr'>τὸ</span> <span class='ocrx_word' id='word_1_531' title='bbox 1075 4119 1172 4190; x_wconf 76' lang='grc' dir='ltr'>μὲν</span> <span class='ocrx_word' id='word_1_532' title='bbox 1208 4119 1255 4151; x_wconf 70' lang='grc' dir='ltr'><strong>’δ</strong></span> <span class='ocrx_word' id='word_1_533' title='bbox 1281 4120 1506 4177; x_wconf 78' lang='grc' dir='ltr'>παλαιὸν</span> <span class='ocrx_word' id='word_1_534' title='bbox 1532 4122 1631 4175; x_wconf 84' lang='grc' dir='ltr'>οὐκ</span> <span class='ocrx_word' id='word_1_535' title='bbox 1659 4122 1755 4178; x_wconf 79' lang='grc' dir='ltr'><strong>ἄλ-</strong></span> 
     </span>
    </p>
   </div>
   <div class='ocr_carea' id='block_1_73' title="bbox 200 4204 1754 4282">
    <p class='ocr_par' dir='ltr' id='par_1_73' title="bbox 200 4204 1754 4282">
     <span class='ocr_line' id='line_1_73' title="bbox 200 4204 1754 4282; baseline 0.002 -20"><span class='ocrx_word' id='word_1_536' title='bbox 200 4208 319 4273; x_wconf 76' lang='grc' dir='ltr'>λους</span> <span class='ocrx_word' id='word_1_537' title='bbox 342 4208 496 4271; x_wconf 83' lang='grc' dir='ltr'>τινάς</span> <span class='ocrx_word' id='word_1_538' title='bbox 516 4210 574 4262; x_wconf 71' lang='grc' dir='ltr'>ιν</span> <span class='ocrx_word' id='word_1_539' title='bbox 598 4207 1006 4278; x_wconf 71' lang='grc' dir='ltr'>τοῖσδειθεμιτὺν</span> <span class='ocrx_word' id='word_1_540' title='bbox 1021 4204 1087 4280; x_wconf 83' lang='grc' dir='ltr'>ἦν</span> <span class='ocrx_word' id='word_1_541' title='bbox 1102 4209 1549 4274; x_wconf 84' lang='grc' dir='ltr'>κατατάττεσθαι,</span> <span class='ocrx_word' id='word_1_542' title='bbox 1579 4211 1610 4282; x_wconf 74' lang='grc' dir='ltr'>ἢ</span> <span class='ocrx_word' id='word_1_543' title='bbox 1630 4213 1754 4274; x_wconf 84' lang='grc' dir='ltr'>τοὺς</span> 
     </span>
    </p>
   </div>
   <div class='ocr_carea' id='block_1_74' title="bbox 200 4298 1756 4372">
    <p class='ocr_par' dir='ltr' id='par_1_74' title="bbox 200 4298 1756 4372">
     <span class='ocr_line' id='line_1_74' title="bbox 200 4298 1756 4372; baseline 0.002 -18"><span class='ocrx_word' id='word_1_544' title='bbox 200 4300 517 4372; x_wconf 78' lang='grc' dir='ltr'>αὐτουργεῖν</span> <span class='ocrx_word' id='word_1_545' title='bbox 546 4298 617 4353; x_wconf 80' lang='grc' dir='ltr'><strong>τὰ</strong></span> <span class='ocrx_word' id='word_1_546' title='bbox 645 4298 878 4370; x_wconf 84' lang='grc' dir='ltr'>πολέμια</span> <span class='ocrx_word' id='word_1_547' title='bbox 913 4301 1053 4371; x_wconf 69' lang='grc' dir='ltr'>ἡσκη</span> <span class='ocrx_word' id='word_1_548' title='bbox 1062 4300 1274 4371; x_wconf 80' lang='grc' dir='ltr'>μένους.</span> <span class='ocrx_word' id='word_1_549' title='bbox 1305 4300 1416 4356; x_wconf 77' lang='grc' dir='ltr'><strong>Καὶ</strong></span> <span class='ocrx_word' id='word_1_550' title='bbox 1442 4302 1616 4355; x_wconf 84' lang='grc' dir='ltr'>τοίνυν</span> <span class='ocrx_word' id='word_1_551' title='bbox 1636 4302 1756 4357; x_wconf 75' lang='grc' dir='ltr'>οὐδὲ</span> 
     </span>
    </p>
   </div>
   <div class='ocr_carea' id='block_1_75' title="bbox 201 4384 1758 4464">
    <p class='ocr_par' dir='ltr' id='par_1_75' title="bbox 201 4384 1758 4464">
     <span class='ocr_line' id='line_1_75' title="bbox 201 4384 1758 4464; baseline 0.001 -19"><span class='ocrx_word' id='word_1_552' title='bbox 201 4393 458 4464; x_wconf 81' lang='grc' dir='ltr'>χρήματα</span> <span class='ocrx_word' id='word_1_553' title='bbox 473 4390 518 4423; x_wconf 81' lang='grc'><strong><em>³⁵</em></strong></span> <span class='ocrx_word' id='word_1_554' title='bbox 540 4390 756 4460; x_wconf 76' lang='grc' dir='ltr'>εἰσῆγον</span> <span class='ocrx_word' id='word_1_555' title='bbox 774 4384 911 4461; x_wconf 76' lang='grc' dir='ltr'><strong>ὲφ’ᾧ</strong></span> <span class='ocrx_word' id='word_1_556' title='bbox 929 4391 1441 4462; x_wconf 85' lang='grc' dir='ltr'>ὲνστρατεύσασθαι,</span> <span class='ocrx_word' id='word_1_557' title='bbox 1456 4392 1591 4446; x_wconf 82' lang='grc' dir='ltr'><strong>ἀλλά</strong></span> <span class='ocrx_word' id='word_1_558' title='bbox 1611 4411 1758 4464; x_wconf 86' lang='grc' dir='ltr'>χαρι-</span> 
     </span>
    </p>
   </div>
   <div class='ocr_carea' id='block_1_76' title="bbox 207 4480 1755 4558">
    <p class='ocr_par' dir='ltr' id='par_1_76' title="bbox 207 4480 1755 4558">
     <span class='ocr_line' id='line_1_76' title="bbox 207 4480 1755 4558; baseline 0.001 -22"><span class='ocrx_word' id='word_1_559' title='bbox 207 4482 431 4554; x_wconf 84' lang='grc' dir='ltr'>στηρίαν</span> <span class='ocrx_word' id='word_1_560' title='bbox 464 4481 733 4557; x_wconf 79' lang='grc' dir='ltr'>διαφανῶς</span> <span class='ocrx_word' id='word_1_561' title='bbox 762 4481 855 4535; x_wconf 80' lang='grc' dir='ltr'>καὶ</span> <span class='ocrx_word' id='word_1_562' title='bbox 884 4480 1112 4553; x_wconf 78' lang='grc' dir='ltr'>ἀζήμιον</span> <span class='ocrx_word' id='word_1_563' title='bbox 1150 4483 1394 4554; x_wconf 74' lang='grc' dir='ltr'>ἐδέχοντο</span> <span class='ocrx_word' id='word_1_564' title='bbox 1434 4486 1535 4556; x_wconf 79' lang='grc' dir='ltr'>τὴν</span> <span class='ocrx_word' id='word_1_565' title='bbox 1570 4486 1755 4558; x_wconf 86' lang='grc' dir='ltr'>τιμὴν,</span> 
     </span>
    </p>
   </div>
   <div class='ocr_carea' id='block_1_77' title="bbox 1847 3375 3453 3448">
    <p class='ocr_par' dir='ltr' id='par_1_77' title="bbox 1847 3375 3453 3448">
     <span class='ocr_line' id='line_1_77' title="bbox 1847 3375 3453 3448; baseline -0.001 -17"><span class='ocrx_word' id='word_1_566' title='bbox 1847 3391 2054 3440; x_wconf 88' lang='lat' dir='ltr'><strong>revera,</strong></span> <span class='ocrx_word' id='word_1_567' title='bbox 2102 3378 2194 3432; x_wconf 88' lang='lat' dir='ltr'><strong>sed</strong></span> <span class='ocrx_word' id='word_1_568' title='bbox 2228 3391 2307 3431; x_wconf 83' lang='lat' dir='ltr'><strong>ne</strong></span> <span class='ocrx_word' id='word_1_569' title='bbox 2324 3375 2667 3432; x_wconf 83' lang='lat' dir='ltr'><strong>mediocriter</strong></span> <span class='ocrx_word' id='word_1_570' title='bbox 2702 3375 2920 3443; x_wconf 87' lang='lat' dir='ltr'><strong>quidem</strong></span> <span class='ocrx_word' id='word_1_571' title='bbox 2964 3378 3015 3429; x_wconf 89' lang='lat' dir='ltr'><strong>in</strong></span> <span class='ocrx_word' id='word_1_572' title='bbox 3059 3377 3222 3431; x_wconf 88' lang='lat' dir='ltr'><strong>rebus</strong></span> <span class='ocrx_word' id='word_1_573' title='bbox 3252 3378 3416 3448; x_wconf 77' lang='lat'><strong>310</strong></span> <span class='ocrx_word' id='word_1_574' title='bbox 3450 3420 3453 3425; x_wconf 87' lang='lat'>.</span> 
     </span>
    </p>
   </div>
   <div class='ocr_carea' id='block_1_78' title="bbox 1846 3469 3412 3543">
    <p class='ocr_par' dir='ltr' id='par_1_78' title="bbox 1846 3469 3412 3543">
     <span class='ocr_line' id='line_1_78' title="bbox 1846 3469 3412 3543; baseline -0.001 -15"><span class='ocrx_word' id='word_1_575' title='bbox 1846 3473 2053 3529; x_wconf 87' lang='lat' dir='ltr'><strong>bellicis</strong></span> <span class='ocrx_word' id='word_1_576' title='bbox 2095 3472 2399 3537; x_wconf 69' lang='lat' dir='ltr'><strong>exercitati,</strong></span> <span class='ocrx_word' id='word_1_577' title='bbox 2440 3470 2535 3526; x_wconf 90' lang='lat' dir='ltr'><strong>sed</strong></span> <span class='ocrx_word' id='word_1_578' title='bbox 2575 3485 2645 3526; x_wconf 80' lang='lat' dir='ltr'><strong>ex</strong></span> <span class='ocrx_word' id='word_1_579' title='bbox 2680 3469 2787 3525; x_wconf 89' lang='lat' dir='ltr'><strong>illis</strong></span> <span class='ocrx_word' id='word_1_580' title='bbox 2816 3471 3143 3542; x_wconf 88' lang='lat' dir='ltr'><strong>legionibus.</strong></span> <span class='ocrx_word' id='word_1_581' title='bbox 3189 3488 3311 3543; x_wconf 78' lang='lat' dir='ltr'><strong>qua:</strong></span> <span class='ocrx_word' id='word_1_582' title='bbox 3342 3474 3412 3526; x_wconf 90' lang='lat' dir='ltr'><strong>ad</strong></span> 
     </span>
    </p>
   </div>
   <div class='ocr_carea' id='block_1_79' title="bbox 1848 3562 3435 3630">
    <p class='ocr_par' dir='ltr' id='par_1_79' title="bbox 1848 3562 3435 3630">
     <span class='ocr_line' id='line_1_79' title="bbox 1848 3562 3435 3630; baseline -0.003 -8"><span class='ocrx_word' id='word_1_583' title='bbox 1848 3565 1954 3622; x_wconf 87' lang='lat' dir='ltr'><strong>hoc</strong></span> <span class='ocrx_word' id='word_1_584' title='bbox 2016 3575 2142 3622; x_wconf 91' lang='lat' dir='ltr'><strong>sunt</strong></span> <span class='ocrx_word' id='word_1_585' title='bbox 2174 3566 2471 3630; x_wconf 62' lang='lat' dir='ltr'><strong>destinatae,</strong></span> <span class='ocrx_word' id='word_1_586' title='bbox 2518 3571 2579 3617; x_wconf 91' lang='lat' dir='ltr'><strong>ut</strong></span> <span class='ocrx_word' id='word_1_587' title='bbox 2629 3562 2860 3618; x_wconf 88' lang='lat' dir='ltr'><strong>interdiu</strong></span> <span class='ocrx_word' id='word_1_588' title='bbox 2916 3574 2970 3618; x_wconf 89' lang='lat' dir='ltr'><strong>et</strong></span> <span class='ocrx_word' id='word_1_589' title='bbox 3025 3570 3186 3619; x_wconf 89' lang='lat' dir='ltr'><strong>noctu</strong></span> <span class='ocrx_word' id='word_1_590' title='bbox 3214 3564 3266 3617; x_wconf 91' lang='lat' dir='ltr'><strong>in</strong></span> <span class='ocrx_word' id='word_1_591' title='bbox 3289 3566 3435 3618; x_wconf 54' lang='lat' dir='ltr'><strong>aula-</strong></span> 
     </span>
    </p>
   </div>
   <div class='ocr_carea' id='block_1_80' title="bbox 1849 3652 3413 3727">
    <p class='ocr_par' dir='ltr' id='par_1_80' title="bbox 1849 3652 3413 3727">
     <span class='ocr_line' id='line_1_80' title="bbox 1849 3652 3413 3727; baseline 0.001 -17"><span class='ocrx_word' id='word_1_592' title='bbox 1849 3666 2168 3724; x_wconf 81' lang='lat' dir='ltr'><strong>versentur;</strong></span> <span class='ocrx_word' id='word_1_593' title='bbox 2221 3672 2356 3727; x_wconf 79' lang='lat' dir='ltr'><strong>quos</strong></span> <span class='ocrx_word' id='word_1_594' title='bbox 2377 3652 2674 3711; x_wconf 82' lang='lat' dir='ltr'><strong>scholarios</strong></span> <span class='ocrx_word' id='word_1_595' title='bbox 2700 3655 2989 3725; x_wconf 89' lang='lat' dir='ltr'><strong>appellant.</strong></span> <span class='ocrx_word' id='word_1_596' title='bbox 3017 3656 3082 3711; x_wconf 79' lang='lat' dir='ltr'><strong>Hi</strong></span> <span class='ocrx_word' id='word_1_597' title='bbox 3118 3672 3244 3711; x_wconf 87' lang='lat' dir='ltr'><strong>vero</strong></span> <span class='ocrx_word' id='word_1_598' title='bbox 3270 3656 3413 3711; x_wconf 88' lang='lat' dir='ltr'><strong>mili-</strong></span> 
     </span>
    </p>
   </div>
   <div class='ocr_carea' id='block_1_81' title="bbox 1850 3746 3410 3820">
    <p class='ocr_par' dir='ltr' id='par_1_81' title="bbox 1850 3746 3410 3820">
     <span class='ocr_line' id='line_1_81' title="bbox 1850 3746 3410 3820; baseline -0.002 -15"><span class='ocrx_word' id='word_1_599' title='bbox 1850 3756 1932 3805; x_wconf 85' lang='lat' dir='ltr'><strong>tes</strong></span> <span class='ocrx_word' id='word_1_600' title='bbox 1952 3751 2169 3820; x_wconf 87' lang='lat' dir='ltr'><strong>quidem</strong></span> <span class='ocrx_word' id='word_1_601' title='bbox 2196 3760 2475 3813; x_wconf 82' lang='lat' dir='ltr'><strong>vocantur,</strong></span> <span class='ocrx_word' id='word_1_602' title='bbox 2514 3756 2568 3803; x_wconf 82' lang='lat' dir='ltr'><strong>et</strong></span> <span class='ocrx_word' id='word_1_603' title='bbox 2604 3746 2658 3802; x_wconf 91' lang='lat' dir='ltr'><strong>in</strong></span> <span class='ocrx_word' id='word_1_604' title='bbox 2692 3748 2936 3819; x_wconf 76' lang='lat' dir='ltr'><strong>catalogo</strong></span> <span class='ocrx_word' id='word_1_605' title='bbox 2969 3748 3410 3818; x_wconf 85' lang='lat' dir='ltr'><strong>stipendiatorum</strong></span> 
     </span>
    </p>
   </div>
   <div class='ocr_carea' id='block_1_82' title="bbox 1852 3841 3417 3913">
    <p class='ocr_par' dir='ltr' id='par_1_82' title="bbox 1852 3841 3417 3913">
     <span class='ocr_line' id='line_1_82' title="bbox 1852 3841 3417 3913; baseline -0.001 -16"><span class='ocrx_word' id='word_1_606' title='bbox 1852 3851 2176 3907; x_wconf 87' lang='lat' dir='ltr'><strong>censentur;</strong></span> <span class='ocrx_word' id='word_1_607' title='bbox 2230 3850 2358 3896; x_wconf 89' lang='lat' dir='ltr'><strong>sunt</strong></span> <span class='ocrx_word' id='word_1_608' title='bbox 2404 3850 2584 3901; x_wconf 87' lang='lat' dir='ltr'><strong>autem</strong></span> <span class='ocrx_word' id='word_1_609' title='bbox 2632 3841 2877 3913; x_wconf 81' lang='lat' dir='ltr'><strong>plerique</strong></span> <span class='ocrx_word' id='word_1_610' title='bbox 2903 3855 3091 3896; x_wconf 88' lang='lat' dir='ltr'><strong>eorum</strong></span> <span class='ocrx_word' id='word_1_611' title='bbox 3131 3842 3322 3896; x_wconf 87' lang='lat' dir='ltr'><strong>urbani</strong></span> <span class='ocrx_word' id='word_1_612' title='bbox 3361 3852 3417 3896; x_wconf 87' lang='lat' dir='ltr'><strong>et</strong></span> 
     </span>
    </p>
   </div>
   <div class='ocr_carea' id='block_1_83' title="bbox 1852 3931 3416 4003">
    <p class='ocr_par' dir='ltr' id='par_1_83' title="bbox 1852 3931 3416 4003">
     <span class='ocr_line' id='line_1_83' title="bbox 1852 3931 3416 4003; baseline 0.001 -16"><span class='ocrx_word' id='word_1_613' title='bbox 1852 3933 2133 4003; x_wconf 82' lang='lat' dir='ltr'><strong>splendide</strong></span> <span class='ocrx_word' id='word_1_614' title='bbox 2150 3934 2347 3997; x_wconf 79' lang='lat' dir='ltr'><strong>vestiti,</strong></span> <span class='ocrx_word' id='word_1_615' title='bbox 2365 3935 2458 3989; x_wconf 89' lang='lat' dir='ltr'><strong>sed</strong></span> <span class='ocrx_word' id='word_1_616' title='bbox 2482 3942 2687 3987; x_wconf 88' lang='lat' dir='ltr'><strong>tantum</strong></span> <span class='ocrx_word' id='word_1_617' title='bbox 2713 3932 2931 4002; x_wconf 69' lang='lat' dir='ltr'><strong>agendae</strong></span> <span class='ocrx_word' id='word_1_618' title='bbox 2950 3931 3226 4001; x_wconf 77' lang='lat' dir='ltr'><strong>dignitatis</strong></span> <span class='ocrx_word' id='word_1_619' title='bbox 3256 3933 3416 4002; x_wconf 68' lang='lat' dir='ltr'><strong>regia:</strong></span> 
     </span>
    </p>
   </div>
   <div class='ocr_carea' id='block_1_84' title="bbox 1853 4021 3413 4095">
    <p class='ocr_par' dir='ltr' id='par_1_84' title="bbox 1853 4021 3413 4095">
     <span class='ocr_line' id='line_1_84' title="bbox 1853 4021 3413 4095; baseline -0.002 -16"><span class='ocrx_word' id='word_1_620' title='bbox 1853 4037 2015 4079; x_wconf 83' lang='lat' dir='ltr'><strong>causa</strong></span> <span class='ocrx_word' id='word_1_621' title='bbox 2036 4035 2090 4077; x_wconf 88' lang='lat' dir='ltr'><strong>et</strong></span> <span class='ocrx_word' id='word_1_622' title='bbox 2106 4023 2532 4093; x_wconf 66' lang='lat' dir='ltr'><strong>magnificentiae,</strong></span> <span class='ocrx_word' id='word_1_623' title='bbox 2554 4023 2771 4091; x_wconf 88' lang='lat' dir='ltr'><strong>quoties</strong></span> <span class='ocrx_word' id='word_1_624' title='bbox 2780 4022 3017 4091; x_wconf 88' lang='lat' dir='ltr'><strong>prodiret</strong></span> <span class='ocrx_word' id='word_1_625' title='bbox 3040 4021 3094 4073; x_wconf 89' lang='lat' dir='ltr'><strong>in</strong></span> <span class='ocrx_word' id='word_1_626' title='bbox 3116 4021 3413 4095; x_wconf 85' lang='lat' dir='ltr'><strong>publicum.</strong></span> 
     </span>
    </p>
   </div>
   <div class='ocr_carea' id='block_1_85' title="bbox 1853 4113 3417 4184">
    <p class='ocr_par' dir='ltr' id='par_1_85' title="bbox 1853 4113 3417 4184">
     <span class='ocr_line' id='line_1_85' title="bbox 1853 4113 3417 4184; baseline 0.001 -15"><span class='ocrx_word' id='word_1_627' title='bbox 1853 4115 2030 4181; x_wconf 86' lang='lat' dir='ltr'><strong>Atque</strong></span> <span class='ocrx_word' id='word_1_628' title='bbox 2087 4115 2215 4170; x_wconf 88' lang='lat' dir='ltr'><strong>olim</strong></span> <span class='ocrx_word' id='word_1_629' title='bbox 2263 4114 2480 4184; x_wconf 84' lang='lat' dir='ltr'><strong>quidem</strong></span> <span class='ocrx_word' id='word_1_630' title='bbox 2538 4128 2645 4168; x_wconf 90' lang='lat' dir='ltr'><strong>non</strong></span> <span class='ocrx_word' id='word_1_631' title='bbox 2687 4114 2823 4168; x_wconf 87' lang='lat' dir='ltr'><strong>alios</strong></span> <span class='ocrx_word' id='word_1_632' title='bbox 2876 4113 3138 4183; x_wconf 84' lang='lat' dir='ltr'><strong>quosdam</strong></span> <span class='ocrx_word' id='word_1_633' title='bbox 3181 4115 3235 4167; x_wconf 91' lang='lat' dir='ltr'><strong>in</strong></span> <span class='ocrx_word' id='word_1_634' title='bbox 3269 4114 3417 4171; x_wconf 88' lang='lat' dir='ltr'><strong>hunc</strong></span> 
     </span>
    </p>
   </div>
   <div class='ocr_carea' id='block_1_86' title="bbox 1854 4205 3417 4275">
    <p class='ocr_par' dir='ltr' id='par_1_86' title="bbox 1854 4205 3417 4275">
     <span class='ocr_line' id='line_1_86' title="bbox 1854 4205 3417 4275; baseline 0.001 -14"><span class='ocrx_word' id='word_1_635' title='bbox 1854 4206 2099 4261; x_wconf 86' lang='lat' dir='ltr'><strong>ordinem</strong></span> <span class='ocrx_word' id='word_1_636' title='bbox 2134 4206 2401 4261; x_wconf 87' lang='lat' dir='ltr'><strong>asciscere</strong></span> <span class='ocrx_word' id='word_1_637' title='bbox 2437 4205 2651 4270; x_wconf 88' lang='lat' dir='ltr'><strong>licebat,</strong></span> <span class='ocrx_word' id='word_1_638' title='bbox 2682 4220 2843 4275; x_wconf 88' lang='lat' dir='ltr'><strong>quam</strong></span> <span class='ocrx_word' id='word_1_639' title='bbox 2880 4205 2975 4275; x_wconf 85' lang='lat' dir='ltr'><strong>qui</strong></span> <span class='ocrx_word' id='word_1_640' title='bbox 3010 4206 3308 4262; x_wconf 84' lang='lat' dir='ltr'><strong>tractandis</strong></span> <span class='ocrx_word' id='word_1_641' title='bbox 3329 4222 3417 4263; x_wconf 85' lang='lat' dir='ltr'><strong>re-</strong></span> 
     </span>
    </p>
   </div>
   <div class='ocr_carea' id='block_1_87' title="bbox 1857 4289 3419 4371">
    <p class='ocr_par' dir='ltr' id='par_1_87' title="bbox 1857 4289 3419 4371">
     <span class='ocr_line' id='line_1_87' title="bbox 1857 4289 3419 4371; baseline 0.001 -20"><span class='ocrx_word' id='word_1_642' title='bbox 1857 4297 1960 4351; x_wconf 91' lang='lat' dir='ltr'><strong>bus</strong></span> <span class='ocrx_word' id='word_1_643' title='bbox 2008 4296 2214 4352; x_wconf 85' lang='lat' dir='ltr'><strong>bellicis</strong></span> <span class='ocrx_word' id='word_1_644' title='bbox 2250 4306 2406 4352; x_wconf 88' lang='lat' dir='ltr'><strong>erant</strong></span> <span class='ocrx_word' id='word_1_645' title='bbox 2430 4297 2744 4361; x_wconf 74' lang='lat' dir='ltr'><strong>exercitati,</strong></span> <span class='ocrx_word' id='word_1_646' title='bbox 2784 4289 3009 4371; x_wconf 81' lang='lat' dir='ltr'><strong>ideoque</strong></span> <span class='ocrx_word' id='word_1_647' title='bbox 3045 4306 3220 4367; x_wconf 83' lang='lat' dir='ltr'><strong>neque</strong></span> <span class='ocrx_word' id='word_1_648' title='bbox 3254 4313 3419 4369; x_wconf 85' lang='lat' dir='ltr'><strong>pecu-</strong></span> 
     </span>
    </p>
   </div>
   <div class='ocr_carea' id='block_1_88' title="bbox 1860 4378 3414 4460">
    <p class='ocr_par' dir='ltr' id='par_1_88' title="bbox 1860 4378 3414 4460">
     <span class='ocr_line' id='line_1_88' title="bbox 1860 4378 3414 4460; baseline -0.001 -16"><span class='ocrx_word' id='word_1_649' title='bbox 1860 4391 2004 4444; x_wconf 88' lang='lat' dir='ltr'><strong>niam</strong></span> <span class='ocrx_word' id='word_1_650' title='bbox 2038 4389 2200 4442; x_wconf 79' lang='lat' dir='ltr'><strong>ullam</strong></span> <span class='ocrx_word' id='word_1_651' title='bbox 2221 4388 2545 4460; x_wconf 84' lang='lat' dir='ltr'><strong>pendebant,</strong></span> <span class='ocrx_word' id='word_1_652' title='bbox 2576 4398 2635 4443; x_wconf 88' lang='lat' dir='ltr'><strong>ut</strong></span> <span class='ocrx_word' id='word_1_653' title='bbox 2655 4388 2781 4445; x_wconf 85' lang='lat' dir='ltr'><strong>huic</strong></span> <span class='ocrx_word' id='word_1_654' title='bbox 2806 4387 2980 4441; x_wconf 87' lang='lat' dir='ltr'><strong>ordini</strong></span> <span class='ocrx_word' id='word_1_655' title='bbox 2999 4378 3414 4452; x_wconf 71' lang='lat' dir='ltr'><strong>ascribenentur.</strong></span> 
     </span>
    </p>
   </div>
   <div class='ocr_carea' id='block_1_89' title="bbox 1859 4481 3421 4552">
    <p class='ocr_par' dir='ltr' id='par_1_89' title="bbox 1859 4481 3421 4552">
     <span class='ocr_line' id='line_1_89' title="bbox 1859 4481 3421 4552; baseline -0.001 -14"><span class='ocrx_word' id='word_1_656' title='bbox 1859 4484 1953 4538; x_wconf 83' lang='lat' dir='ltr'><strong>sed</strong></span> <span class='ocrx_word' id='word_1_657' title='bbox 2016 4483 2184 4552; x_wconf 83' lang='lat' dir='ltr'><strong>gratis</strong></span> <span class='ocrx_word' id='word_1_658' title='bbox 2236 4481 2369 4537; x_wconf 85' lang='lat' dir='ltr'><strong>citra</strong></span> <span class='ocrx_word' id='word_1_659' title='bbox 2404 4482 2549 4536; x_wconf 85' lang='lat' dir='ltr'><strong>ullos</strong></span> <span class='ocrx_word' id='word_1_660' title='bbox 2594 4496 2723 4535; x_wconf 87' lang='lat' dir='ltr'><strong>suos</strong></span> <span class='ocrx_word' id='word_1_661' title='bbox 2770 4490 3019 4550; x_wconf 82' lang='lat' dir='ltr'><strong>sumptus</strong></span> <span class='ocrx_word' id='word_1_662' title='bbox 3070 4485 3173 4539; x_wconf 89' lang='lat' dir='ltr'><strong>boc</strong></span> <span class='ocrx_word' id='word_1_663' title='bbox 3213 4484 3421 4537; x_wconf 83' lang='lat' dir='ltr'><strong>honore</strong></span> 
     </span>
    </p>
   </div>
   <div class='ocr_carea' id='block_1_90' title="bbox 204 4571 1751 4657">
    <p class='ocr_par' dir='ltr' id='par_1_90' title="bbox 204 4571 1751 4657">
     <span class='ocr_line' id='line_1_90' title="bbox 204 4571 1751 4657; baseline 0.003 -30"><span class='ocrx_word' id='word_1_664' title='bbox 204 4571 300 4627; x_wconf 72' lang='grc' dir='ltr'>ἅτε</span> <span class='ocrx_word' id='word_1_665' title='bbox 326 4573 393 4644; x_wconf 76' lang='grc' dir='ltr'>δὴ</span> <span class='ocrx_word' id='word_1_666' title='bbox 423 4572 565 4637; x_wconf 72' lang='grc' dir='ltr'>ἄξιοι</span> <span class='ocrx_word' id='word_1_667' title='bbox 586 4576 651 4628; x_wconf 78' lang='grc' dir='ltr'>ὲκ</span> <span class='ocrx_word' id='word_1_668' title='bbox 677 4573 786 4627; x_wconf 84' lang='grc' dir='ltr'><strong>τῶν</strong></span> <span class='ocrx_word' id='word_1_669' title='bbox 816 4577 1312 4657; x_wconf 78' lang='grc' dir='ltr'>προηγωνισμένων</span> <span class='ocrx_word' id='word_1_670' title='bbox 1338 4578 1751 4647; x_wconf 87' lang='grc' dir='ltr'>ἀναδειχθέντες.</span> 
     </span>
    </p>
   </div>
   <div class='ocr_carea' id='block_1_91' title="bbox 1846 4571 3419 4657">
    <p class='ocr_par' dir='ltr' id='par_1_91' title="bbox 1862 4574 3419 4647">
     <span class='ocr_line' id='line_1_91' title="bbox 1862 4574 3419 4647; baseline -0.003 -16"><span class='ocrx_word' id='word_1_671' title='bbox 1862 4576 2220 4637; x_wconf 85' lang='lat' dir='ltr'><strong>donabantur,</strong></span> <span class='ocrx_word' id='word_1_672' title='bbox 2268 4584 2453 4645; x_wconf 81' lang='lat' dir='ltr'><strong>utpote</strong></span> <span class='ocrx_word' id='word_1_673' title='bbox 2505 4574 2649 4643; x_wconf 83' lang='lat' dir='ltr'><strong>digni</strong></span> <span class='ocrx_word' id='word_1_674' title='bbox 2698 4589 2765 4629; x_wconf 76' lang='lat' dir='ltr'><strong>ex</strong></span> <span class='ocrx_word' id='word_1_675' title='bbox 2814 4577 3078 4633; x_wconf 80' lang='lat' dir='ltr'><strong>anteactis</strong></span> <span class='ocrx_word' id='word_1_676' title='bbox 3110 4576 3419 4647; x_wconf 69' lang='lat' dir='ltr'><strong>praeliorum</strong></span> 
     </span>
    </p>
   </div>
   <div class='ocr_carea' id='block_1_92' title="bbox 204 4659 1761 4739">
    <p class='ocr_par' dir='ltr' id='par_1_92' title="bbox 204 4659 1761 4739">
     <span class='ocr_line' id='line_1_92' title="bbox 204 4659 1761 4739; baseline 0.003 -22"><span class='ocrx_word' id='word_1_677' title='bbox 204 4665 390 4735; x_wconf 81' lang='grc' dir='ltr'>Ζήνων</span> <span class='ocrx_word' id='word_1_678' title='bbox 437 4664 497 4716; x_wconf 68' lang='grc' dir='ltr'>δὲ</span> <span class='ocrx_word' id='word_1_679' title='bbox 530 4663 775 4732; x_wconf 83' lang='grc' dir='ltr'>φαίνεται</span> <span class='ocrx_word' id='word_1_680' title='bbox 817 4666 864 4697; x_wconf 72' lang='grc'><strong>’⁸</strong></span> <span class='ocrx_word' id='word_1_681' title='bbox 909 4666 1124 4736; x_wconf 87' lang='grc' dir='ltr'>πρῶτος</span> <span class='ocrx_word' id='word_1_682' title='bbox 1160 4669 1189 4720; x_wconf 84' lang='grc' dir='ltr'><strong>ό</strong></span> <span class='ocrx_word' id='word_1_683' title='bbox 1214 4659 1464 4737; x_wconf 80' lang='grc' dir='ltr'>Ἰσαυρος</span> <span class='ocrx_word' id='word_1_684' title='bbox 1498 4669 1633 4737; x_wconf 86' lang='grc' dir='ltr'><strong>μετά</strong></span> <span class='ocrx_word' id='word_1_685' title='bbox 1662 4671 1761 4739; x_wconf 84' lang='grc' dir='ltr'>τὴν</span> 
     </span>
    </p>
   </div>
   <div class='ocr_carea' id='block_1_93' title="bbox 204 4752 1765 4829">
    <p class='ocr_par' dir='ltr' id='par_1_93' title="bbox 204 4752 1765 4829">
     <span class='ocr_line' id='line_1_93' title="bbox 204 4752 1765 4829; baseline 0.002 -21"><span class='ocrx_word' id='word_1_686' title='bbox 204 4757 302 4826; x_wconf 83' lang='grc' dir='ltr'>τῆς</span> <span class='ocrx_word' id='word_1_687' title='bbox 358 4752 634 4826; x_wconf 83' lang='grc' dir='ltr'>βασιλείας</span> <span class='ocrx_word' id='word_1_688' title='bbox 682 4755 980 4825; x_wconf 82' lang='grc' dir='ltr'>ἀνάκτησιν</span> <span class='ocrx_word' id='word_1_689' title='bbox 1034 4756 1259 4820; x_wconf 84' lang='grc' dir='ltr'>πολλοὺς</span> <span class='ocrx_word' id='word_1_690' title='bbox 1315 4759 1423 4811; x_wconf 87' lang='grc' dir='ltr'><strong>τῶν</strong></span> <span class='ocrx_word' id='word_1_691' title='bbox 1480 4760 1765 4829; x_wconf 80' lang='grc' dir='ltr'>ὁμοφύλων</span> 
     </span>
    </p>
   </div>
   <div class='ocr_carea' id='block_1_94' title="bbox 205 4845 1769 4918">
    <p class='ocr_par' dir='ltr' id='par_1_94' title="bbox 205 4845 1769 4918">
     <span class='ocr_line' id='line_1_94' title="bbox 205 4845 1769 4918; baseline 0.001 -17"><span class='ocrx_word' id='word_1_692' title='bbox 205 4845 379 4901; x_wconf 77' lang='grc' dir='ltr'>τοῖσδε</span> <span class='ocrx_word' id='word_1_693' title='bbox 416 4847 536 4910; x_wconf 77' lang='grc' dir='ltr'>,τοῖς</span> <span class='ocrx_word' id='word_1_694' title='bbox 590 4845 863 4915; x_wconf 84' lang='grc' dir='ltr'>τάγμασιν</span> <span class='ocrx_word' id='word_1_695' title='bbox 916 4845 1309 4917; x_wconf 82' lang='grc' dir='ltr'>ὲναριομήσας,</span> <span class='ocrx_word' id='word_1_696' title='bbox 1338 4848 1537 4917; x_wconf 69' lang='grc' dir='ltr'>ἥκιστα</span> <span class='ocrx_word' id='word_1_697' title='bbox 1569 4849 1667 4918; x_wconf 77' lang='grc' dir='ltr'>μὲν</span> <span class='ocrx_word' id='word_1_698' title='bbox 1713 4852 1769 4903; x_wconf 78' lang='grc' dir='ltr'>ὲν</span> 
     </span>
    </p>
   </div>
   <div class='ocr_carea' id='block_1_95' title="bbox 209 4938 1766 5019">
    <p class='ocr_par' dir='ltr' id='par_1_95' title="bbox 209 4938 1766 5019">
     <span class='ocr_line' id='line_1_95' title="bbox 209 4938 1766 5019; baseline 0.001 -26"><span class='ocrx_word' id='word_1_699' title='bbox 209 4938 547 5011; x_wconf 79' lang='grc' dir='ltr'>συμπλοκαῖς</span> <span class='ocrx_word' id='word_1_700' title='bbox 580 4940 1004 5019; x_wconf 70' lang='grc' dir='ltr'>ἀριστεύσαντας</span> <span class='ocrx_word' id='word_1_701' title='bbox 1036 4940 1070 5011; x_wconf 81' lang='grc' dir='ltr'>ἦ</span> <span class='ocrx_word' id='word_1_702' title='bbox 1098 4940 1234 5003; x_wconf 83' lang='grc' dir='ltr'>ὅλως</span> <span class='ocrx_word' id='word_1_703' title='bbox 1279 4940 1571 5011; x_wconf 82' lang='grc' dir='ltr'>ἐμπείρους</span> <span class='ocrx_word' id='word_1_704' title='bbox 1606 4958 1766 5009; x_wconf 85' lang='grc' dir='ltr'>γεγε-</span> 
     </span>
    </p>
   </div>
   <div class='ocr_carea' id='block_1_96' title="bbox 208 5026 1767 5105">
    <p class='ocr_par' dir='ltr' id='par_1_96' title="bbox 208 5026 1767 5105">
     <span class='ocr_line' id='line_1_96' title="bbox 208 5026 1767 5105; baseline 0.003 -21"><span class='ocrx_word' id='word_1_705' title='bbox 208 5031 496 5103; x_wconf 78' lang='grc' dir='ltr'>νημένους,</span> <span class='ocrx_word' id='word_1_706' title='bbox 521 5028 699 5093; x_wconf 73' lang='grc' dir='ltr'>ἄλλως</span> <span class='ocrx_word' id='word_1_707' title='bbox 735 5031 793 5086; x_wconf 78' lang='grc' dir='ltr'><em>δέ</em></span> <span class='ocrx_word' id='word_1_708' title='bbox 1000 5033 1306 5103; x_wconf 85' lang='grc' dir='ltr'>γνωρίμους</span> <span class='ocrx_word' id='word_1_709' title='bbox 1336 5034 1484 5104; x_wconf 83' lang='grc' dir='ltr'>αὐτῷ</span> <span class='ocrx_word' id='word_1_710' title='bbox 1517 5037 1612 5088; x_wconf 81' lang='grc' dir='ltr'>καὶ</span> <span class='ocrx_word' id='word_1_711' title='bbox 1643 5035 1767 5101; x_wconf 83' lang='grc' dir='ltr'>ξυν-</span> 
     </span>
    </p>
   </div>
   <div class='ocr_carea' id='block_1_97' title="bbox 209 5114 1764 5194">
    <p class='ocr_par' dir='ltr' id='par_1_97' title="bbox 209 5114 1764 5194">
     <span class='ocr_line' id='line_1_97' title="bbox 209 5114 1764 5194; baseline 0.001 -17"><span class='ocrx_word' id='word_1_712' title='bbox 209 5114 381 5191; x_wconf 80' lang='grc' dir='ltr'>ήθεις.</span> <span class='ocrx_word' id='word_1_713' title='bbox 410 5116 547 5175; x_wconf 83' lang='grc' dir='ltr'>Εἶτα</span> <span class='ocrx_word' id='word_1_714' title='bbox 570 5120 814 5186; x_wconf 68' lang='grc' dir='ltr'>δοθέντος</span> <span class='ocrx_word' id='word_1_715' title='bbox 846 5122 906 5177; x_wconf 63' lang='grc' dir='ltr'><strong>εν</strong></span> <span class='ocrx_word' id='word_1_716' title='bbox 936 5122 1013 5193; x_wconf 84' lang='grc' dir='ltr'><strong>τῷ</strong></span> <span class='ocrx_word' id='word_1_717' title='bbox 1039 5122 1160 5176; x_wconf 87' lang='grc' dir='ltr'>τότε</span> <span class='ocrx_word' id='word_1_718' title='bbox 1198 5124 1291 5177; x_wconf 75' lang='grc' dir='ltr'>καὶ</span> <span class='ocrx_word' id='word_1_719' title='bbox 1319 5122 1764 5194; x_wconf 81' lang='grc' dir='ltr'>παρειλημμένου</span> 
     </span>
    </p>
   </div>
   <div class='ocr_carea' id='block_1_98' title="bbox 210 5212 1765 5284">
    <p class='ocr_par' dir='ltr' id='par_1_98' title="bbox 210 5212 1765 5284">
     <span class='ocr_line' id='line_1_98' title="bbox 210 5212 1765 5284; baseline 0 -17"><span class='ocrx_word' id='word_1_720' title='bbox 210 5213 305 5269; x_wconf 77' lang='grc' dir='ltr'><strong>τοῦ</strong></span> <span class='ocrx_word' id='word_1_721' title='bbox 332 5215 536 5282; x_wconf 74' lang='grc' dir='ltr'>ἰξεῖναι</span> <span class='ocrx_word' id='word_1_722' title='bbox 567 5212 629 5267; x_wconf 87' lang='grc' dir='ltr'><strong>ού</strong></span> <span class='ocrx_word' id='word_1_723' title='bbox 657 5212 816 5283; x_wconf 85' lang='grc' dir='ltr'>μόνον</span> <span class='ocrx_word' id='word_1_724' title='bbox 837 5213 957 5269; x_wconf 78' lang='grc' dir='ltr'>ἀντὶ</span> <span class='ocrx_word' id='word_1_725' title='bbox 986 5212 1199 5284; x_wconf 88' lang='grc' dir='ltr'>μόχθων</span> <span class='ocrx_word' id='word_1_726' title='bbox 1218 5230 1279 5267; x_wconf 87' lang='grc' dir='ltr'><strong>τε</strong></span> <span class='ocrx_word' id='word_1_727' title='bbox 1302 5213 1398 5267; x_wconf 83' lang='grc' dir='ltr'>καὶ</span> <span class='ocrx_word' id='word_1_728' title='bbox 1424 5214 1648 5280; x_wconf 83' lang='grc' dir='ltr'>ἀγώνων</span> <span class='ocrx_word' id='word_1_729' title='bbox 1671 5214 1765 5268; x_wconf 74' lang='grc' dir='ltr'>καὶ</span> 
     </span>
    </p>
   </div>
   <div class='ocr_carea' id='block_1_99' title="bbox 1863 4658 3418 4739">
    <p class='ocr_par' dir='ltr' id='par_1_99' title="bbox 1863 4658 3418 4739">
     <span class='ocr_line' id='line_1_99' title="bbox 1863 4658 3418 4739; baseline -0.002 -15"><span class='ocrx_word' id='word_1_730' title='bbox 1863 4670 2140 4724; x_wconf 85' lang='lat' dir='ltr'><strong>laboribus</strong></span> <span class='ocrx_word' id='word_1_731' title='bbox 2195 4667 2472 4724; x_wconf 85' lang='lat' dir='ltr'><strong>declarati.</strong></span> <span class='ocrx_word' id='word_1_732' title='bbox 2542 4664 2689 4719; x_wconf 84' lang='lat' dir='ltr'><strong>Zeno</strong></span> <span class='ocrx_word' id='word_1_733' title='bbox 2730 4658 2912 4739; x_wconf 87' lang='lat' dir='ltr'><strong>autem</strong></span> <span class='ocrx_word' id='word_1_734' title='bbox 2963 4667 3181 4726; x_wconf 83' lang='lat' dir='ltr'><strong>Isauros</strong></span> <span class='ocrx_word' id='word_1_735' title='bbox 3208 4668 3418 4721; x_wconf 79' lang='lat' dir='ltr'><strong>videtur</strong></span> 
     </span>
    </p>
   </div>
   <div class='ocr_carea' id='block_1_100' title="bbox 1868 4753 3420 4837">
    <p class='ocr_par' dir='ltr' id='par_1_100' title="bbox 1868 4753 3420 4837">
     <span class='ocr_line' id='line_1_100' title="bbox 1868 4753 3420 4837; baseline 0.002 -25"><span class='ocrx_word' id='word_1_736' title='bbox 1868 4761 2076 4829; x_wconf 85' lang='lat' dir='ltr'><strong>primus</strong></span> <span class='ocrx_word' id='word_1_737' title='bbox 2098 4770 2220 4831; x_wconf 89' lang='lat' dir='ltr'><strong>post</strong></span> <span class='ocrx_word' id='word_1_738' title='bbox 2246 4764 2619 4827; x_wconf 85' lang='lat' dir='ltr'><strong>recuperatum</strong></span> <span class='ocrx_word' id='word_1_739' title='bbox 2639 4756 2927 4837; x_wconf 81' lang='lat' dir='ltr'><strong>imperium</strong></span> <span class='ocrx_word' id='word_1_740' title='bbox 2954 4753 3155 4815; x_wconf 84' lang='lat' dir='ltr'><strong>multos</strong></span> <span class='ocrx_word' id='word_1_741' title='bbox 3194 4758 3420 4815; x_wconf 82' lang='lat' dir='ltr'><strong>tribules</strong></span> 
     </span>
    </p>
   </div>
   <div class='ocr_carea' id='block_1_101' title="bbox 1867 4849 3419 4925">
    <p class='ocr_par' dir='ltr' id='par_1_101' title="bbox 1867 4849 3419 4925">
     <span class='ocr_line' id='line_1_101' title="bbox 1867 4849 3419 4925; baseline -0.002 -19"><span class='ocrx_word' id='word_1_742' title='bbox 1867 4852 2043 4923; x_wconf 80' lang='lat' dir='ltr'><strong>hisce</strong></span> <span class='ocrx_word' id='word_1_743' title='bbox 2077 4852 2377 4925; x_wconf 86' lang='lat' dir='ltr'><strong>legionibus</strong></span> <span class='ocrx_word' id='word_1_744' title='bbox 2413 4849 2782 4915; x_wconf 82' lang='lat' dir='ltr'><strong>accensuisse,</strong></span> <span class='ocrx_word' id='word_1_745' title='bbox 2810 4866 3042 4920; x_wconf 88' lang='lat' dir='ltr'><strong>quorum</strong></span> <span class='ocrx_word' id='word_1_746' title='bbox 3105 4850 3277 4904; x_wconf 89' lang='lat' dir='ltr'><strong>virtus</strong></span> <span class='ocrx_word' id='word_1_747' title='bbox 3321 4864 3419 4903; x_wconf 87' lang='lat' dir='ltr'><strong>ne-</strong></span> 
     </span>
    </p>
   </div>
   <div class='ocr_carea' id='block_1_102' title="bbox 1866 4940 3420 5011">
    <p class='ocr_par' dir='ltr' id='par_1_102' title="bbox 1866 4940 3420 5011">
     <span class='ocr_line' id='line_1_102' title="bbox 1866 4940 3420 5011; baseline -0.001 -15"><span class='ocrx_word' id='word_1_748' title='bbox 1866 4957 2141 5011; x_wconf 87' lang='lat' dir='ltr'><strong>quaquam</strong></span> <span class='ocrx_word' id='word_1_749' title='bbox 2169 4943 2219 4995; x_wconf 85' lang='lat' dir='ltr'><strong>in</strong></span> <span class='ocrx_word' id='word_1_750' title='bbox 2251 4940 2449 5010; x_wconf 72' lang='lat' dir='ltr'><strong>praeliis</strong></span> <span class='ocrx_word' id='word_1_751' title='bbox 2480 4940 2799 5006; x_wconf 72' lang='lat' dir='ltr'><strong>eminuerat,</strong></span> <span class='ocrx_word' id='word_1_752' title='bbox 2827 4953 2920 4997; x_wconf 90' lang='lat' dir='ltr'><strong>aut</strong></span> <span class='ocrx_word' id='word_1_753' title='bbox 2943 4941 3178 5011; x_wconf 82' lang='lat' dir='ltr'><strong>alioquin</strong></span> <span class='ocrx_word' id='word_1_754' title='bbox 3209 4943 3420 4997; x_wconf 81' lang='lat' dir='ltr'><strong>exerci-</strong></span> 
     </span>
    </p>
   </div>
   <div class='ocr_carea' id='block_1_103' title="bbox 1868 5031 3422 5099">
    <p class='ocr_par' dir='ltr' id='par_1_103' title="bbox 1868 5031 3422 5099">
     <span class='ocr_line' id='line_1_103' title="bbox 1868 5031 3422 5099; baseline -0.001 -11"><span class='ocrx_word' id='word_1_755' title='bbox 1868 5043 2032 5099; x_wconf 83' lang='lat' dir='ltr'><strong>tatos,</strong></span> <span class='ocrx_word' id='word_1_756' title='bbox 2068 5035 2162 5088; x_wconf 84' lang='lat' dir='ltr'><strong>sed</strong></span> <span class='ocrx_word' id='word_1_757' title='bbox 2204 5040 2363 5089; x_wconf 90' lang='lat' dir='ltr'><strong>notos</strong></span> <span class='ocrx_word' id='word_1_758' title='bbox 2394 5031 2499 5088; x_wconf 92' lang='lat' dir='ltr'><strong>sibi</strong></span> <span class='ocrx_word' id='word_1_759' title='bbox 2532 5048 2597 5089; x_wconf 85' lang='lat' dir='ltr'><strong>ac</strong></span> <span class='ocrx_word' id='word_1_760' title='bbox 2616 5033 2930 5092; x_wconf 77' lang='lat' dir='ltr'><strong>familiares.</strong></span> <span class='ocrx_word' id='word_1_761' title='bbox 2966 5034 3178 5097; x_wconf 84' lang='lat' dir='ltr'><strong>Postea,</strong></span> <span class='ocrx_word' id='word_1_762' title='bbox 3209 5048 3331 5087; x_wconf 91' lang='lat' dir='ltr'><strong>cum</strong></span> <span class='ocrx_word' id='word_1_763' title='bbox 3353 5048 3422 5087; x_wconf 90' lang='lat' dir='ltr'><strong>eo</strong></span> 
     </span>
    </p>
   </div>
   <div class='ocr_carea' id='block_1_104' title="bbox 1869 5120 3423 5196">
    <p class='ocr_par' dir='ltr' id='par_1_104' title="bbox 1869 5120 3423 5196">
     <span class='ocr_line' id='line_1_104' title="bbox 1869 5120 3423 5196; baseline 0.001 -17"><span class='ocrx_word' id='word_1_764' title='bbox 1869 5134 2108 5193; x_wconf 88' lang='lat' dir='ltr'><strong>tempore</strong></span> <span class='ocrx_word' id='word_1_765' title='bbox 2149 5120 2484 5179; x_wconf 72' lang='lat' dir='ltr'><strong>concessum</strong></span> <span class='ocrx_word' id='word_1_766' title='bbox 2528 5134 2912 5196; x_wconf 84' lang='lat' dir='ltr'><strong>receptumque</strong></span> <span class='ocrx_word' id='word_1_767' title='bbox 2966 5134 3145 5186; x_wconf 83' lang='lat' dir='ltr'><strong>esset,</strong></span> <span class='ocrx_word' id='word_1_768' title='bbox 3194 5131 3254 5177; x_wconf 87' lang='lat' dir='ltr'><strong>ut</strong></span> <span class='ocrx_word' id='word_1_769' title='bbox 3314 5139 3423 5180; x_wconf 84' lang='lat' dir='ltr'><strong>non</strong></span> 
     </span>
    </p>
   </div>
   <div class='ocr_carea' id='block_1_105' title="bbox 1869 5208 3427 5287">
    <p class='ocr_par' dir='ltr' id='par_1_105' title="bbox 1869 5208 3427 5287">
     <span class='ocr_line' id='line_1_105' title="bbox 1869 5208 3427 5287; baseline 0.002 -17"><span class='ocrx_word' id='word_1_770' title='bbox 1869 5208 2044 5270; x_wconf 88' lang='lat' dir='ltr'><strong>solum</strong></span> <span class='ocrx_word' id='word_1_771' title='bbox 2065 5229 2164 5287; x_wconf 84' lang='lat' dir='ltr'><strong>pro</strong></span> <span class='ocrx_word' id='word_1_772' title='bbox 2201 5215 2477 5273; x_wconf 80' lang='lat' dir='ltr'><strong>laboribus</strong></span> <span class='ocrx_word' id='word_1_773' title='bbox 2503 5224 2559 5273; x_wconf 88' lang='lat' dir='ltr'><strong>et</strong></span> <span class='ocrx_word' id='word_1_774' title='bbox 2577 5216 2889 5274; x_wconf 85' lang='lat' dir='ltr'><strong>fortitudine</strong></span> <span class='ocrx_word' id='word_1_775' title='bbox 2918 5216 2974 5271; x_wconf 85' lang='lat' dir='ltr'><strong>in</strong></span> <span class='ocrx_word' id='word_1_776' title='bbox 3002 5214 3340 5272; x_wconf 81' lang='lat' dir='ltr'><strong>conﬂictibus</strong></span> <span class='ocrx_word' id='word_1_777' title='bbox 3356 5215 3427 5273; x_wconf 85' lang='lat' dir='ltr'><strong>de</strong></span> 
     </span>
    </p>
   </div>
   <div class='ocr_carea' id='block_1_106' title="bbox 1472 5368 2148 5427">
    <p class='ocr_par' dir='ltr' id='par_1_106' title="bbox 1472 5368 2148 5427">
     <span class='ocr_line' id='line_1_106' title="bbox 1472 5368 2148 5427; baseline 0.007 -5"><span class='ocrx_word' id='word_1_778' title='bbox 1472 5368 1705 5427; x_wconf 78' lang='lat' dir='ltr'><strong>VARUE</strong></span> <span class='ocrx_word' id='word_1_779' title='bbox 1749 5369 2148 5427; x_wconf 80' lang='lat' dir='ltr'><strong>LECTIONES.</strong></span> 
     </span>
    </p>
   </div>
   <div class='ocr_carea' id='block_1_107' title="bbox 283 5524 3421 5605">
    <p class='ocr_par' dir='ltr' id='par_1_107' title="bbox 283 5524 3421 5605">
     <span class='ocr_line' id='line_1_107' title="bbox 283 5524 3421 5605; baseline 0.002 -22"><span class='ocrx_word' id='word_1_780' title='bbox 283 5529 592 5605; x_wconf 62' lang='grc' dir='ltr'>’ρθιασμοὶ</span> <span class='ocrx_word' id='word_1_781' title='bbox 606 5528 673 5583; x_wconf 80' lang='lat' dir='ltr'><strong>R.</strong></span> <span class='ocrx_word' id='word_1_782' title='bbox 745 5529 767 5560; x_wconf 83' lang='lat'>&#39;</span> <span class='ocrx_word' id='word_1_783' title='bbox 788 5525 882 5605; x_wconf 76' lang='grc' dir='ltr'>καὶ</span> <span class='ocrx_word' id='word_1_784' title='bbox 900 5524 1255 5605; x_wconf 74' lang='grc' dir='ltr'>ἠγνοημένοις</span> <span class='ocrx_word' id='word_1_785' title='bbox 1282 5527 1406 5581; x_wconf 88' lang='lat' dir='ltr'><strong>add.</strong></span> <span class='ocrx_word' id='word_1_786' title='bbox 1428 5525 1638 5605; x_wconf 43' lang='lat' dir='ltr'><strong>evitet</strong></span> <span class='ocrx_word' id='word_1_787' title='bbox 1655 5531 1814 5605; x_wconf 71' lang='lat' dir='ltr'><strong>intpr.</strong></span> <span class='ocrx_word' id='word_1_788' title='bbox 1831 5538 1881 5584; x_wconf 85' lang='lat' dir='ltr'><strong>et</strong></span> <span class='ocrx_word' id='word_1_789' title='bbox 1905 5528 2139 5605; x_wconf 68' lang='lat' dir='ltr'><strong>obscura</strong></span> <span class='ocrx_word' id='word_1_790' title='bbox 2155 5532 2312 5605; x_wconf 65' lang='lat' dir='ltr'><strong>sortis</strong></span> <span class='ocrx_word' id='word_1_791' title='bbox 2336 5531 2588 5605; x_wconf 64' lang='lat' dir='ltr'><strong>homines.</strong></span> <span class='ocrx_word' id='word_1_792' title='bbox 2661 5532 2705 5563; x_wconf 86' lang='lat'><strong>‘°</strong></span> <span class='ocrx_word' id='word_1_793' title='bbox 2734 5532 2964 5604; x_wconf 72' lang='grc' dir='ltr'>ᾕδρυται</span> <span class='ocrx_word' id='word_1_794' title='bbox 2994 5534 3059 5588; x_wconf 76' lang='grc' dir='ltr'>Β.</span> <span class='ocrx_word' id='word_1_795' title='bbox 3132 5535 3421 5605; x_wconf 65' lang='lat' dir='ltr'><strong>“ﬁpxaza:</strong></span> 
     </span>
    </p>
   </div>
   <div class='ocr_carea' id='block_1_108' title="bbox 218 5596 2542 5671">
    <p class='ocr_par' dir='ltr' id='par_1_108' title="bbox 218 5596 2542 5671">
     <span class='ocr_line' id='line_1_108' title="bbox 218 5596 2542 5671; baseline 0.001 -18"><span class='ocrx_word' id='word_1_796' title='bbox 218 5596 282 5663; x_wconf 74' lang='grc' dir='ltr'>Β,</span> <span class='ocrx_word' id='word_1_797' title='bbox 312 5598 483 5671; x_wconf 77' lang='lat' dir='ltr'><strong>Lugd,</strong></span> <span class='ocrx_word' id='word_1_798' title='bbox 504 5596 542 5655; x_wconf 69' lang='grc'><strong>2</strong></span> <span class='ocrx_word' id='word_1_799' title='bbox 569 5615 656 5671; x_wconf 58' lang='lat' dir='ltr'><strong>1n.</strong></span> <span class='ocrx_word' id='word_1_800' title='bbox 712 5598 952 5671; x_wconf 88' lang='lat' dir='ltr'><strong>et_intpr.</strong></span> <span class='ocrx_word' id='word_1_801' title='bbox 997 5597 1207 5671; x_wconf 62' lang='lat' dir='ltr'><strong>initium</strong></span> <span class='ocrx_word' id='word_1_802' title='bbox 1237 5607 1447 5671; x_wconf 60' lang='lat' dir='ltr'><strong>sumunt</strong></span> <span class='ocrx_word' id='word_1_803' title='bbox 1478 5599 1636 5671; x_wconf 58' lang='grc' dir='ltr'>μη),</span> <span class='ocrx_word' id='word_1_804' title='bbox 1686 5596 1901 5671; x_wconf 76' lang='grc' dir='ltr'>ἔρχεται</span> <span class='ocrx_word' id='word_1_805' title='bbox 1929 5599 2076 5671; x_wconf 84' lang='lat' dir='ltr'><strong>vulg.</strong></span> <span class='ocrx_word' id='word_1_806' title='bbox 2152 5603 2195 5633; x_wconf 84' lang='grc'>²²</span> <span class='ocrx_word' id='word_1_807' title='bbox 2222 5602 2315 5654; x_wconf 80' lang='grc' dir='ltr'><strong>καὶ</strong></span> <span class='ocrx_word' id='word_1_808' title='bbox 2339 5602 2435 5655; x_wconf 82' lang='grc' dir='ltr'>τοῦ</span> <span class='ocrx_word' id='word_1_809' title='bbox 2465 5604 2542 5656; x_wconf 78' lang='grc' dir='ltr'>Κὲ</span> 
     </span>
    </p>
   </div>
   <div class='ocr_carea' id='block_1_109' title="bbox 1056 5618 2655 5739">
    <p class='ocr_par' dir='ltr' id='par_1_109' title="bbox 1056 5618 2655 5739">
     <span class='ocr_line' id='line_1_109' title="bbox 1056 5618 2655 5739; baseline 0.006 -22"><span class='ocrx_word' id='word_1_810' title='bbox 1056 5618 1447 5719; x_wconf 55' lang='lat' dir='ltr'><strong>uastas;</strong></span> <span class='ocrx_word' id='word_1_811' title='bbox 1478 5618 1901 5723; x_wconf 47' lang='lat' dir='ltr'><strong>iraeirati?</strong></span> <span class='ocrx_word' id='word_1_812' title='bbox 1915 5618 2076 5739; x_wconf 58' lang='lat'><strong>$.11:-</strong></span> <span class='ocrx_word' id='word_1_813' title='bbox 2137 5618 2195 5703; x_wconf 77' lang='lat'><em>::</em></span> <span class='ocrx_word' id='word_1_814' title='bbox 2218 5618 2655 5739; x_wconf 53' lang='lat' dir='ltr'><strong>statim“</strong></span> 
     </span>
    </p>
   </div>
   <div class='ocr_carea' id='block_1_110' title="bbox 217 5667 1251 5808">
    <p class='ocr_par' dir='ltr' id='par_1_110' title="bbox 217 5667 1251 5808">
     <span class='ocr_line' id='line_1_110' title="bbox 218 5667 1251 5751; baseline -0.007 -27"><span class='ocrx_word' id='word_1_815' title='bbox 218 5670 369 5743; x_wconf 84' lang='grc' dir='ltr'>αιρού</span> <span class='ocrx_word' id='word_1_816' title='bbox 399 5667 527 5723; x_wconf 71' lang='grc' dir='ltr'>ἐνοι</span> <span class='ocrx_word' id='word_1_817' title='bbox 569 5667 614 5721; x_wconf 82' lang='lat' dir='ltr'><strong><em>R</em></strong></span> <span class='ocrx_word' id='word_1_818' title='bbox 689 5668 954 5751; x_wconf 80' lang='grc' dir='ltr'>ερόμενοι.</span> <span class='ocrx_word' id='word_1_819' title='bbox 1056 5667 1101 5748; x_wconf 63' lang='grc' dir='ltr'><strong>’ξ</strong></span> <span class='ocrx_word' id='word_1_820' title='bbox 1125 5667 1251 5717; x_wconf 71' lang='grc' dir='ltr'>ἀπεπ</span> 
     </span>
     <span class='ocr_line' id='line_1_111' title="bbox 217 5686 1251 5808; baseline -0.008 -13"><span class='ocrx_word' id='word_1_821' title='bbox 217 5687 483 5808; x_wconf 44' lang='lat' dir='ltr'><strong>mag“.</strong></span> <span class='ocrx_word' id='word_1_822' title='bbox 578 5739 623 5770; x_wconf 88' lang='lat'><strong>&quot;</strong></span> <span class='ocrx_word' id='word_1_823' title='bbox 648 5686 837 5796; x_wconf 53' lang='lat' dir='ltr'><strong>glauca</strong></span> <span class='ocrx_word' id='word_1_824' title='bbox 879 5744 1031 5806; x_wconf 85' lang='lat' dir='ltr'><strong>parta</strong></span> <span class='ocrx_word' id='word_1_825' title='bbox 1075 5744 1251 5808; x_wconf 18' lang='lat' dir='ltr'><strong>Atntpr.</strong></span> 
     </span>
    </p>
   </div>
   <div class='ocr_carea' id='block_1_111' title="bbox 1353 5736 2095 5811">
    <p class='ocr_par' dir='ltr' id='par_1_111' title="bbox 1353 5736 2095 5811">
     <span class='ocr_line' id='line_1_112' title="bbox 1353 5736 2095 5811; baseline 0.005 -21"><span class='ocrx_word' id='word_1_826' title='bbox 1353 5736 1399 5811; x_wconf 55' lang='grc' dir='ltr'><strong>ξ’</strong></span> <span class='ocrx_word' id='word_1_827' title='bbox 1430 5738 1793 5811; x_wconf 72' lang='grc' dir='ltr'>ἀμυνούμενοι</span> <span class='ocrx_word' id='word_1_828' title='bbox 1841 5739 1960 5811; x_wconf 81' lang='lat' dir='ltr'><strong>conj</strong></span> 
     </span>
    </p>
   </div>
   <div class='ocr_carea' id='block_1_112' title="bbox 2698 5603 3430 5675">
    <p class='ocr_par' dir='ltr' id='par_1_112' title="bbox 2698 5603 3430 5675">
     <span class='ocr_line' id='line_1_113' title="bbox 2698 5603 3430 5675; baseline 0 -19"><span class='ocrx_word' id='word_1_829' title='bbox 2698 5603 2813 5675; x_wconf 62' lang='lat' dir='ltr'><strong>om;</strong></span> <span class='ocrx_word' id='word_1_830' title='bbox 2868 5606 3031 5675; x_wconf 91' lang='lat' dir='ltr'><strong>intpr.</strong></span> <span class='ocrx_word' id='word_1_831' title='bbox 3071 5605 3152 5675; x_wconf 65' lang='lat'><strong>_&quot;</strong></span> <span class='ocrx_word' id='word_1_832' title='bbox 3179 5603 3430 5675; x_wconf 28' lang='grc' dir='ltr'>Ριλολάφ-</span> 
     </span>
    </p>
   </div>
   <div class='ocr_carea' id='block_1_113' title="bbox 2700 5672 3428 5740">
    <p class='ocr_par' dir='ltr' id='par_1_113' title="bbox 2700 5672 3428 5740">
     <span class='ocr_line' id='line_1_114' title="bbox 2700 5672 3428 5740; baseline 0.004 -13"><span class='ocrx_word' id='word_1_833' title='bbox 2700 5674 2745 5703; x_wconf 86' lang='grc'><strong>¹⁶</strong></span> <span class='ocrx_word' id='word_1_834' title='bbox 2771 5672 3034 5740; x_wconf 58' lang='lat' dir='ltr'><strong>emacem;</strong></span> <span class='ocrx_word' id='word_1_835' title='bbox 3069 5672 3113 5728; x_wconf 74' lang='grc' dir='ltr'><strong>Β</strong></span> <span class='ocrx_word' id='word_1_836' title='bbox 3141 5684 3195 5728; x_wconf 84' lang='lat' dir='ltr'><strong>et</strong></span> <span class='ocrx_word' id='word_1_837' title='bbox 3231 5688 3259 5727; x_wconf 71' lang='grc' dir='ltr'>ι</span> <span class='ocrx_word' id='word_1_838' title='bbox 3294 5672 3428 5730; x_wconf 71' lang='lat' dir='ltr'><strong>sm.</strong></span> 
     </span>
    </p>
   </div>
   <div class='ocr_carea' id='block_1_114' title="bbox 2199 5738 3434 5813">
    <p class='ocr_par' dir='ltr' id='par_1_114' title="bbox 2199 5738 3434 5813">
     <span class='ocr_line' id='line_1_115' title="bbox 2199 5738 3434 5813; baseline 0.006 -21"><span class='ocrx_word' id='word_1_839' title='bbox 2199 5742 2243 5774; x_wconf 77' lang='lat'>&quot;</span> <span class='ocrx_word' id='word_1_840' title='bbox 2268 5738 2420 5813; x_wconf 71' lang='grc' dir='ltr'>ἦσαν</span> <span class='ocrx_word' id='word_1_841' title='bbox 2450 5743 2507 5795; x_wconf 79' lang='grc' dir='ltr'>δὲ</span> <span class='ocrx_word' id='word_1_842' title='bbox 2540 5757 2711 5813; x_wconf 84' lang='lat' dir='ltr'><strong>usque</strong></span> <span class='ocrx_word' id='word_1_843' title='bbox 2768 5746 2833 5798; x_wconf 82' lang='lat' dir='ltr'><strong>ad</strong></span> <span class='ocrx_word' id='word_1_844' title='bbox 2876 5738 3163 5813; x_wconf 75' lang='grc' dir='ltr'>φυλάσσειν</span> <span class='ocrx_word' id='word_1_845' title='bbox 3214 5744 3434 5800; x_wconf 72' lang='grc' dir='ltr'>ἐδόκουν</span> 
     </span>
    </p>
   </div>
   <div class='ocr_carea' id='block_1_115' title="bbox 218 5803 3431 5916">
    <p class='ocr_par' dir='ltr' id='par_1_115' title="bbox 218 5803 3431 5916">
     <span class='ocr_line' id='line_1_116' title="bbox 218 5803 3431 5916; baseline 0.002 -51"><span class='ocrx_word' id='word_1_846' title='bbox 218 5811 346 5916; x_wconf 55' lang='lat' dir='ltr'><strong>Leni.</strong></span> <span class='ocrx_word' id='word_1_847' title='bbox 379 5803 516 5867; x_wconf 65' lang='grc' dir='ltr'><strong>ιδῃ</strong></span> <span class='ocrx_word' id='word_1_848' title='bbox 539 5808 582 5863; x_wconf 82' lang='grc' dir='ltr'><strong>Β</strong></span> <span class='ocrx_word' id='word_1_849' title='bbox 607 5809 662 5876; x_wconf 71' lang='grc'><strong>4)</strong></span> <span class='ocrx_word' id='word_1_850' title='bbox 690 5824 800 5864; x_wconf 93' lang='lat' dir='ltr'><strong>om.</strong></span> <span class='ocrx_word' id='word_1_851' title='bbox 840 5803 981 5876; x_wconf 85' lang='lat' dir='ltr'><strong>intpr</strong></span> <span class='ocrx_word' id='word_1_852' title='bbox 1070 5806 1116 5836; x_wconf 81' lang='lat'><strong>&#39;°</strong></span> <span class='ocrx_word' id='word_1_853' title='bbox 1138 5803 1242 5859; x_wconf 89' lang='lat' dir='ltr'><strong>Pro</strong></span> <span class='ocrx_word' id='word_1_854' title='bbox 1264 5804 1313 5857; x_wconf 80' lang='grc' dir='ltr'>οἳ</span> <span class='ocrx_word' id='word_1_855' title='bbox 1345 5805 1410 5860; x_wconf 80' lang='lat' dir='ltr'><strong>R.</strong></span> <span class='ocrx_word' id='word_1_856' title='bbox 1447 5803 1575 5864; x_wconf 74' lang='grc' dir='ltr'>τ’ὦν.</span> <span class='ocrx_word' id='word_1_857' title='bbox 1644 5803 1716 5842; x_wconf 68' lang='grc' dir='ltr'><strong>’ίι</strong></span> <span class='ocrx_word' id='word_1_858' title='bbox 1753 5803 2013 5895; x_wconf 72' lang='grc' dir='ltr'>ἀπεκέκρ.</span> <span class='ocrx_word' id='word_1_859' title='bbox 2056 5810 2123 5876; x_wconf 71' lang='grc' dir='ltr'><strong>κ,</strong></span> <span class='ocrx_word' id='word_1_860' title='bbox 2150 5803 2317 5867; x_wconf 63' lang='lat' dir='ltr'><strong>dm:</strong></span> <span class='ocrx_word' id='word_1_861' title='bbox 2349 5813 2491 5916; x_wconf 63' lang='lat' dir='ltr'><strong>vnlg.</strong></span> <span class='ocrx_word' id='word_1_862' title='bbox 2522 5811 2588 5883; x_wconf 76' lang='grc' dir='ltr'>δὴ</span> <span class='ocrx_word' id='word_1_863' title='bbox 2620 5803 2708 5877; x_wconf 63' lang='grc' dir='ltr'><strong>Β..</strong></span> <span class='ocrx_word' id='word_1_864' title='bbox 2749 5814 2808 5868; x_wconf 70' lang='grc' dir='ltr'>δὲ</span> <span class='ocrx_word' id='word_1_865' title='bbox 2850 5803 2995 5883; x_wconf 76' lang='lat' dir='ltr'><strong>vulg.</strong></span> <span class='ocrx_word' id='word_1_866' title='bbox 3036 5814 3114 5847; x_wconf 15' lang='lat'><strong>7&quot;</strong></span> <span class='ocrx_word' id='word_1_867' title='bbox 3148 5814 3197 5867; x_wconf 87' lang='grc' dir='ltr'>οἱ</span> <span class='ocrx_word' id='word_1_868' title='bbox 3218 5829 3329 5870; x_wconf 73' lang='lat' dir='ltr'><strong>orn.</strong></span> <span class='ocrx_word' id='word_1_869' title='bbox 3363 5817 3431 5872; x_wconf 74' lang='lat' dir='ltr'><strong>ll.</strong></span> 
     </span>
     <span class='ocr_line' id='line_1_117' title="bbox 292 5874 3405 5916; baseline 0 0"><span class='ocrx_word' id='word_1_870' title='bbox 292 5878 680 5916; x_wconf 64' lang='grc' dir='ltr'><strong>...νηὶη-..ντηρρ</strong></span> <span class='ocrx_word' id='word_1_871' title='bbox 714 5877 755 5916; x_wconf 79' lang='lat' dir='ltr'><strong>R</strong></span> <span class='ocrx_word' id='word_1_872' title='bbox 794 5886 843 5916; x_wconf 75' lang='grc' dir='ltr'><strong>ιιι</strong></span> <span class='ocrx_word' id='word_1_873' title='bbox 874 5876 1018 5916; x_wconf 75' lang='grc' dir='ltr'>1.ιιοι1</span> <span class='ocrx_word' id='word_1_874' title='bbox 1067 5875 1091 5916; x_wconf 72' lang='grc'><strong>4</strong></span> <span class='ocrx_word' id='word_1_875' title='bbox 1142 5890 1193 5916; x_wconf 87' lang='lat' dir='ltr'><strong>m</strong></span> <span class='ocrx_word' id='word_1_876' title='bbox 1290 5874 1337 5907; x_wconf 70' lang='grc' dir='ltr'>ιδ</span> <span class='ocrx_word' id='word_1_877' title='bbox 1374 5875 1471 5916; x_wconf 69' lang='lat' dir='ltr'><strong>uim</strong></span> <span class='ocrx_word' id='word_1_878' title='bbox 1512 5894 1601 5916; x_wconf 83' lang='lat' dir='ltr'><strong>nm</strong></span> <span class='ocrx_word' id='word_1_879' title='bbox 1655 5879 1695 5916; x_wconf 65' lang='grc' dir='ltr'><strong>ιι</strong></span> <span class='ocrx_word' id='word_1_880' title='bbox 1795 5881 1840 5916; x_wconf 76' lang='lat' dir='ltr'><strong>sl</strong></span> <span class='ocrx_word' id='word_1_881' title='bbox 1874 5896 2132 5916; x_wconf 69' lang='grc' dir='ltr'><strong>νηηηηιη.</strong></span> <span class='ocrx_word' id='word_1_882' title='bbox 2163 5880 2201 5916; x_wconf 79' lang='lat' dir='ltr'><strong>n</strong></span> <span class='ocrx_word' id='word_1_883' title='bbox 2300 5883 2348 5916; x_wconf 72' lang='grc' dir='ltr'><strong>ιιι</strong></span> <span class='ocrx_word' id='word_1_884' title='bbox 2374 5899 2445 5916; x_wconf 73' lang='grc' dir='ltr'>η...</span> <span class='ocrx_word' id='word_1_885' title='bbox 2474 5896 2625 5916; x_wconf 62' lang='grc' dir='ltr'><strong>αις...</strong></span> <span class='ocrx_word' id='word_1_886' title='bbox 2651 5883 2751 5916; x_wconf 69' lang='grc' dir='ltr'>..ιδ</span> <span class='ocrx_word' id='word_1_887' title='bbox 2813 5885 2917 5916; x_wconf 67' lang='lat' dir='ltr'><strong>nm</strong></span> <span class='ocrx_word' id='word_1_888' title='bbox 2947 5883 3081 5916; x_wconf 70' lang='grc' dir='ltr'>..ι--.ι</span> <span class='ocrx_word' id='word_1_889' title='bbox 3114 5880 3217 5916; x_wconf 73' lang='grc'><strong>1)...</strong></span> <span class='ocrx_word' id='word_1_890' title='bbox 3268 5889 3405 5916; x_wconf 61' lang='grc' dir='ltr'><strong><em>---Α</em></strong></span> 
     </span>
    </p>
   </div>
   <div class='ocr_carea' id='block_1_116' title="bbox 291 5874 3412 5964">
    <p class='ocr_par' dir='ltr' id='par_1_116' title="bbox 291 5874 3412 5964">
     <span class='ocr_line' id='line_1_118' title="bbox 291 5874 3412 5964; baseline 0.002 -28"><span class='ocrx_word' id='word_1_891' title='bbox 291 5874 680 5953; x_wconf 78' lang='grc' dir='ltr'>μεγαλαυχίαις</span> <span class='ocrx_word' id='word_1_892' title='bbox 714 5877 759 5933; x_wconf 74' lang='grc' dir='ltr'><strong>Β</strong></span> <span class='ocrx_word' id='word_1_893' title='bbox 794 5886 849 5936; x_wconf 78' lang='lat' dir='ltr'><strong>et</strong></span> <span class='ocrx_word' id='word_1_894' title='bbox 873 5874 1040 5947; x_wconf 80' lang='lat' dir='ltr'><strong>Lugd.</strong></span> <span class='ocrx_word' id='word_1_895' title='bbox 1067 5875 1094 5929; x_wconf 72' lang='grc'><strong>1</strong></span> <span class='ocrx_word' id='word_1_896' title='bbox 1140 5890 1215 5930; x_wconf 90' lang='lat' dir='ltr'><strong>m.</strong></span> <span class='ocrx_word' id='word_1_897' title='bbox 1290 5874 1337 5907; x_wconf 75' lang='lat'>“</span> <span class='ocrx_word' id='word_1_898' title='bbox 1373 5875 1471 5945; x_wconf 73' lang='grc' dir='ltr'>μὲν</span> <span class='ocrx_word' id='word_1_899' title='bbox 1512 5894 1625 5934; x_wconf 82' lang='grc' dir='ltr'>οιη.</span> <span class='ocrx_word' id='word_1_900' title='bbox 1654 5879 1725 5935; x_wconf 76' lang='grc' dir='ltr'>Β.</span> <span class='ocrx_word' id='word_1_901' title='bbox 1769 5881 1840 5937; x_wconf 72' lang='grc'><strong>,⁸⁸</strong></span> <span class='ocrx_word' id='word_1_902' title='bbox 1873 5874 2135 5964; x_wconf 72' lang='grc' dir='ltr'>χρώματα</span> <span class='ocrx_word' id='word_1_903' title='bbox 2161 5880 2229 5941; x_wconf 81' lang='lat' dir='ltr'><strong>R.</strong></span> <span class='ocrx_word' id='word_1_904' title='bbox 2300 5883 2348 5919; x_wconf 84' lang='grc'><strong>¹⁴¹</strong></span> <span class='ocrx_word' id='word_1_905' title='bbox 2374 5874 2631 5953; x_wconf 67' lang='grc' dir='ltr'>φαῗνηται</span> <span class='ocrx_word' id='word_1_906' title='bbox 2651 5874 2775 5941; x_wconf 83' lang='lat' dir='ltr'><strong>edd.</strong></span> <span class='ocrx_word' id='word_1_907' title='bbox 2813 5885 2918 5940; x_wconf 89' lang='lat' dir='ltr'><strong>Pro</strong></span> <span class='ocrx_word' id='word_1_908' title='bbox 2941 5874 3083 5953; x_wconf 76' lang='grc' dir='ltr'>ῖιετά</span> <span class='ocrx_word' id='word_1_909' title='bbox 3114 5880 3235 5939; x_wconf 90' lang='lat' dir='ltr'><strong>Par.</strong></span> <span class='ocrx_word' id='word_1_910' title='bbox 3268 5889 3412 5941; x_wconf 81' lang='grc' dir='ltr'><strong>κατά</strong></span> 
     </span>
    </p>
   </div>
  </div>
