4042 6334
170 408 305 471 i589

1342 414 1872 475 HISTORIARUM
1904 416 2131 478 LIBER
2161 422 2228 479 V.

3233 421 3362 487 i590

164 537 245 583 τες
305 518 571 590 ἀλλήλων,
644 519 737 571 καί⁹
779 520 1054 593 σποράδην
1105 522 1507 594 ἐπινηχόμενοι,
1557 524 1713 589 ἄλλος

1815 526 1989 592 gitati.
2018 530 2193 599 Atque
2213 532 2281 584 ita
2302 529 2537 594 universi
2560 529 2851 597 perierunt,
2886 544 3059 600 neque
3083 532 3362 600 quisquam

151 611 332 666 meo;
383 609 689 665 ἀπεπτύετο
728 610 791 663 ³⁸.
844 612 905 664 Οἱ
953 612 1009 664 δέ
1074 606 1283 683 υῦννοι,
1349 614 1446 684 τῆς
1500 613 1706 684 βάσεως

1815 619 2040 672 omnino
2068 636 2253 674 eorum
2286 620 2359 675 ad
2386 621 2747 695 continentem
2773 620 2949 673 rediit.

148 704 347 766 αὐτοὺς
383 704 426 735 ³³
454 702 854 775 ἐπιλειπούσης,
888 703 1082 774 ἀθρόον
1141 706 1462 759 κατεδύοντο
1517 708 1574 758 ἐν
1626 704 1701 774 τῷ
1741 704 1890 774 βάθει
1950 713 2045 764 καὶ
2076 711 2339 781 ἔθνησκον
2377 713 2648 782 ἀχρήστου
2700 711 2861 764 ποτοῦ
2922 712 2967 743 δο
3016 712 3365 783 ἐμπιπλάμε-

150 813 246 848 νιι.
300 792 457 846 Οὕτω
508 810 569 845 τε
621 793 859 857 ἅπαντες
928 794 1319 866 διεφθάρησαν,
1374 797 1469 850 καὶ
1536 795 1708 857 οὐδεὶς
1743 793 1892 861 ὅστις
1924 800 2102 853 αὐτῶν
2166 802 2269 855 ἀνὰ
2307 802 2403 872 τὴν
2432 802 2650 872 ἤπειρον
2695 800 2982 870 ἐπανῆκεν.

216 884 324 955 κγ’.
365 888 572 941 Αὐτίκα
608 888 663 942 δὲ
696 890 956 960 Ῥωμαῖοι
1000 890 1069 943 τὰ
1099 890 1238 944 ὅπλα
1279 891 1389 944 τῶν
1424 889 1706 960 δυσμενῶν

149 976 228 1048 [Ρ.
266 979 391 1050 159]
423 979 730 1050 ἀνελόμενοι
773 980 947 1034 ὁπόσα
972 997 1036 1049 γε
1068 980 1179 1034 άνω
1224 982 1304 1034 ἔτι
1347 981 1573 1051 ἐφέρετο
1613 981 1708 1035 καὶ

147 1069 396 1135 ἐπέπλει,
428 1069 523 1121 καὶ
545 1070 602 1133 ἐς
639 1070 710 1123 τὰ
732 1070 971 1141 πρότερα
1011 1072 1188 1142 χωρία
1214 1072 1571 1142 κατάραντες,
1614 1088 1709 1142 με·

146 1160 343 1229 γίστης
373 1160 568 1231 ήδονῆς
591 1162 685 1215 καί⁵
712 1161 981 1234 θυμηδίας
1020 1162 1239 1218 ἅπαντα
1260 1166 1303 1197 ⁸¹
1335 1164 1579 1235 ἔπλησαν
1616 1165 1708 1217 τὸν

147 1255 404 1325 στρατὸν,
427 1253 731 1325 γεγηθότας
756 1256 849 1309 ἐπὶ
881 1257 994 1317 τοῖς
1041 1254 1422 1327 ξυνενεχθεῖσι.
1447 1253 1708 1328 ,Καιοῦν

144 1330 526 1416 ἁθροισθέντες
544 1343 757 1398 ἅπαντα
785 1344 844 1407 ἐς
878 1343 1062 1412 ταυτδ,
1093 1345 1509 1417 ἀποχρήσασθαι
1540 1344 1709 1414 ᾤοντο

144 1438 343 1508 κρῆναι
366 1437 469 1490 κάν
490 1437 600 1501 τοῖς
627 1436 828 1506 ἐφεξῆς
872 1436 948 1507 τῷ
989 1436 1166 1508 καιρῷ
1194 1438 1289 1491 καὶ
1324 1439 1390 1508 τῇ
1432 1436 1585 1501 τάξει
1612 1436 1707 1489 τοῦ

143 1529 586 1599 προτερήματος.
628 1521 923 1599 ’Τοιγάρτοι
963 1528 1168 1596 ὀλίγαις
1213 1529 1437 1600 ὕστερον
1472 1528 1708 1598 ήμέραις

142 1613 200 1671 εὖ
232 1618 383 1688 μάλα
417 1617 460 1648 ⁸¹
494 1616 976 1683 καθοπλισθέντες,
1004 1618 1277 1689 ἐκδρομὴν
1305 1618 1501 1690 ἁθρόον
1522 1619 1587 1672 ἐκ
1612 1615 1707 1669 τοῦ

141 1707 435 1777 περιϐόλου
470 1707 816 1778 πεποίηνται,
847 1708 943 1760 καὶ
992 1709 1395 1778 προσϐάλλουσι
1429 1708 1507 1779 τῷ
1535 1709 1709 1779 λοιπῷ

142 1798 344 1869 πλήθει
367 1800 475 1851 τῶν
506 1797 903 1867 ἐφεδρευόντων
935 1798 1236 1877 Βαρὸάρων
1278 1800 1598 1876 ἀνιωμένων
1628 1800 1708 1853 ἔτι

140 1887 237 1941 ἐπὶ
261 1890 329 1955 τῇ
368 1887 617 1956 ξυμφορᾷ
662 1888 757 1938 καὶ
794 1886 1235 1957 κατεπτηχότων.
1274 1887 1409 1942 Τότε
1456 1889 1522 1959 δὴ
1554 1884 1647 1942 οὖν
1680 1890 1709 1942 ὁ

141 1978 180 2028 Γ
184 1977 447 2047 ερμανὺς,
482 1976 578 2030 ἅτε
610 1976 673 2046 δὴ
704 1975 973 2040 νεώτατος
1004 1978 1048 2008 ⁸³
1076 1976 1151 2030 ὣν
1182 1981 1275 2031 καὶ
1300 1978 1453 2033 οὔπω
1478 1981 1708 2044 ἐντελῶς

140 2068 242 2131 τὰς
272 2068 371 2137 τῆς
418 2067 634 2137 φύσεως
682 2068 899 2138 ἐπέχειν
938 2069 1114 2140 ὁρμὰς
1133 2070 1227 2122 καὶ
1265 2070 1646 2140 ἑγκατείργειν
1662 2071 1709 2104 ιδ

138 2154 463 2229 δυνάμενος,
494 2159 629 2213 ἀλλὰ
651 2160 811 2214 πλέον
837 2158 931 2213 τοῦ
960 2160 1278 2231 προμηθοῦς
1297 2161 1391 2219 καὶ
1416 2162 1711 2232 βεϐηκότος
1743 2145 1785 2201 Β

138 2251 217 2319 τῷ
253 2249 618 2320 φιλοδοξοῦντι
641 2250 737 2304 τοῦ
754 2250 957 2323 τρόπου
992 2253 1086 2304 καὶ
1108 2252 1545 2325 προθυμουμένῳ
1568 2256 1710 2325 πέρα

136 2341 235 2394 τοῦ
284 2343 506 2412 μετρίου
560 2342 897 2412 ἐγκείμενος,
945 2342 1180 2410 ἀφειδῶς
1212 2343 1369 2414 ἐπῄει
1410 2347 1524 2407 τοῖς
1551 2345 1711 2396 πολε-

140 2432 293 2501 μίοις
329 2432 422 2484 καὶ
470 2432 912 2502 προύκινδύνευε,
958 2433 1019 2485 οὐ
1064 2433 1439 2503 στρατηγικῶς
1474 2434 1709 2502 ἐπείγων

137 2524 236 2576 καί
268 2522 591 2587 διατάττων,
635 2520 770 2576 ἀλλά
808 2522 1342 2593 στρατιωτικώτερον
1394 2523 1706 2593 συμπλεκό-

138 2631 341 2683 μενος·
374 2613 450 2684 τῷ
482 2630 563 2666 τοι
604 2614 711 2677 ἀρα
752 2614 848 2666 καὶ
898 2613 1195 2683 πλήττεται
1226 2614 1373 2684 βέλει
1396 2613 1487 2667 τὸν
1512 2614 1705 2685 μηρὸν,

135 2706 217 2769 ὼς
252 2704 454 2775 μικροῦ
477 2704 588 2757 δεῖν
634 2702 898 2774 μελλῆσαι
943 2706 1228 2776 ἀπόμαχος
1262 2706 1484 2760 ἔσεσθαι
1511 2724 1524 2737 ο
1564 2708 1701 2777 πλὴν

132 2796 254 2847 ἀλλ’
282 2797 317 2865 ὴ
341 2794 447 2847 τῶν
469 2796 844 2866 ἐφεστηκότων
887 2798 1226 2868 πραγμάτων
1256 2800 1608 2869 ἀνάγκη.,καὶ
1638 2800 1700 2851 τὸ

134 2886 378 2957 μέγεθος
404 2887 498 2941 τοῦ
532 2891 926 2960 ἐγχειρήματος
956 2891 1366 2962 ἐγκρατέστερα
1395 2895 1492 2961 τῆς
1513 2892 1707 2962 ὀδύνης

132 2975 436 3044 γεγένηται
462 2992 474 3004 ·
508 2977 603 3030 καὶ
623 2978 681 3029 οὐ
700 2978 963 3048 πρότερον
987 2980 1186 3049 ἀνῆκεν
1205 2980 1367 3043 αὑτός
1400 2998 1459 3033 τε
1492 2982 1708 3052 μοχθῶν

134 3067 238 3120 καὶ
266 3069 383 3129 τοῖς
412 3067 592 3131 ἄλλοις
624 3069 1066 3138 ἐγκελευόμενος,
1096 3071 1225 3142 πρὶν
1274 3072 1479 3141 σφόδρα
1517 3073 1709 3142 πημῆ-

134 3174 230 3210 ναι
252 3157 317 3210 τὸ
340 3158 602 3228 δυσμενὲς
635 3160 730 3213 καὶ
752 3160 974 3224 πολλοὺς
1000 3163 1157 3226 ὅσους
1186 3162 1615 3232 διαχειρίσασθαι
1638 3164 1705 3217 ⁸³.

129 3250 277 3301 εΓότε
312 3249 409 3318 μέν
442 3244 533 3301 οὖν
574 3249 811 3302 διελύετο
836 3253 869 3320 ή
904 3252 1049 3322 μάχη
1071 3269 1085 3281 ο
1132 3255 1223 3304 καὶ
1246 3255 1295 3304 oi
1333 3255 1591 3323 Ῥωμαῖοι
1610 3252 1708 3308 αὖ-

132 3339 401 3404 θις-εῖσω
426 3338 519 3392 τοῦ
567 3339 837 3410 ἐρύματος
868 3341 1189 3411 ἐπανῆλθον,
1223 3342 1591 3409 γινώσκοντες
1627 3345 1704 3407 ὡς

131 3435 243 3484 οὐκ
297 3431 536 3500 ἀσφαλὲς
599 3432 781 3495 αὐτοῖς
823 3432 944 3485 οὐδὲ
981 3432 1234 3485 εὔϐουλον
1278 3437 1418 3487 κατά
1458 3435 1592 3488 πολὺ
1627 3435 1704 3506 τῷ
1731 3464 1797 3522 α

133 3519 345 3591 πλήθει
366 3519 825 3589 ἐλλαττουμένοις,
862 3516 979 3572 εἶτα
1012 3522 1174 3590 μέχρι
1208 3521 1404 3584 παντὸς
1439 3523 1705 3593 συστάδην

129 3609 583 3678 διαγωνίζεσθαι.
616 3612 710 3673 Εἰς
731 3610 889 3664 τοῦτο
910 3611 969 3665 δὲ
1005 3612 1151 3682 ὅμως
1182 3613 1232 3665 οἱ
1262 3611 1535 3683 Βάρόαροι
1572 3612 1707 3682 ἤλα-

135 3719 248 3759 σαν
274 3703 513 3772 ἀπορίας
550 3704 639 3755 ἐπί
672 3720 731 3756 τε
766 3706 829 3773 τῇ
862 3705 925 3756 ἐκ
970 3703 1078 3755 τῶν
1113 3705 1384 3771 ναυαγίων
1422 3706 1584 3774 φορᾷ,
1613 3706 1707 3757 καὶ
1770 3752 1776 3761 .

132 3798 226 3850 ὃτι
289 3795 485 3865 ἀθρόον
522 3794 570 3825 ⁸⁸
618 3796 669 3847 oi
706 3796 966 3865 Ῥωμαῖοι
1008 3798 1127 3849 κατ’
1167 3797 1345 3849 αὐτῶν
1402 3796 1708 3867 προσϐολὴν

133 3889 497 3957 ἐποιήσαντο,
546 3887 620 3948 ὡς
672 3887 917 3956 μεθεῖναι
956 3889 1269 3958 αὐθημερὸν
1318 3888 1385 3941 τὰ
1429 3890 1570 3958 ἀμφὶ
1605 3889 1706 3958 τὴν

133 3978 495 4051 Χερρόνησον
549 3977 729 4043 πεδία,
783 3981 877 4032 καί¹
931 3980 1068 4048 πρὸς
1100 3980 1192 4031 τὸν
1216 3980 1495 4049 Ζαὸεργάν
1525 3997 1583 4032 τε
1617 3981 1708 4032 καὶ

134 4073 239 4127 τὸν
260 4073 411 4139 ἀμ.φῖ
446 4070 605 4123 αὑτὸν
653 4070 838 4139 ὅμιλον
883 4070 1195 4137 ἀφικέσθαι,
1241 4053 1527 4139 ἡττημένοι
1570 4071 1707 4139 πρὸς

133 4162 513 4233 ἡττημένους.
548 4162 610 4213 Οί
631 4161 687 4214 δέ
703 4160 806 4213 ἀνά
825 4161 923 4232 τὴν
951 4158 1181 4219 Ἑλλάδα
1211 4159 1471 4230 πρότερον
1511 4162 1709 4212 ἐσταλ-

139 4259 330 4331 μένοι,
358 4256 510 4309 οὐδέν
546 4272 598 4309 τι
624 4255 996 4327 ἀξιαφήγητον
1033 4256 1285 4327 ἔδρασαν,
1321 4258 1455 4326 μήτε
1490 4254 1568 4325 τῷ
1605 4254 1710 4307 ἰσ-

135 4352 275 4423 θμῷ
312 4351 728 4425 προσϐαλόντες,
774 4349 908 4420 μηδέ
936 4366 1001 4418 γε
1030 4351 1131 4421 τὴν
1162 4350 1334 4421 ἀρχὴν
1370 4350 1469 4412 τὰς
1494 4348 1712 4420 Θερμο-

140 4444 333 4506 πύλας
363 4443 841 4515 παραμειψάμενοι
869 4443 958 4497 διά
998 4444 1098 4515 τὴν
1135 4445 1376 4515 φρουρὰν
1401 4444 1508 4497 τῶν
1535 4445 1713 4496 ἐκεῖσε

140 4534 408 4606 ἱδρύσθαι
451 4535 802 4604 τεταγμένων
836 4535 1140 4606 Ῥωμαίων.
1188 4535 1476 4605 Τοιγάρτοι
1498 4538 1714 4606 ἀποχω-

138 4624 426 4695 ρήσαντες
452 4625 548 4677 καὶ
576 4624 706 4686 οἶδε,
735 4626 834 4694 τῆς
866 4626 958 4677 ἐπὶ
981 4626 1079 4693 τὴν
1117 4623 1336 4693 Θρᾴκην
1367 4625 1573 4693 εἴχοντο
1611 4643 1714 4677 πο-

144 4716 336 4789 ρείας,
392 4715 469 4778 ὡς
511 4716 570 4767 ἐν
609 4716 744 4787 αὐτῇ
804 4716 945 4769 κατά
988 4714 1048 4767 τὸ
1097 4715 1253 4776 είκὸςη
1281 4717 1392 4776 τοῖς
1419 4717 1709 4783 ὁμοφύλοις

140 4806 678 4881 προστεθησόμενοι,
717 4807 805 4859 καὶ
851 4808 1017 4877 κοινῇ
1042 4806 1287 4860 τολοιπὸν
1311 4808 1366 4867 ἐς
1392 4806 1461 4858 τὰ
1484 4807 1716 4877 σφέτερα

137 4897 541 4970 ἐπανήξοντες.
566 4899 632 4952 Οἱ
655 4897 711 4951 δέ
756 4900 900 4975 ἀμφὶ
928 4916 1025 4953 τον
1055 4889 1349 4969 Ζαϐεργὰν“
1365 4900 1425 4951 οὐ
1454 4900 1725 4971 πρότερον,

142 4988 569 5058 ἀποστήσεσθαι
598 4988 805 5057 ἔφασαν
818 4988 902 5061 ξιτ,
933 4990 1062 5060 πρὶν
1088 4989 1154 5043 ἂν
1179 4990 1441 5061 χρήματα
1468 4990 1544 5053 ὡς
1568 4991 1716 5044 πλεῖ-

142 5098 261 5136 στα
296 5079 451 5151 παρά
489 5079 772 5149 Ῥωμαίων
816 5058 1151 5151 ἇομίσαιντο,
1186 5058 1433 5151 καθάπερ
1476 5083 1524 5134 οἱ
1560 5085 1717 5136 Οὐτί-

141 5188 355 5243 γουροι
396 5169 479 5202 ⁸⁸⁸
523 5170 648 5234 τούς
712 5188 771 5224 τε
826 5171 1224 5241 αἰχμαλώτους,
1282 5174 1329 5224 εί
1384 5174 1459 5243 μὴ
1522 5173 1716 5229 θᾶττον

1878 894 1965 948 25.
2010 894 2237 949 Romani
2294 910 2451 959 vero,
2510 895 2745 964 abreptis
2802 894 3084 949 confestim
3136 896 3366 950 hostium

1808 984 1996 1049 armis,
2029 994 2292 1054 quotquot
2349 987 2529 1040 adhuc
2567 987 2768 1053 aequori
2821 985 3159 1046 innatabant,
3209 995 3260 1039 et
3303 989 3369 1039 ad

1808 1069 1987 1138 priora
2018 1070 2137 1125 loca
2165 1072 2387 1135 reversi,
2420 1088 2633 1127 summa
2660 1073 2934 1140 voluptate
2954 1083 3007 1127 et
3033 1076 3224 1144 gaudio
3252 1077 3370 1127 uui-

1809 1175 2024 1215 versum
2054 1163 2355 1216 exercitum
2388 1163 2701 1230 implerunt,
2743 1162 2881 1217 felici
2923 1178 3173 1218 successu
3205 1179 3368 1217 ovan-

1808 1258 1940 1307 tem.
1986 1249 2254 1317 Quocirca
2305 1269 2494 1310 omnes
2541 1255 2593 1307 in
2640 1270 2807 1307 unum
2853 1253 3060 1308 collecti
3116 1256 3367 1309 utendum

1808 1356 1928 1397 esse
1952 1343 2113 1397 etiam
2148 1344 2203 1398 in
2234 1355 2510 1414 posterum
2548 1346 2831 1401 occasione
2867 1346 3051 1414 reique
3108 1347 3242 1401 bene
3277 1363 3369 1415 ge--

1810 1442 1907 1486 stae
1934 1436 2337 1503 opportunitate
2380 1438 2688 1491 censebant.
2743 1436 2935 1490 Paucis
2961 1437 3143 1504 itaque
3191 1447 3368 1505 postea

1808 1523 2000 1580 diebus
2028 1527 2257 1596 sumptis
2279 1520 2465 1592 armis,
2494 1529 2836 1597 eruptionem
2860 1527 3138 1582 confestim
3164 1544 3193 1580 ο
3218 1544 3372 1581 muro

1808 1611 2096 1679 fecerunt,
2137 1616 2511 1685 reliquamque
2565 1617 2919 1671 barbarorum
2976 1616 3369 1674 multitudinem

1811 1704 2147 1771 invaserunt,
2198 1708 2401 1783 recenti
2451 1708 2627 1761 adhuc
2664 1710 2816 1763 clade
2868 1718 3178 1762 mwrentem
3212 1720 3372 1778 atque

1810 1797 2136 1864 perculsam.
2169 1797 2307 1853 Tum
2341 1814 2469 1853 vero
2498 1798 2820 1863 Germanus,
2856 1810 3040 1868 utpOte
3080 1799 3365 1853 admodum

1806 1884 2044 1954 juvenis,
2091 1887 2295 1956 quique
2337 1888 2576 1942 nondum
2614 1888 2849 1955 perfecte
2895 1889 3122 1957 impetus
3171 1897 3375 1940 naturae

1762 2025 1775 2039 .
1810 1976 2025 2033 frenare
2056 1993 2511 2048 compescereque
2542 1988 2772 2049 poterat,
2804 1980 2895 2032 sed
2942 1981 3126 2048 gloria:
3162 1980 3337 2047 cupidi
3358 2008 3371 2017 -

1814 2071 1921 2124 tati‘
1943 2070 2289 2140 audaciaeque
2312 2072 2483 2140 magis
2543 2085 2704 2140 quam
2738 2071 3035 2138 prudentiae
3074 2072 3374 2125 securitati-

1812 2176 1919 2231 que
1944 2162 2084 2217 ultra
2117 2163 2339 2217 modum
2371 2162 2641 2226 addictus,
2679 2161 2945 2229 intrepide
2986 2162 3170 2216 hostes
3217 2162 3377 2216 ador-

1815 2259 1899 2304 tus
1926 2259 2028 2316 est,
2056 2250 2447 2321 conﬂictusque
2484 2251 2776 2305 discrimen
2816 2250 2967 2315 adiit,
3001 2266 3105 2303 non
3137 2249 3372 2319 praefecti

1812 2341 1865 2394 in
1896 2355 2103 2394 morem
2133 2356 2336 2411 urgens
2373 2343 2715 2411 incitansque
2740 2352 2793 2396 et
2822 2340 3104 2403 mandans,
3145 2342 3238 2407 sed
3264 2342 3379 2409 ipse

1810 2430 1984 2484 instar
2012 2430 2198 2485 militis
2228 2446 2424 2485 manus
2454 2444 2749 2484 conserens
2774 2449 2788 2495 ;
2826 2431 2968 2485 unde
3012 2430 3171 2500 330
3199 2438 3251 2484 et
3292 2446 3378 2484 sa-

1810 2524 1942 2591 gitta
1977 2520 2155 2576 femur
2185 2523 2325 2576 ictus
2354 2531 2459 2587 est,
2491 2522 2566 2576 ita
2615 2531 2673 2575 ut
2713 2536 2902 2590 parum
2952 2523 3202 2588 abfuerit,
3251 2524 3376 2591 quin

1808 2612 1856 2664 ei
1891 2627 2068 2681 pugna
2094 2614 2462 2667 excedendum
2490 2622 2661 2667 esset:
2692 2614 2972 2681 praesentis
3003 2623 3177 2669 tamen
3208 2624 3379 2669 status

1809 2700 2105 2755 necessitas
2141 2709 2194 2755 et
2221 2701 2317 2765 rei,
2354 2716 2513 2770 quam
2547 2716 2834 2771 aggressus
2878 2711 3015 2764 erat,
3067 2704 3377 2772 magnitudo

1810 2790 2048 2845 dolerent
2079 2793 2244 2846 vicit:
2282 2808 2461 2861 neque
2488 2776 2642 2863 prius
2675 2793 2879 2847 destitit
2904 2803 2958 2846 et
2990 2794 3103 2861 ipse
3139 2809 3377 2862 pugnare

1807 2887 1859 2928 et
1887 2874 2007 2929 aliis
2037 2876 2249 2929 animos
2288 2876 2499 2941 addere,
2534 2892 2695 2945 quam
2726 2876 2926 2945 ingenti
2956 2873 3153 2929 damno
3196 2877 3379 2929 hostes

1808 2968 2095 3031 affecisset,
2124 2969 2451 3038 plurimique
2481 2984 2547 3023 ex
2573 2963 2645 3023 iis
2678 2978 2858 3024 essent
2886 2970 3031 3023 επεὶ.
3079 2967 3213 3021 Tum
3268 2969 3370 3021 ita-

1808 3076 1911 3130 que
1937 3060 2113 3114 soluta
2142 3070 2227 3114 est
2254 3076 2454 3131 pugna,
2486 3069 2541 3114 et
2570 3059 2801 3139 Romani
2851 3076 2910 3114 se
2945 3061 2996 3113 in
3038 3050 3164 3115 suas
3198 3059 3378 3113 muni-

1810 3153 1986 3207 tiones
2021 3160 2359 3218 receperunt,
2408 3136 2603 3227 neque!
2637 3136 2810 3205 tutum
2860 3167 3031 3219 neque
3076 3151 3405 3205 consultuut

1808 3243 1940 3307 rati,
1970 3241 2039 3306 si,
2074 3257 2197 3295 cum
2228 3241 2386 3310 longe
2412 3248 2597 3305 essent
2622 3242 2795 3309 copiis
2816 3241 3118 3306 inferiores,
3155 3245 3378 3294 stataria

1807 3345 2021 3399 semper
2050 3345 2228 3399 pugna
2274 3344 2399 3383 cum
2434 3329 2591 3383 hoste
2624 3329 2993 3397 confligerent.
3034 3328 3253 3381 Barbari
3289 3330 3375 3381 ui-

1809 3423 2102 3477 hilomiuus
2142 3436 2207 3476 eo
2238 3420 2698 3475 consternationis
2730 3432 2857 3474 sunt
2904 3420 3129 3483 redacti,
3179 3421 3374 3488 partim

1808 3530 1873 3569 ex
1906 3512 2186 3583 naufragis
2224 3512 2447 3575 tabulis,
2500 3527 2620 3581 qua:
2666 3527 2762 3581 per
2807 3526 2956 3565 mare
3007 3511 3375 3579 raptabantur,

1809 3606 2005 3676 partim
2038 3604 2186 3673 quod
2230 3603 2458 3657 Romani
2488 3602 2724 3657 subitam
2752 3603 2807 3655 iu
2849 3602 2997 3671 ipsos
3038 3602 3374 3671 eruptionem

1811 3697 2086 3762 fecissent,
2117 3707 2176 3750 ut
2197 3711 2263 3750 eo
2288 3697 2405 3765 ipso
2433 3696 2521 3749 die
2541 3696 2746 3764 campis
2772 3694 3111 3749 Chersoneso
3140 3693 3380 3748 circum-

1807 3787 2112 3857 iacentibus
2139 3785 2493 3849 excesserint,
2521 3796 2575 3841 et
2614 3787 2678 3839 ad
2711 3785 2986 3854 Zahergan
3019 3786 3242 3853 ejusque
3288 3800 3379 3837 eo-

1810 3876 1950 3947 pias,
1987 3877 2112 3930 victi
2141 3877 2208 3929 ad
2238 3877 2429 3939 victos,
2462 3875 2823 3941 pervenerint.
2855 3872 2957 3937 Qui
2986 3889 3114 3927 vero
3144 3874 3195 3925 iu
3227 3872 3378 3926 Grie-

1810 3964 1949 4018 ciam
1977 3973 2133 4016 antea
2164 3961 2316 4017 missi
2350 3973 2527 4024 erant,
2577 3960 2712 4014 nihil
2756 3964 2912 4029 plane
2945 3969 3239 4013 memoratu
3282 3961 3369 4013 di-

1813 4070 1978 4124 gnum
2006 4064 2311 4124 gesserunt,
2340 4052 2561 4105 nullo'in
2581 4052 2840 4104 [stlnuum
2871 4051 3069 4116 impetu
3092 4050 3251 4115 facto,
3282 4051 3377 4104 sed

1812 4162 1881 4200 ue
1932 4144 2321 4215 Thermopylas
2366 4143 2581 4212 quidem
2630 4141 2785 4194 initio
2835 4141 3179 4209 transgressi,
3235 4140 3381 4209 quod

1815 4238 1937 4293 illas
1988 4235 2359 4291 Romanorum
2408 4234 2653 4304 praesidia
2722 4233 3065 4285 illSL‘tiiSSClll.
3120 4232 3380 4296 Quocirca

1817 4332 1978 4385 etiam
2033 4331 2087 4383 bi
2132 4329 2493 4389 discedentes,
2538 4327 2637 4378 iter
2686 4322 2973 4375 Thraciam
3019 4339 3206 4376 versus
3256 4331 3383 4376 sunt

1818 4422 2070 4493 ingressi,
2099 4430 2158 4474 ut
2192 4422 2243 4473 in
2279 4436 2340 4474 ea
2385 4434 2495 4473 sure
2523 4416 2696 4485 gentis
2728 4416 3036 4469 hominibus
3079 4413 3375 4492 conjuncti,

1818 4512 1981 4567 simul
2004 4512 2257 4579 deinceps
2286 4514 2350 4563 ad
2376 4524 2468 4563 sua
2496 4517 2913 4560 reverterentur.
2951 4506 3221 4573 Zabergan
3253 4518 3380 4561 vero

1818 4605 2046 4677 ejusque
2081 4605 2250 4673 copim
2286 4618 2388 4655 non
2427 4609 2583 4653 antea
2614 4614 2671 4652 se
2708 4601 3045 4653 discessuros
3084 4595 3377 4664 jactabant,

1817 4710 1979 4766 quam
2014 4697 2285 4765 ingentem
2326 4693 2443 4746 auri
2479 4692 2584 4745 vim
2631 4708 2661 4745 a
2710 4682 2966 4745 Rmuanis
3014 4689 3378 4751 abstulissent,

1746 4790 1790 4844 D
1818 4789 2272 4860 quemadmodum
2308 4785 2464 4853 331
2511 4783 2719 4854 Utiguri
2746 4803 2759 4850 ;
2799 4795 2852 4838 et
2884 4784 3144 4851 captivos,
3176 4781 3277 4835 nisi
3312 4786 3380 4835 ab

1812 4895 2001 4936 eorum
2035 4876 2352 4946 propinquis
2381 4877 2785 4944 quamprimum
2818 4874 3226 4929 redimerentur.
3257 4888 3379 4925 cou-

1812 4975 1991 5033 festim
2018 4975 2361 5041 jugulaturos
2387 4986 2508 5026 sese
2538 4972 2902 5025 minabantur.
2937 4967 3225 5035 imperator
3251 4984 3377 5023 vero

1814 5086 2020 5131 tantum
2053 5074 2168 5125 auri
2197 5073 2276 5127 eis
2305 5073 2471 5137 misit,
2505 5082 2766 5142 quantum
2800 5068 3124 5123 redimendis
3154 5071 3378 5138 capdvis

1819 5175 2170 5232 suffecturum
2196 5174 2464 5237 censebat,
2492 5183 2545 5227 et
2571 5183 2629 5226 ut
2651 5170 2857 5239 pacifici
2881 5168 3134 5239 deinceps
3163 5170 3379 5241 regione

1427 5342 1661 5402 VARUE
1696 5347 2101 5402 LECTIONES.

232 5499 283 5572 δέ
310 5501 683 5572 ἀπεπτύσσετο
711 5498 833 5572 Par.
912 5500 955 5532 ³⁹
974 5500 1166 5572 αὐτοὺς
1197 5500 1259 5557 [ι.
1312 5502 1492 5563 αὐτοῖς
1518 5504 1658 5571 vulg.
1736 5503 1958 5572 Μ[ποτοῦ
1984 5503 2027 5555 R
2051 5516 2101 5558 et
2132 5512 2293 5572 tntpr.
2344 5505 2561 5556 intsueta
2627 5502 2886 5572 potione,
2929 5497 3170 5566 ποταμοῦ
3227 5498 3373 5572 vulg.

146 5572 205 5602 ⁸¹
246 5570 465 5635 ᾶπαντα
526 5569 573 5624 R
627 5580 682 5625 et
720 5571 886 5640 iutpr.
950 5570 1098 5637 (CL).
1168 5572 1401 5633 ἅπαντες
1459 5568 1635 5640 vulg.—
1677 5568 1794 5625 δἐὖ

1357 5643 1731 5710 ἐγκαθείργειν
1803 5642 1955 5695 Suid.
2028 5663 2075 5699 s.
2136 5662 2187 5696 v.

148 5644 495 5695 rommum’ti.
531 5640 647 5679 --”
696 5639 955 5708 νεώτερος
1036 5640 1155 5694 Par.
1268 5640 1312 5669 ‘5

152 5711 211 5741 “
229 5711 432 5774 ἁθρόαν
463 5710 606 5781 vulg.

683 5710 961 5783 "enemy
993 5711 1054 5783 lt,
1088 5711 1493 5783 Eppasavvttlg.
1521 5713 1775 5782 χρήματα
1802 5713 1970 5783 πολλὰ
1997 5715 2062 5769 Β.

1858 5575 1999 5641 μάλα
2059 5575 2181 5628 add.
2217 5569 2301 5627 ἐς
2357 5573 2399 5624 li
2434 5582 2487 5624 et
2540 5572 2721 5641 impr.
2754 5571 2915 5623 armis
2962 5585 3115 5641 quem
3150 5569 3369 5641 optime

2272 5636 2635 5711 ἀφειδήσας-⁷
2710 5640 2755 5671 ⁸³
2803 5638 3261 5711 διακεὶρέξὶπηέὲ-
3302 5636 3369 5711 '3,-

2142 5713 2188 5745 ⁸⁸
2210 5706 2523 5781 Οὑτίγουροι
2544 5711 2749 5765 correxi
2782 5724 2842 5762 cx
2874 5723 2925 5776 p.
2950 5706 3053 5758 500
3077 5708 3129 5769 5,
3163 5707 3285 5761 505.
3310 5708 3368 5760 Η

148 5788 222 5836 ἐι
248 5780 546 5842 Menandro
565 5779 864 5839 historico.)
887 5779 1237 5850 Οὑττίγουροι
1258 5782 1422 5852 νοις..
1448 5779 1811 5851 Ὁὺτρίγουροι
1838 5782 1900 5835 R.
