4042 6334
188 372 321 435 1513

1527 374 1948 437 ΒΟΟΤΒΙΝιΈ.

3267 382 3406 454 1614

185 494 396 555 μένων·
451 485 545 550 οὓς
588 484 699 554 ἐγὼ
745 485 1235 557 πατροπαραδότως
1282 486 1613 559 ἀποδέχομαι
1656 488 1742 540 δια

1855 494 2275 558 propugnatores
2291 488 2453 559 quiet
2474 488 2575 559 ipsi
2594 488 2714 544 sine
2733 488 2907 559 capite
2927 500 3073 552 sunt,
3096 500 3189 547 aut
3212 508 3398 547 eorum

186 580 500 649 ἐρωτήσεως
527 577 622 631 τοῦ
658 579 760 649 ἤδη
787 578 1301 649 ἀρχιερατεύσαντος
1344 578 1620 650 Ταρασίου
1651 576 1744 633 τοῦ

182 670 484 737 ἁγιωτάτου
514 671 882 740 πατριάρχου⁶
917 670 1116 738 ἐτέρων
1144 686 1204 721 τε
1229 668 1557 734 ἀξιοπίστων
1579 687 1748 741 προσ·
1782 717 1792 723 .

182 760 345 814 ὡπων
369 761 703 831 αὐτοχθόνων
730 778 791 815 τε
817 762 914 816 καὶ
938 760 1290 816 ἀνατολικῶν.
1323 762 1431 814 Καὶ
1467 762 1535 815 τὰ
1560 763 1622 815 τὸ
1654 764 1745 817 καὶ

180 854 277 922 τὴν
302 852 487 907 εἰκόνα
515 853 918 924 Βαρσανουφίου
957 853 1014 905 ἐν
1051 855 1119 923 τῇ
1152 850 1272 923 θείᾳ
1303 852 1493 924 ἐνδυτῇ
1540 854 1607 923 τῇ
1649 854 1750 925 τῆς

182 946 447 1017 Μεγάλης
472 945 765 1017 ἐκκλησίας
822 942 1171 999 συνίστασθαι
1219 943 1396 1013 ἁγίοις
1449 943 1746 1014 Πατράσιν,

164 1039 481 1116 ΞἈντωνίῳ,
515 1037 753 1108 Ἐφραίμ
775 1032 1092 1107 καὶέτέροις
1113 1051 1128 1066 ·
1161 1036 1256 1090 καὶ
1277 1034 1353 1101 ὡς
1385 1036 1515 1105 μήτι
1547 1033 1750 1100 ἐν’ταῖς

176 1132 549 1196 διδασκαλίαις
580 1131 757 1184 αὐτῶν
789 1128 1035 1200 εὑρηκὼς
1060 1127 1333 1199 ἀσέϐημα,
1360 1127 1665 1181 τούναντίον
1691 1128 1750 1182 δὲ

180 1226 279 1277 καὶ
530 1224 766 1295 ψυχικὴν
792 1221 1145 1275 λυσιτέλειαν.
1176 1239 1196 1271 ι
1243 1221 1374 1295 Ἰδοὺ
1400 1220 1580 1274 τοίνυν
1607 1221 1750 1274 διευ-

178 1316 482 1387 κρινήσατο
525 1318 555 1369 ὁ
596 1315 768 1385 μέγας
795 1313 980 1384 πατὴρ
1019 1313 1175 1384 ἡμῶν
1207 1312 1479 1382 Θεόδωρος
1507 1311 1615 1386 ,τὴν
1642 1311 1751 1363 τῶν

178 1407 459 1477 ἑκατέρων
482 1405 771 1477 Δωροθέων
799 1405 979 1470 δόξαν,
1017 1406 1113 1457 καὶ
1137 1405 1235 1473 τὴν
1261 1402 1357 1455 τοῦ
1392 1402 1625 1458 ἐνταῦθα
1651 1405 1751 1472 ὲμο

180 1500 486 1571 φερομένου
508 1496 874 1558 διδασκαλίαν,
901 1496 976 1562 ὡς
1004 1494 1435 1567 ὠφελιμωτάτην
1460 1489 1600 1549 εἶναι
1646 1496 1752 1549 ἁπ-

1848 578 1943 649 qui
1973 579 2335 649 δεκακεράται
2361 582 2634 645 dicuntur,
2668 584 3000 659 conjuratos,
3024 600 3052 638 a
3084 594 3271 638 sancto
3299 588 3401 638 So-

1849 670 2081 741 phronia
2115 670 2307 726 tabella
2350 673 2710 730 anathematis
2737 678 3002 737 conflatos,
3032 676 3290 745 intelligo.
3322 677 3406 731 Ab

1850 764 1937 819 his
1966 765 2111 819 enim
2147 763 2305 834 longe
2355 766 2714 821 diversissimi
2770 777 2901 821 sunt
2935 768 3242 835 superiores
3285 768 3358 821 illi
3391 785 3403 818 :

1848 871 1989 925 quos
2020 873 2129 912 non
2157 860 2333 913 solum
2363 874 2429 912 ex
2470 860 2815 914 sanctissimo
2851 860 3153 929 patriarcha
3183 859 3408 913 Tarasio

1848 949 1942 1016 qui
1976 948 2083 1009 hoc
2111 958 2351 1019 tempore
2383 966 2602 1005 summo
2631 952 2931 1007 sacerdotio
2962 960 3156 1021 ιιι-πει
3175 994 3189 1016 ,
3218 957 3308 1005 sed
3340 967 3408 1005 ex

1850 1040 1974 1095 aliis
2001 1056 2221 1112 quoque
2254 1042 2357 1097 lide
2403 1028 2582 1113 dignis
2624 1042 2934 1099 hominibus
2978 1052 3087 1097 tam
3143 1043 3409 1113 indigenis

1851 1144 2015 1200 quam
2050 1132 2104 1186 in
2135 1131 2353 1187 Oriente
2380 1133 2545 1199 natis,
2592 1148 2689 1203 per
2719 1149 2911 1189 manus
2940 1144 3225 1204 parentum
3254 1135 3411 1188 nobis

1852 1220 2009 1291 quasi
2044 1223 2275 1277 tradilos
2304 1223 2553 1289 audiens,
2583 1225 2882 1295 amplector
2910 1240 3264 1293 venerorque.
3304 1223 3411 1279 Ae-

1852 1312 1995 1368 cedit
2022 1312 2104 1369 his
2118 1316 2262 1384 quod
2286 1315 2641 1385 Barsanuphii
2671 1318 2848 1386 imago
2874 1316 2925 1370 in
2965 1315 3155 1385 Magna
3181 1318 3411 1373 ecclesia

1849 1404 2005 1474 juxta
2035 1415 2253 1463 sanctos
2285 1405 2472 1461 Patres
2502 1407 2794 1462 Antonium
2820 1449 2835 1473 ,
2888 1408 3139 1478 Epltraim
3172 1410 3416 1478 aliosque

1854 1499 1957 1551 rite
1981 1498 2159 1553 dicata
2188 1510 2241 1553 et
2269 1499 2531 1553 collocata
2557 1500 2807 1554 visitum
2829 1501 3186 1567 Quamobrem
3206 1516 3329 1555 cum
3360 1501 3415 1556 in

178 1592 456 1659 εφήνατο·
493 1587 681 1657 ὥσπερ
708 1583 801 1641 οὖν
836 1588 933 1640 καὶ
978 1584 1126 1640 ἐστιν
1169 1584 1385 1652 ἀληθῶς
1429 1584 1752 1657 ψυχωφελὴς

1855 1588 2049 1644 horum
2085 1591 2330 1646 doctrina
2370 1593 2574 1646 nullam
2603 1592 2955 1663 impietatem,
2990 1594 3080 1647 sed
3107 1602 3294 1647 contra
3322 1608 3418 1663 po-

178 1682 330 1734 πανυ
348 1696 365 1710 °
408 1680 530 1735 καθ’
563 1682 629 1750 ἢν
654 1682 683 1733 ὁ
707 1676 1141 1750 ἀκριὸαζόμενος
1170 1678 1262 1730 τὸν
1288 1676 1483 1730 ἐαυτοῦ
1510 1676 1645 1747 βίον,
1672 1677 1751 1739 είς

1855 1684 1964 1738 tius
2013 1685 2312 1753 adjumenti
2367 1686 2434 1739 ad
2488 1686 2654 1740 animi
2704 1684 3085 1755 perfectionem
3122 1688 3416 1757 plurimum

177 1774 240 1826 τὸ
267 1772 474 1827 τέλειον
510 1770 703 1841 μέτρον
734 1770 793 1823 ἐν
840 1766 1061 1841 Χριστῷ
1113 1768 1213 1838 τῆς
1260 1768 1459 1839 ἀρετῆς
1501 1766 1750 1822 ἐλάσειε·

1857 1790 2089 1847 magnus
2132 1792 2331 1846 parens
2371 1786 2557 1831 noster
2603 1776 2921 1833 Theodorus
2967 1779 3416 1848 deprehenderet,

174 1864 277 1919 καὶ
303 1864 384 1935 τῷ
414 1865 513 1935 τῆς
535 1862 805 1925 ἀπαθείας
830 1861 1075 1930 στεφάνῳ
1117 1859 1371 1929 ἐφθακὼς
1411 1856 1753 1929 ἐγκοσμηθή-

1856 1868 2020 1923 certis
2052 1867 2318 1924 limitibus
2357 1870 2642 1939 utriusque
2675 1870 2926 1925 Dorothei
2960 1870 3260 1927 doctrinam
3303 1870 3419 1925 dis-

176 1973 334 2011 σεται
352 1994 369 2022 ,
396 1958 491 2011 καὶ
520 1956 621 2026 τῆς
654 1954 875 2010 αἰωνίου
902 1954 1047 2025 ζωῆς
1077 1952 1217 2024 μετὰ
1244 1952 1357 2007 τῶν
1385 1952 1560 2022 ἁγίων
1585 1951 1752 2019 ἀξιω-

1858 1958 2017 2014 tinxit
2041 1977 2054 2012 :
2079 1974 2143 2014 ac
2175 1959 2296 2029 ejus
2316 1960 2482 2029 quiin
2518 1960 2618 2014 hoc
2640 1960 2780 2013 libro
2802 1961 3127 2023 celebratur,
3146 1963 3421 2032 dogmata,

175 2048 459 2123 θήσεται.’

1857 2058 1918 2103 ut
1942 2064 2133 2104 revera
2160 2048 2227 2104 ad
2254 2050 2420 2104 animi
2450 2050 2677 2105 salutem
2713 2050 3174 2109 commodissima,
3211 2053 3283 2105 ita
3316 2050 3423 2103 uti-

175 2145 391 2198 lissima
435 2155 560 2197 esse
589 2138 987 2194 demonstravit
1019 2155 1033 2193 :
1062 2138 1128 2194 ad
1173 2151 1421 2209 quorum.
1459 2151 1729 2201 normam,
1755 2140 1847 2207 qui
1882 2154 2037 2194 suam
2086 2141 2256 2209 ipsius
2285 2143 2447 2197 vitam
2478 2142 2761 2212 diligenter
2826 2142 3142 2197 instruxerit
3179 2156 3235 2197 et
3291 2160 3421 2200 exa-

171 2236 422 2300 niiuarit,
494 2233 560 2288 ad
627 2233 843 2286 virtutis
909 2230 1235 2286 Christiana:
1302 2229 1595 2300 perfectam
1638 2246 1947 2285 mensuram
1996 2230 2157 2286 facile
2200 2234 2477 2302 perveniet
2517 2244 2570 2288 et
2630 2234 3031 2304 tranquillitate
3073 2237 3424 2307 omniumque

170 2329 650 2401 perturbationum
700 2325 973 2381 vacuitate
1026 2324 1315 2379 ornabitur
1366 2338 1583 2392 unaque
1625 2338 1749 2379 cum
1787 2326 1991 2381 sanctis
2022 2326 2191 2381 vitam
2262 2336 2523 2383 aeternam
2589 2339 2973 2397 consequetur.

182 2500 519 2569 Ἐπιστολὴ
571 2500 720 2568 πρὸς
774 2500 882 2553 τὸν
920 2497 1250 2563 αἰτήσαντα
1273 2495 1560 2569 adsigno?
1603 2509 1748 2569 πεμ-

240 2572 368 2643 ρθῆ
377 2590 470 2625 ναι
492 2566 651 2643 αὐτῷ
670 2568 814 2643 τοὺς
831 2570 1187 2643 εὑρεθέντας
1205 2566 1427 2637 λόγους
1447 2566 1551 2620 τοῦ
1573 2568 1748 2620 ὁσίου

249 2637 483 2711 Πατρός
511 2637 679 2709 ἡμῶν
706 2639 1024 2708 Δωροθέου.

243 2798 331 2850 A'.
372 2793 619 2847 Ἑπαινω
665 2809 761 2847 σου
799 2792 900 2864 τὴν
931 2792 1287 2865 προαίρεσιν,
1334 2790 1625 2862 μακαρίζω
1651 2792 1752 2862 τῆς

170 2891 314 2962 περὶ
356 2887 419 2941 τὸ
462 2886 664 2955 ἀγαθὸν
694 2886 931 2957 σπουδῆς
962 2886 1063 2957 τὴν
1109 2883 1481 2954 εὐλογημένην
1513 2899 1608 2935 σου
1653 2881 1753 2936 καὶ

171 2980 495 3052 φιλόκαλον,
526 2978 602 3043 ὡς
632 2976 868 3048 ἀληθῶς,
910 2975 1112 3047 ψυχὴν,
1156 2974 1355 3045 ἁδελφέ
1382 2973 1749 3029 ποθεινότατε.

170 3075 252 3128 Τὸ
284 3072 396 3144 γὰρ
422 3069 565 3125 οὕτω
606 3068 909 3140 φιλοπόνως
942 3069 1170 3139 ἐρευνᾷν
1208 3066 1304 3121 καὶ⁵
1326 3066 1570 3136 γνησίως
1598 3066 1756 3120 ἐπαι-

170 3169 294 3222 νεῖν
317 3166 387 3219 τὰ
413 3164 556 3219 κατὰ
586 3162 678 3217 τὸν
703 3162 873 3226 ὅντως
903 3161 1173 3233 μακάριον
1205 3159 1297 3214 καὶ
1320 3159 1564 3225 eadem
1596 3158 1756 3229 ἡμῶν

168 3260 417 3329 πατέρα,
438 3258 529 3310 τὸν
547 3254 875 3325 τῆς’δωρεᾶς
896 3254 991 3308 τοῦ
1011 3253 1488 3331 Θεοῦφερώνυμον
1510 3268 1528 3285 ο
1558 3252 1757 3321 ἀρετήν

1923 2500 2085 2573 372
2124 2499 2364 2570 Epistula
2392 2503 2461 2556 ad
2496 2502 2715 2572 fratrem
2745 2504 2833 2573 qui
2865 2502 3069 2573 petebat
3105 2505 3204 2557 sibi
3222 2506 3358 2559 mitti

1950 2610 1955 2615 -
2021 2574 2292 2627 doctrinas
2321 2575 2555 2628 inventas
2583 2572 2763 2629 sancti
2784 2574 2962 2627 Patris
2994 2572 3248 2628 Dorothet'

1925 2793 1962 2849 Ι.
2003 2792 2250 2850 Laudare
2294 2808 2460 2865 cogor
2502 2794 2837 2864 propositum
2890 2803 3074 2858 tuum,
3126 2795 3422 2865 prmdicare

1853 2885 2094 2941 studium
2106 2885 2527 2957 etdiligentiam,
2542 2885 2859 2941 benedicere
2874 2884 3150 2950 decoram,
3178 2885 3417 2956 inquam,

1854 2989 1909 3036 et
1938 2981 2219 3050 pulchram
2246 2982 2484 3035 animam
2512 2990 2681 3047 tuam,
2715 2980 2883 3035 frater
2902 2980 3255 3050 optatissime.
3288 2979 3421 3035 Tam

1859 3074 2105 3129 studiose
2134 3072 2281 3129 enim
2316 3074 2571 3139 serutari,
2599 3083 2707 3127 tam
2737 3072 2949 3129 sincere
2973 3074 3195 3128 laudare
3222 3073 3423 3127 beatis-

1856 3165 2056 3220 simum
2093 3179 2157 3220 ac
2184 3165 2293 3220 Deo
2325 3165 2704 3236 dignissimum
2738 3173 2947 3235 patrem
2984 3174 3232 3219 nostrum
3256 3206 3269 3229 ,
3324 3164 3420 3218 Dei

1856 3255 2062 3310 donum
2110 3256 2335 3312 nomine
2384 3256 2739 3324 referentem;
2794 3256 2899 3311 hoc
2947 3258 3134 3327 utique
3167 3258 3418 3312 virtutem

168 3354 327 3407 ἐστιν
348 3354 611 3416 ἐπαινεῖν,
627 3350 697 3404 τὰ
726 3348 865 3421 μετά
886 3349 978 3404 τὸν
1000 3349 1173 3413 οὕτως
1199 3348 1487 3419 μακάριον,
1510 3347 1605 3401 καὶ
1623 3345 1757 3400 Θεὸν

1858 3348 2081 3404 laudare
2105 3358 2209 3414 est,
2246 3350 2349 3404 hoc
2377 3349 2543 3404 Deum
2572 3364 2777 3415 amare,
2820 3354 2875 3406 et
2902 3349 3167 3406 rationem
3198 3350 3420 3406 alterius

164 3445 426 3517 ἀγαπᾷν,
442 3444 534 3498 καὶ
557 3444 824 3515 μεριμνᾷν
844 3442 971 3513 περὶ
983 3442 1082 3513 τῆς
1097 3440 1264 3503 ὅντως
1282 3439 1446 3513 ζωῆς·
1470 3439 1631 3511 ζήλου
1648 3437 1754 3511 γὰρ

169 3536 329 3594 κατὰ
356 3537 448 3591 τὸν
483 3535 752 3608 μακάριον
794 3534 1114 3607 Γρηγόριον,
1144 3536 1172 3588 ὁ
1199 3533 1418 3597 ἔπαινος
1466 3533 1721 3603 πρόξενος
1740 3546 1754 3562 .

171 3631 348 3701 ζῆλος
379 3628 460 3696 δὲ,
481 3629 684 3701 ἀρετῆς
706 3645 723 3660 ·
775 3629 944 3700 ἀρετὴ
971 3627 1050 3689 δὲ,
1087 3626 1507 3699 μακαριότητος.
1534 3623 1758 3693 Χαίρειν

170 3719 278 3778 οὖν
313 3721 432 3775 ἐστι
462 3720 558 3774 καὶ
587 3720 925 3791 συγχαίρειν,
955 3717 1031 3782 ὡς
1056 3716 1294 3789 ἀληθῶς,
1322 3716 1417 3771 ἐπὶ
1442 3719 1509 3787 τῇ
1534 3714 1760 3786 τοιαύτῃ

173 3833 280 3872 σου
309 3816 558 3886 προκοπῇ
581 3829 595 3843 ·
649 3812 857 3865 ἐκεῖνον
886 3812 996 3881 γὰρ
1044 3809 1228 3873 ἔοικας
1276 3807 1581 3881 ίχνηλατεῖν
1603 3847 1618 3872 ,
1663 3806 1757 3860 τὸν

165 3908 275 3963 τοῦ
309 3906 495 3977 πράου
531 3903 777 3975 μιμητὴν
809 3903 903 3956 καὶ
931 3902 1187 3956 ταπεινὸν
1215 3903 1283 3973 τῇ
1314 3901 1512 3973 καρδίᾳ
1531 3919 1547 3934 ο
1580 3901 1637 3965 ὃς
1659 3899 1759 3971 τὴν

167 4003 386 4073 νοητὴν
413 3999 620 4070 Πέτρου
652 3998 747 4051 καὶ
776 3995 887 4050 τῶν
919 3994 1041 4050 κατ’
1091 3994 1254 4048 αὐτὸν
1304 3994 1586 4065 ἀποταγὴν
1620 3993 1758 4046 θεω-

172 4094 399 4167 ρήσας,
454 4088 630 4153 οὓτως
673 4086 867 4165 ἐαυτὸν
914 4087 1012 4157 τῆς
1058 4084 1168 4138 τῶν
1213 4083 1506 4156 ὁρωμένων
1538 4082 1757 4149 ἐξέδυσε

171 4181 583 4259 προστοαθείας,
625 4178 769 4234 οὕτω
808 4179 924 4242 τοῖς
964 4176 1158 4232 ἐαυτοῦ
1206 4177 1349 4232 κατὰ
1391 4176 1521 4230 Θεδν
1563 4176 1761 4229 ἑαυτὸν

169 4278 418 4345 ἐξέδωκε
433 4274 773 4346 πράγμασιν,
789 4272 864 4336 ὡς
890 4271 1029 4343 μετὰ
1060 4270 1389 4345 παρρησίας,
1418 4265 1478 4324 εὖ
1504 4266 1638 4331 οἴδα,
1664 4270 1759 4325 καὶ

170 4368 352 4428 αὐτὸν
380 4367 532 4440 ’πρὸς
572 4366 663 4421 τὸν
703 4364 931 4436 Σωτῆρα
979 4360 1159 4433 λέγειν
1182 4404 1197 4426 ,
1250 4364 1333 4418 ὅτι
1389 4362 1546 4419 Ἰδοὺ
1590 4363 1760 4433 ἡμεῖς

169 4461 505 4533 ἀφήκαμεν
529 4457 747 4523 πάντα.
782 4449 1417 4526 καὶῆκολουθήσαμέν
1444 4471 1565 4513 σοι.
1598 4458 1761 4511 Ὅθεν

170 4560 241 4610 ἐν
292 4553 463 4623 ὀλίγῳ
510 4551 612 4604 σὺν
656 4548 776 4619 Θεῷ
814 4549 1143 4613 τελειωθεὶς,
1178 4550 1501 4619 ἐπλήρωσεν
1535 4551 1761 4621 χρόνους

172 4644 438 4722 μακρούς
464 4658 478 4674 ’
527 4642 628 4696 οὐκ
667 4639 952 4710 αἰσθηταῖς
991 4641 1089 4712 μὲν
1132 4641 1416 4712 ἐρημίαις,
1454 4642 1550 4695 καὶ
1578 4642 1760 4713 ὄρεσιν

171 4735 624 4807 δνδιαιτὼμενος,
664 4733 785 4789 οὐδὲ
816 4732 876 4786 τὸ
900 4732 1091 4803 ἄρχειν
1125 4733 1526 4803 σωμτοὸόρων
1555 4734 1759 4804 θηρίων

1861 3457 1925 3499 ac
1946 3459 2089 3499 vera:
2117 3442 2242 3498 vitae
2270 3442 2491 3504 habere,
2524 3440 2908 3499 )Emnlationis
2932 3440 3075 3498 enim
3108 3458 3272 3499 causa
3302 3442 3420 3497 laus

1860 3544 1946 3591 est
1978 3534 2070 3599 (ut
2092 3535 2168 3589 ait
2191 3534 2351 3590 divus
2388 3534 2749 3606 Gregorius);
2796 3535 3070 3591 aemulatio
3102 3546 3277 3592 autem
3314 3536 3423 3589 vir-

1859 3627 2029 3693 tutis,
2108 3626 2285 3682 virtus
2340 3642 2469 3682 vero
2537 3626 2909 3683 beatitudinis.
2962 3628 3420 3699 Congandendum

1858 3719 2022 3789 igitur
2060 3730 2115 3774 et
2150 3720 2645 3790 congratulandum
2682 3731 2765 3775 est
2808 3720 2937 3776 huic
2968 3730 3115 3777 tanto
3157 3724 3418 3792 proleetni

1860 3821 1975 3867 tuo.
2033 3808 2187 3865 Illum
2242 3812 2385 3865 enim
2421 3813 2571 3865 visus
2608 3826 2668 3865 es
2723 3812 2965 3878 imitari,
3008 3815 3098 3882 qui
3142 3817 3422 3869 aamulator

1857 3909 2004 3954 esset
2048 3900 2160 3953 veri
2214 3901 2483 3953 mansueti
2535 3909 2699 3969 atque
2756 3899 2979 3955 humilis
3020 3904 3201 3965 corde,
3247 3906 3336 3972 qui
3368 3918 3420 3960 et

1842 3989 2001 4045 'Petri
2031 3999 2261 4047 mentem
2291 4000 2348 4045 et
2373 3990 2618 4060 ejusdem
2649 3992 3044 4048 abdicationem
3079 4008 3319 4061 secutus,
3349 4002 3418 4052 ita

1859 4083 2052 4137 harum
2080 4098 2203 4152 quae
2234 4083 2483 4137 videntur
2509 4098 2693 4139 rerum
2724 4084 2917 4141 aﬂeetu
2946 4096 2999 4141 et
3035 4103 3221 4145 amore
3269 4097 3416 4147 omni

1858 4188 1919 4229 se
1965 4172 2139 4239 exuit,
2179 4180 2238 4227 ut
2275 4172 2387 4243 pari
2447 4173 2665 4236 fiducia,
2710 4177 2855 4245 quod
2909 4177 3023 4248 ipse
3061 4182 3422 4252 novi,posscl.

1860 4280 1982 4321 cum
2016 4265 2176 4321 Petro
2209 4268 2274 4322 ad
2312 4266 2601 4322 Dominum
2635 4269 2815 4325 dicere
2843 4283 2861 4325 :
2896 4269 3032 4326 Ecce
3065 4291 3158 4327 nos
3203 4275 3418 4345 reliqui-

1859 4377 1975 4416 mus
2004 4362 2204 4427 omnia,
2243 4373 2292 4416 et
2329 4358 2499 4417 secuti
2526 4379 2707 4418 sumus
2738 4372 2785 4417 te
2809 4377 2857 4417 ει.
2891 4363 3070 4430 Quare
3112 4368 3292 4422 divina
3319 4382 3420 4437 ope

1860 4457 1929 4511 ad
1963 4472 2229 4513 summam
2262 4455 2650 4527 perfectionem
2681 4456 2826 4511 brevi
2867 4458 3205 4524 perveniens.
3232 4460 3417 4529 longos

1860 4562 2036 4602 annos
2065 4546 2296 4617 explevit
2336 4564 2348 4599 :
2383 4561 2489 4598 non
2521 4542 2752 4599 deserta'
2780 4543 2898 4599 loca
2945 4561 3257 4619 peragrans,
3309 4554 3417 4602 non

1862 4637 2140 4691 montibus
2175 4634 2445 4695 victitans,
2486 4650 2593 4687 non
2638 4632 2767 4689 feris
2795 4634 3106 4693 crudelibus
3152 4640 3417 4707 imperare

1860 4744 1960 4801 pro
1990 4742 2187 4798 magno
2224 4736 2511 4795 reputans,
2548 4742 2654 4778 non
2694 4725 2747 4780 in
2798 4734 2951 4783 vasta
2995 4729 3281 4785 solitudine
3319 4730 3418 4785 de-

172 4837 243 4892 δν
276 4826 502 4903 μεγάλῳ
546 4824 857 4913 τιθέμενοςο
905 4822 1108 4921 τῆςᾲδὲ
1146 4822 1327 4921 ιιιυχῆς
1371 4822 1497 4921 τὴν-
1516 4822 1758 4921 ἐρημίαν

1863 4836 2015 4893 gens,
2062 4818 2157 4874 sed
2206 4820 2401 4873 anima:
2447 4819 2683 4886 quietem
2742 4822 3064 4890 suspirans,
3118 4822 3417 4890 ardensque

171 4919 591 4991 ἀσπαζόμενος,
639 4911 743 4971 καί
782 4917 965 5005 δρεσιν
1013 4914 1255 4986 ἐγγίζειν
1306 4914 1582 4969 ἐπιποθῶν
1632 4916 1758 4967 αἰω-

1864 4913 2086 4984 propius
2130 4912 2385 4967 arzzdere
2426 4913 2491 4963 ad
2538 4918 2751 4967 montes
2800 4911 2921 4967 illos
2975 4923 3239 4977 aeternos,
3284 4927 3417 4967 con-

170 5018 346 5084 νεοις,
404 5011 659 5084 φωτίζειν
686 5007 1019 5097 (lautus-36);
1056 5010 1437 5079 ἐπιστάμενος,
1471 5008 1567 5062 καὶ
1596 5005 1764 5097 ψυχρ-

171 5110 397 5165 κτύνων
442 5102 681 5172 κεφαλὰς
727 5104 919 5165 πατεῖν
943 5095 945 5097 ’
968 5101 1143 5173 ὄφεων
1195 5102 1288 5156 καὶ
1325 5101 1601 5172 σκορπίων
1629 5118 1643 5131 ·
1689 5095 1765 5155 ὧν
1815 5174 1822 5181 .

170 5199 285 5257 καὶ
335 5196 619 5269 συντόμως
666 5195 734 5265 τῇ
798 5194 891 5247 τοῦ
946 5194 1185 5266 Χριστοῦ
1262 5194 1521 5265 συνεργίᾳ.
1582 5199 1763 5265 τυχεῖν

171 5284 402 5361 ἠξιώθη
444 5286 534 5363 διὰ
568 5287 668 5357 τῆς
706 5282 802 5337 τοῦ
836 5282 965 5338 ίδίου
1002 5284 1305 5357 θελήματος
1338 5285 1638 5356 ἀθλητικῆς
1665 5288 1762 5340 ἀν.

172 5380 458 5455 cipiat»;
477 5393 493 5409 °
529 5378 651 5450 ἥτις
677 5374 831 5448 αὗτῷ
854 5376 951 5448 τὴν
983 5376 1196 5446 ἀπλανῆ
1227 5374 1335 5430 τῶν
1366 5380 1620 5449 πατέρων
1648 5377 1764 5432 ὁδὸν

175 5471 555 5548 προεξένησεν
580 5487 597 5503 ο
628 5472 750 5544 ἥτις
787 5468 1021 5541 ἐλαφρὸν
1052 5467 1199 5538 αὐτῷ
1246 5470 1309 5522 τὸ
1348 5471 1612 5542 μακάριον
1656 5473 1764 5526 ἀπ-

176 5565 362 5634 ιδειῇ
383 5555 630 5636 βορτίον,
661 5568 759 5620 καὶ
783 5565 874 5619 τὸν
906 5564 1171 5634 σωτήριον
1190 5565 1283 5618 καὶ
1308 5566 1541 5637 χρηστὸν
1566 5566 1730 5637 ζυγὸν
1747 5609 1761 5629 ,

177 5657 430 5734 χρηστὸν
455 5654 532 5720 ὡς
553 5655 771 5729 ἀληθῶς
799 5658 1160 5731 ἐφανέρωσεν.
1526 5677 1528 5679 ’

260 5864 513 5927 IIMatth.
569 5878 682 5935 xix,
743 5862 834 5923 27.

1862 5014 2048 5061 suetos
2078 5003 2377 5058 mirabilem
2414 5001 2468 5054 in
2506 5015 2607 5055 nos
2642 5002 2814 5058 lucem
2850 5002 3091 5070 fundere,
3119 5014 3171 5057 et
3194 5012 3416 5075 serpen-

1862 5106 1974 5151 tum
2034 5092 2489 5164 scorpionumque
2520 5086 2694 5163 capita
2728 5096 2822 5165 qui
2869 5095 3077 5163 animas
3118 5095 3416 5164 perimunt,

1860 5197 2160 5245 conterere.
2190 5188 2268 5239 Ad
2302 5202 2439 5256 quos
2483 5191 2696 5244 tandem
2747 5190 2840 5244 Dei
2873 5189 3076 5243 auxilio
3118 5195 3417 5260 promeruit

1860 5281 2085 5338 feliciter
2119 5280 2418 5349 pervenire,
2451 5281 2775 5349 pessudnata
2820 5282 2968 5349 prius
3017 5290 3198 5336 tamen
3226 5292 3280 5337 et
3311 5286 3412 5338 hu-

1860 5376 2062 5432 miliata
2101 5372 2327 5442 agonico
2359 5375 2657 5429 certamine
2686 5372 2897 5444 propria
2946 5373 3238 5437 voluntate,
3292 5391 3414 5443 quae

1859 5477 2061 5524 rectum
2095 5466 2170 5518 illi
2203 5464 2416 5519 Patrum
2468 5475 2520 5519 et
2552 5467 2814 5529 majorum
2866 5477 3171 5521 nostrorum
3220 5465 3408 5521 callem

1859 5566 2317 5630 przemonstrarct,
2345 5573 2462 5626 ηυδε
2490 5557 2600 5610 leve
2634 5555 2975 5613 beatitudinis
3007 5574 3143 5614 onus
3172 5566 3224 5611 et
3261 5558 3411 5613 salt.-

1860 5652 2077 5708 tiferum
2112 5666 2175 5705 ac
2208 5667 2371 5706 suave
2396 5650 2579 5721 iugum
2612 5649 2933 5705 ostenderet.
