4042 6334
602 402 736 493 μηδ
1769 398 1830 455 S.
1861 394 2252 457 DOROTHEI
2280 397 2609 459 ‘ABBATIS
3689 406 3825 471 1616

668 509 732 562 II.
765 506 831 560 Et
851 520 1063 569 verum,
1093 505 1338 573 inquam,
1357 503 1561 556 bonum
1589 500 1852 570 quaarenti
1883 513 2154 569 premun-

2326 501 2405 557 B'.
2456 502 2545 569 Ἐξ
2562 498 2654 575 ἧς,
2677 505 2910 579 ἀρίστην
2928 507 3129 578 ἔμαθεν
3154 512 3318 581 ὕψους
3343 513 3485 580 όδὺν,
3509 516 3612 587 τὴν
3636 522 3825 572 ταπεί-

595 608 826 655 stratum
850 608 956 662 est,
984 597 1264 651 humilitas
1289 594 1499 648 scilicet
1527 611 1541 646 :
1571 607 1643 647 ex
1673 606 1782 662 qua
1812 591 2080 645 directam
2106 599 2163 644 et

2267 609 2445 656 νωσιν,
2460 596 2556 649 καὶ
2579 598 2663 661 τὺ,
2699 597 2975 669 Ἐλεήμων
3002 601 3154 669 γίνου
3183 604 3279 657 καὶ
3308 608 3506 676 πρᾶος,
3533 608 3705 680 ἔργῳ,
3732 614 3827 665 καῖ.

596 692 856 759 optimam
894 689 1019 743 emli
1069 688 1318 741 semitam
1366 684 1543 757 potuit
1599 697 1960 753 praenoscere,
2004 682 2161 752 juxta

599 782 730 835 illud
764 802 775 834 :
818 800 839 832 ι
876 779 1186 836 Misericors
1215 788 1336 833 esto
1374 787 1430 832 et
1460 784 1800 841 mansuetus,
1847 788 2010 843 opere
2046 789 2163 828 ser-

599 890 813 929 nionem
844 885 1157 928 sanctorum
1181 869 1777 938 seniorumexcipiens.
1806 884 1828 919 ι
1859 865 1958 920 llis
1979 867 2162 936 itaque

600 966 767 1018 tantis
794 971 1022 1017 ornatus
1056 960 1371 1021 virtutibus,
1406 973 1620 1027 semper
1644 958 1775 1011 illud
1798 958 1853 1010 in
1886 971 1982 1011 ore
2009 972 2163 1026 gere-

599 1059 691 1109 bat
730 1056 922 1109 beatus
950 1053 1040 1107 ille
1068 1054 1151 1105 vir
1187 1053 1332 1120 quod
1369 1065 1403 1104 a
1436 1049 1748 1103 senioribus
1778 1048 1983 1101 sanctis
2009 1062 2165 1102 acce-

600 1156 776 1215 perat.
802 1145 1111 1212 quicunque
1131 1142 1340 1196 scilicet
1359 1140 1428 1194 ad
1468 1140 1863 1210 praeidendam
1888 1139 2164 1208 propriam

598 1238 934 1291 voluntatem
964 1236 1210 1290 studiose
1253 1231 1596 1294 intendisset,
1643 1232 1698 1284 in
1746 1232 1922 1285 locum
1962 1232 2165 1302 quietis

599 1338 1008 1397 perventurum.
1034 1327 1097 1380 lit
1128 1327 1275 1380 enim
1303 1326 1511 1378 invenit
1538 1323 1994 1394 quod'diligenter
2014 1338 2165 1393 qua:-

598 1420 751 1482 sivit,
785 1419 1029 1471 omnium
1060 1417 1279 1486 quidem
1310 1416 1576 1469 malorum
1606 1415 1879 1477 radicem,
1920 1429 2163 1469 amorem

598 1512 880 1581 proprium
908 1519 964 1564 et
990 1509 1271 1573 allectum,
1321 1508 1584 1563 voluntati
1626 1518 1827 1561 nostra:
1868 1508 2165 1577 complica-

600 1613 731 1663 tam,
763 1602 968 1655 cllicaci
1000 1602 1103 1654 hac
1127 1601 1393 1655 medicina
1417 1616 1551 1656 usus
1576 1599 1905 1654 ernaeeravit
1929 1600 2165 1654 radicem

598 1702 653 1745 rt
699 1693 841 1746 mala
878 1693 1120 1762 germina
1152 1709 1166 1744 :
1204 1691 1490 1762 factusque
1517 1682 2013 1759 incorruptibilium'
2048 1691 2166 1745 l'ru-

600 1800 727 1853 guu:
748 1784 945 1846 cultor.
970 1784 1291 1837 immortalis
1322 1783 1444 1836 vita:
1467 1782 1675 1838 fructus
1699 1784 1974 1852 produxit.
1996 1782 2167 1838 Cum-

2259 686 2404 739 κατὰ
2446 688 2543 741 τὸν
2581 688 2739 759 λόγον
2779 691 2888 745 τῶν
2935 693 3108 761 ἁγίων
3154 697 3426 767 γερόντων
3469 703 3824 773 παραλαϐὼν,

2260 776 2466 840 πάσαις
2507 776 2598 832 διὰ
2654 780 2860 836 τούτων
2918 782 3198 857 ἐκοσμήθη
3235 791 3357 851 ταῖς
3399 790 3622 860 ἀρεταῖς
3640 810 3658 825 ο
3706 795 3829 848 ὅθεν

2261 867 2359 919 ἐπὶ
2385 867 2654 937 στόματος
2678 871 2859 927 ἐκεῖνο
2884 874 2975 929 ἀεὶ
3006 874 3070 928 es
3094 879 3414 947 γεροντικὸν
3451 882 3647 952 ἔφερεν
3669 886 3701 938 δ
3730 903 3831 954 μα-

2262 957 2474 1029 κάριος,
2511 961 2572 1014 '0
2595 960 2829 1029 φθάσας,
2855 964 3054 1034 λέγων,
3084 967 3169 1031 εἰς
3198 969 3262 1023 τὸ
3287 970 3455 1040 κόψαι
3477 972 3541 1027 τὺ
3571 974 3700 1030 ίδιον
3736 976 3829 1029 θέ-

2262 1049 2446 1120 λημα,
2510 1052 2747 1124 ἔφθασεν
2804 1057 2888 1121 είς
2936 1058 3030 1113 τὺν
3070 1059 3238 1114 τόπον
3296 1061 3399 1132 τῆς
3444 1066 3825 1133 ἀναπαύσεως.

2276 1140 2493 1213 Έπεῶὴ
2518 1144 2630 1214 γὰρ
2653 1138 2805 1219 εὗρε,
2832 1147 2970 1202 καθὸ
2994 1151 3090 1204 καὶ
3112 1151 3281 1219 ἀξίως
3300 1154 3588 1227 ἐζήτησεν,
3612 1161 3832 1213 πάντων

2267 1236 2368 1305 μὲν
2394 1238 2552 1307 ῥίζαν
2581 1234 2748 1293 οὖσαν
2775 1239 2886 1293 τῶν
2911 1240 3103 1298 Δπαθῶν
3124 1244 3229 1314 τὴν
3260 1244 3547 1316 φιλαυτίαν
3570 1266 3587 1279 ο
3626 1252 3833 1321 ταύτην

2263 1327 2342 1391 δὲ,
2387 1329 2468 1398 τῷ
2493 1328 2848 1401 γλυκυπίκρῳ
2890 1330 3050 1403 ήμῶν
3096 1335 3494 1407 συνισταμένην
3539 1337 3829 1409 θελήματι,

2263 1419 2345 1490 τῷ
2371 1419 2688 1493 δραστηρίῳ
2712 1418 2888 1493 mine
2911 1423 3188 1495 φαρμάκῳ
3212 1428 3577 1498 χρησάμενος,
3612 1431 3832 1483 συνολο-
3868 1502 3871 1503 ,

2268 1516 2526 1585 μαραίνει
2550 1519 2623 1588 τῇ
2653 1516 2800 1589 ῥίζῃ,
2829 1517 2925 1572 καὶ
2954 1518 3025 1572 τὰ
3056 1521 3270 1591 πονηρὰ
3297 1520 3653 1594 βλαστήματα
3673 1564 3691 1591 ,
3739 1527 3833 1579 καὶ

2266 1603 2476 1671 γίνεται
2502 1605 2790 1670 ἀθανάτων
2828 1607 3129 1680 εἰλικρινὴς
3168 1611 3445 1680 γεωργὸς,
3491 1614 3587 1667 καὶ
3619 1632 3832 1686 καρπο-

2266 1696 2427 1764 φορεῖ
2450 1694 2549 1766 τὴν
2583 1694 2945 1769 meum.
2978 1698 3072 1759 τδν
3100 1700 3552 1772 ἐγκεκρυμμένον
3572 1704 3652 1776 τῷ
3675 1707 3837 1778 ἀγρῷ

2267 1786 2542 1858 θησαυρὸν
2569 1787 2751 1853 καλῶς
2780 1790 2875 1843 ὑπ’
2902 1791 3070 1845 αὐτοῦ
3096 1791 3399 1866 ζητηθέντα
3419 1797 3515 1850 καὶ
3540 1798 3839 1868 εὑρεθέντα

597 1893 706 1946 que
733 1877 1137 1931 delitescentem
1168 1876 1223 1928 in
1248 1890 1382 1945 agro
1410 1850 1751 1939 thesaurum,
1796 1886 1851 1930 et
1874 1876 2164 1931 studiosis-

2267 1850 2629 1951 κτησάμενος,
2678 1850 2778 1935 κᾷι
2825 1850 3378 1954 πλουτήσαῖδῦτως,
3424 1886 3498 1941 τὰ
3542 1850 3621 1961 μή
3645 1850 3840 1945 es;

600 1972 739 2024 sime
763 1968 1053 2038 quaesitum
1078 1970 1295 2021 tandem
1320 1965 1639 2031 invenisset,
1662 1968 1921 2036 possedit,
1947 1976 2003 2020 ct
2022 1982 2164 2036 pra:-

2267 1988 2425 2040 μενα.
2472 1973 2801 2045 Ἐδουλόμην
2834 1975 2935 2043 μὲν
2968 1971 3065 2029 οὖν
3098 1975 3284 2042 ίκανδς
3320 1975 3459 2033 εἶναι
3496 1982 3589 2035 καὶ
3611 1983 3837 2057 γλώσσῃ

598 2062 753 2114 dives
798 2060 973 2113 factus
1000 2069 1086 2113 est
1119 2073 1227 2117 non
1277 2057 1530 2111 inaniter.
1573 2055 1773 2111 Vellem
1813 2057 2065 2126 equidem
2110 2064 2168 2109 et

2267 2065 2359 2116 καὶ
2382 2065 2613 2136 διανοίᾳ,
2642 2066 2720 2130 ὡς
2741 2066 3043 2137 ἀξιωθῆναι
3068 2070 3164 2123 καὶ
3187 2069 3281 2124 τὸν
3310 2072 3466 2140 ἅγιον
3488 2070 3655 2127 αὐτοῦ

600 2154 833 2209 idoneus
880 2154 1020 2207 satis
1072 2166 1216 2216 esse,
1251 2150 1347 2220 qui
1400 2158 1582 2204 mente
1617 2145 1681 2203 et
1709 2150 1894 2219 lingua
1948 2164 2165 2219 possem

2267 2156 2429 2225 μέρος
2482 2156 2740 2211 ἐκθέσθαι
2780 2157 2930 2228 βίον,
2976 2161 3057 2225 εἰς
3096 2161 3278 2216 κοινὸν
3313 2162 3505 2233 ὄφελος
3533 2166 3631 2219 καὶ
3659 2168 3839 2222 τύπον

599 2245 775 2303 sancti
810 2246 914 2300 viri
945 2246 1133 2307 vitam,
1168 2245 1244 2296 ita
1270 2250 1332 2297 ut
1352 2250 1614 2308 meretur,
1636 2256 1909 2312 exponere
1930 2242 1987 2295 in
2011 2257 2166 2297 com-

2267 2246 2465 2318 ἀρετῆς
2490 2247 2881 2318 ἀκριϐέστατον
2899 2265 2916 2279 ·
2945 2251 3092 2315 ὅπως
3118 2269 3179 2305 τε
3205 2252 3306 2325 τὴν
3336 2256 3526 2328 στενὴν
3551 2259 3645 2311 καὶ
3671 2258 3837 2330 εὒρύο

600 2354 766 2392 mune
792 2337 1041 2390 omnium
1069 2336 1416 2390 commodum
1444 2345 1501 2389 et
1529 2334 1745 2389 virtutis
1768 2344 1953 2405 typum
1985 2334 2167 2389 excel-

2267 2356 2442 2411 χωρον
2486 2340 2610 2395 ὁδὸν
2653 2341 2749 2395 καὶ
2791 2341 3096 2413 παράδοξον
3135 2346 3166 2397 δ
3207 2347 3472 2419 μακάριος
3500 2350 3707 2414 ἐκεῖνος
3740 2354 3839 2406 ἀν-

601 2428 967 2483 lentissimum
1001 2446 1015 2480 :
1050 2444 1160 2497 quo
1198 2436 1357 2496 pacto
1386 2427 1468 2477 vir
1517 2426 1608 2479 ille
1641 2426 2020 2479 sanctissimus
2063 2441 2165 2479 an-

2267 2433 2468 2503 έδραμε
2502 2449 2516 2460 ’
2565 2432 2629 2486 τὺ
2658 2434 2780 2504 μὲν,
2804 2433 2893 2487 διὰ
2918 2434 2980 2488 τὺ
3010 2435 3251 2501 ἀπλανὲς
3277 2438 3373 2491 καὶ
3394 2440 3707 2512 ἀδιάχυτον,
3743 2444 3841 2497 καὶ

600 2529 814 2589 gustant
852 2527 909 2572 et
947 2518 1113 2571 latam
1158 2516 1302 2569 viam
1340 2525 1535 2585 praeter
1564 2515 1811 2568 omnium
1853 2516 2165 2585 opinionem

2267 2527 2365 2595 τῆς
2407 2526 2760 2598 κρημνώδους
2804 2527 2893 2597 ἐφ’
2931 2529 3171 2601 ἑκάτερα
3228 2530 3625 2604 ςτεαρεκὸάσεως
3664 2536 3842 2604 φυλα-

602 2611 931 2667 iuecsserit:
964 2610 1150 2663 ethoc
1178 2608 1398 2678 quidem
1440 2609 1513 2662 ob
1561 2607 1946 2676 integritatem,
1989 2608 2169 2662 since—

2267 2617 2473 2671 κτικόν.
2517 2617 2677 2671 Οὕτω
2706 2618 2818 2691 γὰρ
2840 2620 2936 2673 τοῦ
2970 2620 3109 2693 θεοῦ
3135 2602 3321 2691 φίλος,
3346 2624 3441 2678 καὶ
3466 2623 3641 2694 μέγας
3663 2602 3842 2689 δντως

601 2707 816 2760 ritatem
854 2714 912 2759 et
942 2703 1247 2758 custodiam
1278 2721 1292 2755 :
1327 2717 1427 2755 nec
1462 2701 1519 2753 in
1562 2700 1792 2754 alterum
1841 2698 2168 2770 pracipitosi

598 2799 859 2851 execsSus
882 2802 937 2848 et
961 2792 1242 2847 anfractus
1266 2790 1427 2860 373
1449 2797 1651 2843 rueret.
1680 2787 1774 2843 Sic
1792 2789 1938 2843 enim
1964 2799 2019 2842 et
2041 2803 2169 2843 vere

601 2903 833 2959 magnus
866 2886 1100 2941 Basilius
1129 2884 1221 2938 Dei
1257 2883 1455 2937 summi
1490 2882 1705 2935 amicus
1736 2880 2046 2944 angustiam
2076 2895 2168 2934 sa-

600 2981 792 3034 lutaris
818 2990 873 3033 et
893 2976 1103 3032 all'lictae
1132 2977 1232 3030 via:
1257 2974 1464 3029 deﬁnit.
1492 2973 1631 3027 Illud
1656 2983 1837 3027 autem
1854 2972 1925 3026 ob
1944 2970 2169 3027 allectus

602 3073 808 3142 proprii
832 3069 1333 3130 mortiﬁcationem,
1363 3076 1421 3121 et
1441 3064 1602 3119 tidem
1629 3079 1794 3134 quam
1822 3063 2016 3118 bahuit
2036 3078 2165 3132 erga

599 3178 697 3217 eos
723 3160 817 3231 qui
844 3176 903 3216 se
924 3159 991 3213 ad
1017 3159 1186 3212 Deum
1208 3158 1491 3220 ducerent,
1513 3155 1585 3209 ob
1601 3153 1930 3224 prof-indum
1950 3167 2169 3223 quoque

602 3253 931 3308 humilitatis
959 3252 1103 3320 ejus,
1123 3265 1245 3322 qua:
1262 3248 1378 3303 sola
1396 3250 1479 3318 (ut
1493 3246 1675 3301 aiebat
1696 3246 1858 3300 divus
1876 3243 2167 3311 Antonius)

600 3343 803 3399 diaboli
832 3344 1056 3412 laqueos
1082 3348 1380 3409 superatet
1414 3336 1707 3406 abrumpit.
1738 3334 1921 3401 Quare
1958 3336 2013 3389 in
2052 3335 2172 3404 ipso

597 3453 768 3509 quam
805 3434 1093 3489 verissime
1122 3432 1254 3487 illud
1286 3429 1614 3501 completum
1642 3437 1729 3483 est
1753 3445 1769 3481 :
1802 3425 1995 3480 ιαιιιοι
2018 3441 2171 3479 atan-

600 3530 787 3580 ιίαιιιιιι
817 3535 965 3578 tuum
995 3523 1152 3576 nimis
1177 3522 1229 3574 ιι.

672 3615 763 3671 ιιι.
812 3614 918 3669 Sed
955 3615 1059 3669 hoc
1086 3622 1342 3681 tanquam
1386 3609 1570 3662 minus
1606 3614 1800 3677 potens
1826 3603 2055 3658 missum
2084 3600 2169 3657 la-

603 3712 769 3766 ciam.
802 3708 935 3763 Novi
970 3716 1149 3761 autem
1178 3720 1247 3759 ex
1281 3702 1505 3773 reliquis
1534 3700 1636 3753 viri
1658 3697 1851 3753 sancti
1876 3695 2172 3751 virtutibus

604 3802 694 3856 illa
724 3802 906 3855 inesse
933 3814 1057 3869 qua:
1090 3796 1225 3851 l'oris
1268 3810 1300 3849 a
1344 3792 1684 3864 philosophis
1716 3789 2028 3860 collegerat.
2061 3786 2170 3853 Qui

604 3893 849 3965 quidem,
888 3902 949 3945 ut
980 3906 1110 3957 apes
1132 3884 1572 3957 prudentissima,
1597 3882 1760 3937 llores
1780 3880 1987 3949 legens,
2010 3880 2172 3949 quid—

608 3986 742 4059 quid
781 3972 1034 4038 utilitatis
1062 3977 1361 4033 invenissct
1386 3975 1440 4028 in
1477 3976 1579 4037 eis,
1610 3973 1860 4043 eligebat,
1888 3980 1946 4025 et
1968 3986 2171 4041 oppor-

606 4089 740 4131 tuno
779 4084 1021 4141 tempore
1049 4083 1159 4123 non
1187 4065 1420 4120 inaniter
1454 4063 1508 4116 in
1538 4062 1844 4116 doctrinam
1875 4060 2173 4128 discipulo—

604 4184 729 4224 rum
759 4166 1039 4220 fundebat.
1070 4163 1241 4229 Quale
1266 4161 1396 4216 illud
1429 4178 1442 4212 :
1478 4156 1561 4212 Ne
1578 4155 1707 4227 quid
1727 4156 1887 4211 nimis
1914 4170 1934 4211 :
1963 4155 2173 4228 Cogno—

604 4278 688 4316 sce
724 4270 773 4313 te
801 4258 973 4328 ipsum
1006 4270 1025 4307 :
1052 4264 1110 4308 et
1128 4255 1232 4308 alia
1273 4252 1507 4322 plurima
1562 4249 1899 4320 hujusmodi,
1947 4265 2069 4319 qua:
2116 4251 2174 4303 in

602 4352 890 4408 utilitatem
921 4347 1229 4402 animarum
1259 4349 1466 4398 essent.
1490 4343 1671 4407 Quare
1700 4339 1804 4394 etsi
1833 4339 2173 4409 propositum

604 4459 787 4497 meum
811 4452 864 4497 et
889 4440 1198 4495 institutum
1239 4434 1397 4489 ﬁdele
1435 4431 1688 4487 debilitas
1719 4446 1785 4485 ac
1818 4431 2055 4486 tenuitas
2092 4429 2176 4483 in-

2263 2710 2568 2778 Βασίλειος,
2591 2712 2653 2764 τὸ
2680 2713 2867 2767 στενὸν
2884 2714 2983 2785 τῆς
3003 2713 3370 2789 τεθλιμμένης
3389 2718 3514 2772 ὁδοῦ
3536 2719 3630 2771 καὶ
3655 2737 3842 2790 σωτη-

2268 2801 2494 2873 ριὼδους
2519 2803 2761 2877 ὁρίζεται
2780 2821 2795 2836 ·
2822 2804 2885 2859 τὸ
2912 2804 2991 2873 δὲ,
3010 2803 3188 2859 διὰτὸ
3204 2806 3559 2879 ἀπροσπαθὲς
3579 2811 3672 2863 καὶ
3694 2813 3843 2883 πρὸς

2262 2896 2392 2960 τοὺς
2433 2894 2668 2965 ἄγοντας
2713 2896 2877 2951 αὐτὸν
2907 2896 3004 2951 ἐπὶ
3044 2896 3138 2952 τόν
3181 2898 3317 2953 Θεὸν
3364 2900 3689 2974 ἐλευθέριον,
3744 2905 3847 2957 καὶ

2268 2996 2529 3068 μάλιστα,
2553 2997 2615 3050 τὸ
2632 2998 2731 3068 τῆς
2759 2996 3143 3066 ταπεινώσεως
3161 2978 3384 3072 ὑψηλὸν,
3412 3001 3475 3054 τὸ
3494 3003 3671 3071 μόνον,
3691 3006 3848 3058 κατὰ

2265 3096 2359 3149 τὸν
2393 3097 2570 3167 μέγαν
2610 3097 2916 3165 Ἀντώνιον,
2938 3099 3131 3154 πασῶν
3153 3098 3265 3154 τῶν
3287 3099 3383 3155 Ιεοῦ
3407 3100 3650 3156 διαδόλου
3674 3106 3850 3173 παγιο

2192 3188 2238 3248 (ἶ
2266 3197 2374 3252 δων
2399 3197 2694 3270 ἀνώτερον.
2743 3198 2837 3252 Διδ
2865 3201 2962 3252 καὶ
2986 3198 3080 3253 ὑπ’
3108 3198 3260 3269 αὐτῷ
3298 3200 3377 3264 ὣς
3414 3199 3637 3270 ἀληθῶς
3666 3203 3847 3274 ἐπλη-

2269 3301 2432 3374 ροῦτο
2460 3302 2543 3368 τὸ,
2571 3300 2829 3357 Elateia
2852 3302 2894 3371 ἠ
2924 3301 3144 3370 ἐντολή
3163 3317 3287 3356 σου
3307 3301 3561 3373 σφόδρα.

2338 3577 2416 3632 Ρ.
2465 3574 2628 3629 ’Δλλὰ
2654 3572 2817 3628 τοῦτο
2846 3573 2946 3645 μὲν
2974 3573 3051 3636 ὥς
3089 3571 3370 3635 ἀδυνάτως
3407 3569 3553 3641 ἕχον,
3594 3570 3849 3642 ὖπερόήο

2271 3688 2458 3741 σομαι.
2487 3663 2621 3725 οῖδα
2646 3666 2755 3739 γὰρ
2787 3666 2928 3739 πρὸς
2953 3665 3128 3720 ἅπασι
3157 3665 3273 3728 τοῖς
3301 3662 3399 3717 τοῦ
3437 3663 3703 3733 μακαρίου
3740 3682 3846 3717 κα-

2268 3766 2400 3829 λοῖς,
2437 3764 2533 3817 καὶ
2567 3760 2743 3817 ταῦτα
2770 3760 2861 3831 δὴ,
2889 3759 2961 3813 τὰ
2987 3757 3097 3812 τῶν
3122 3755 3325 3823 ἔξωθεν
3346 3755 3655 3826 λεγομένων
3680 3756 3841 3824 φιλο-

2271 3856 2451 3924 σόφων
2469 3872 2485 3887 υ
2518 3854 2664 3925 ἅπερ
2688 3852 2835 3908 κατὰ
2858 3851 2959 3923 τὴν
2990 3848 3164 3922 σοφὴν
3191 3850 3362 3913 δντως
3389 3848 3647 3921 μέλισσαν
3676 3848 3844 3902 aveo.

2269 3949 2448 4018 λογῶν
2478 3947 2716 4019 φέροντά
2738 3964 2793 4001 τι
2818 3946 3089 4018 χρήσιμον
3117 3943 3392 4016 εὕρισκεν,
3415 3943 3623 4005 ἀόκνως
3646 3942 3845 3995 ἑαυτὸν

2269 4043 2355 4105 εἰς
2383 4037 2736 4094 διδασκαλίαν
2783 4038 2844 4092 ὲν
2883 4035 3064 4109 καιρῷ
3109 4033 3553 4105 προδαλδμενοςν
3601 4027 3713 4086 οἷον
3757 4034 3841 4096 τὸ,

2270 4132 2477 4204 Μηδὲν
2494 4132 2669 4204 ἄταν,
2698 4128 2894 4185 Γνῶθι
2912 4125 3198 4187 σεαυτὸν,
3219 4123 3316 4179 καὶ
3338 4122 3411 4177 τὰ
3437 4123 3676 4192 ⁶τοιαῦτα,
3699 4126 3844 4196 πρὸς

2273 4230 2439 4298 ειπερ,
2474 4228 2525 4280 εί
2550 4226 2647 4280 καὶ
2680 4222 2759 4297 μή
2800 4218 3124 4293 προαίρεσις
3159 4214 3477 4286 εὐγνώμων.
3511 4215 3649 4271 ἀλλὰ
3680 4232 3746 4285 γε
3779 4217 3846 4269 τὸ

2270 4323 2371 4394 τῆς
2415 4320 2719 4389 ἀδυναμίας
2765 4312 3065 4385 ἀναγκαῖόν
3098 4326 3188 4383 με,
3228 4307 3413 4373 καθὼς
3439 4308 3674 4380 εἴρηται,
3706 4324 3843 4360 συν-

2270 4415 2509 4469 ελαύνει.
2553 4413 2621 4465 ’0
2656 4410 2715 4464 δέ
2741 4426 2835 4480 μοι
2861 4410 2896 4479 ή
2926 4402 3191 4461 σπουδαία
3230 4402 3326 4456 καὶ
3363 4399 3646 4471 φιλόκαλος
3683 4398 3846 4469 ὑμῶν

603 4536 747 4603 genii
780 4533 1040 4603 repellat;
1076 4541 1281 4593 tamen,
1309 4528 1435 4598 quia
1460 4525 1516 4580 id
1547 4523 1682 4579 mihi
1704 4522 1889 4577 oneris
1915 4520 2169 4591 imposuit

2274 4506 2532 4562 ἐκέλευσε
2555 4501 2723 4575 ψυχὴ,
2752 4500 2911 4555 τοῦτο
2938 4498 3005 4570 δὴ
3030 4495 3249 4569 θαρρῶν
3283 4493 3380 4550 καὶ
3420 4489 3692 4561 πεποίηκα
3717 4506 3735 4519 ·
3780 4490 3845 4543 τό

602 4630 787 4684 anima
808 4638 899 4680 tua
918 4620 1293 4685 ornatissima,
1310 4632 1603 4689 aggressus
1629 4630 1753 4671 sum
1775 4612 1921 4684 quod
1934 4612 2169 4682 jussisti,

605 4724 780 4777 fretus
802 4720 856 4773 id
881 4719 1066 4771 oneris
1097 4712 1422 4769 obedientia:
1460 4708 1650 4763 virtuti
1693 4721 1973 4777 nunquam
2004 4721 2173 4773 grave

604 4811 877 4873 futurum,
906 4816 962 4861 et
991 4804 1200 4857 veritus
1225 4816 1297 4856 ne
1332 4799 1469 4854 mihi
1500 4798 1773 4852 inscitiam
1800 4807 1857 4851 et
1896 4796 2175 4865 negligen-

606 4903 738 4954 tiam
774 4899 908 4952 vitio
942 4905 1203 4949 verteres.
1240 4889 1470 4959 Jamque
1501 4902 1610 4942 una
1638 4902 1763 4941 eum
1800 4886 1996 4940 litteris
2038 4884 2174 4938 meis

605 4994 674 5048 ad
704 5006 804 5045 vos
825 4986 1118 5056 trapezitas
1150 4981 1243 5037 Dei
1284 4982 1522 5049 Optimos
1555 4978 1821 5033 talentum
1853 4975 2000 5044 quod
2032 4976 2178 5044 apud

607 5102 695 5140 me
722 5085 961 5138 otiosum
998 5089 1134 5143 erat,
1168 5077 1294 5131 misi
1325 5094 1338 5130 :
1374 5074 1478 5129 viri
1528 5072 1705 5128 sancti
1748 5079 1966 5125 sanctas
2006 5070 2179 5125 disci-

606 5178 805 5248 plinas,
839 5188 977 5243 quas
1004 5182 1059 5225 et
1080 5172 1194 5241 ipse
1227 5186 1258 5223 a
1288 5167 1592 5236 majoribus
1620 5163 1739 5219 suis
1767 5172 2093 5231 acceperat,
2121 5170 2179 5216 et

606 5265 893 5335 discipulis
921 5261 1155 5333 posteris
1180 5259 1537 5329 impertierat,
1567 5255 1774 5311 faciens
1794 5254 2092 5324 dolensque
2116 5260 2177 5309 ut

609 5360 822 5429 primus
857 5368 912 5408 et
945 5370 1105 5409 verus
1147 5360 1446 5421 przeceptor
1490 5359 1674 5404 noster
1709 5358 1873 5417 atque
1901 5345 2173 5401 Salvator.

610 5456 812 5523 omnes
840 5458 1021 5501 autem
1056 5448 1335 5501 doctrinas
1371 5443 1492 5513 ejus
1533 5443 1777 5496 invenire
1828 5455 1937 5494 non
1980 5440 2174 5510 potui;

611 5555 665 5596 at
692 5554 994 5611 perpaucas
1027 5539 1343 5601 admodum,
1375 5551 1429 5589 et
1461 5537 1558 5588 has
1584 5536 1745 5587 etiam
1776 5532 2011 5602 sparsim
2032 5572 2047 5596 ,
2078 5545 2175 5598 per

612 5630 890 5685 studiosos
917 5633 1183 5699 quosdam
1210 5628 1394 5681 diving
1426 5623 1773 5679 Providentia
1800 5621 2077 5677 collectas.
2104 5618 2174 5673 At

683 5818 714 5858 δ
744 5816 885 5871 l’sal.
918 5830 1104 5874 cum,
1146 5812 1230 5865 'Jli.

2274 4617 2333 4654 τε
2360 4598 2499 4670 βαρὺ
2525 4600 2626 4669 τῆς
2648 4596 2937 4667 παρακοῆς
2963 4589 3329 4664 ὑφορώμενος,
3359 4583 3535 4643 καὶτὸ
3554 4585 3651 4659 τῆς
3676 4584 3846 4649 ὀκνη-

2277 4695 2401 4767 ρίας
2427 4690 2682 4755 δεδοικὼς
2708 4688 2983 4758 ἐπιτίμιον
3006 4702 3023 4718 ο
3070 4685 3167 4739 καὶ
3200 4685 3268 4755 δὴ
3294 4684 3408 4744 τοῖς
3436 4680 3673 4751 παροῦσι
3706 4700 3843 4735 συν-

2276 4784 2574 4842 απέστειλα
2618 4781 2944 4854 γράμμασιν
2975 4777 3104 4848 ὑμῖν
3141 4779 3255 4839 τοῖς
3291 4772 3570 4844 φρονίμοις
3598 4774 3693 4827 σὺν
3716 4774 3845 4843 Θεῴ

2277 4876 2651 4950 τραπεζίταις,
2693 4873 2746 4925 ιδ
2775 4871 3025 4941 κείμενον
3055 4870 3185 4941 παρ’
3206 4865 3330 4937 ἐμοὶ
3360 4866 3529 4936 ἀργὸν
3552 4864 3842 4928 τάλαντον,

2273 4972 2372 5034 τὰς
2400 4969 2718 5041 εὑρεθείσας
2742 4964 2888 5032 λέγω
2928 4963 3024 5017 τοῦ
3060 4958 3332 5034 μακαρίου
3371 4957 3735 5019 διδασκαλίας,
3773 4958 3843 5020 ἇς

2272 5081 2334 5119 τε
2361 5064 2525 5126 αὐτὸς
2545 5064 2611 5114 ὲκ
2641 5058 2751 5112 τῶν
2780 5050 2950 5111 αὐτοῦ
2976 5051 3313 5126 παραλαϐεῖν
3334 5049 3540 5121 ἠξιώθη
3558 5048 3840 5116 πατέρων,

2274 5158 2371 5212 καὶ
2400 5156 2469 5221 ἃς
2512 5156 2626 5216 τοῖς
2656 5151 2806 5215 ίδίοις
2850 5146 3126 5220 μαθηταῖς
3152 5143 3527 5216 παραδέδωκε,
3568 5139 3708 5193 κατὰ
3744 5141 3844 5193 τὸν

2280 5251 2494 5323 πρῶτον
2518 5244 2676 5317 ἡμῶν
2706 5243 2803 5297 καὶ⁵
2828 5236 3079 5310 ἀληθινὸν
3120 5233 3438 5307 καθηγητὴν
3467 5231 3564 5311 καὶ

2278 5320 2450 5396 ποιῶν
2476 5354 2537 5391 τε
2562 5336 2658 5388 καὶ
2684 5334 2972 5387 διδάσκων.
3002 5329 3066 5381 ει
3087 5326 3145 5380 δὲ
3170 5327 3266 5380 καὶ
3294 5324 3372 5397 μὴ
3397 5322 3605 5385 πάντας
3635 5320 3841 5386 αὖτοὺς

2274 5432 2402 5494 τοὺς
2436 5418 2625 5495 ἁγίους
2647 5425 2829 5494 εὑρεῖν
2864 5417 3201 5489 δεδυνήμεθα
3229 5416 3440 5483 λόγους,
3470 5413 3611 5466 πάνυ
3640 5412 3698 5465 δὲ
3722 5412 3843 5465 ὀλί-

2276 5541 2425 5591 γους,
2470 5519 2567 5573 καὶ
2606 5518 2828 5579 τούτους
2862 5510 3136 5585 σποράδην
3186 5507 3293 5562 ὑπὸ
3334 5504 3637 5559 σπουδαίων
3675 5503 3844 5557 τινῶν

2278 5614 2505 5689 προνοίᾳ
2551 5611 2685 5665 Θεοῦ
2712 5605 3153 5675 συνειλεγμένας,
3198 5598 3315 5655 ἀλλ’
3343 5593 3442 5651 οὖν
3472 5596 3658 5652 ἱκανὸν
3687 5596 3847 5650 ἐσται
