4042 6334
257 481 393 547 1621

1604 476 2003 536 DOCTRINA
2056 478 2104 534 Ι.

3335 475 3463 537 1ϋέἓέ

316 591 375 649 1"
423 597 556 650 Τότε
581 594 765 648 λοιπὸν
810 594 839 646 6
880 594 1078 663 ἀγαθὸς
1114 594 1209 645 καὶ
1250 590 1625 659 φιλάνθρωπος
1673 587 1802 650 Θεὸς

1978 582 2063 636 lll.
2089 582 2215 637 Post
2244 584 2358 637 haec
2393 582 2551 652 igitur
2574 583 2786 636 tandem
2833 583 3064 652 optimus
3102 582 3239 637 Deus
3288 598 3468 637 noster
3542 644 3549 652 _

242 687 459 756 πέμπει
492 687 583 738 τὸν
632 686 893 755 μονογενῆ
926 684 1089 736 αὑτοῦ
1118 683 1206 735 τὸν
1254 681 1402 734 Υίόν.
1434 679 1567 731 Θεοῦ
1601 679 1710 748 γὰρ
1740 674 1807 746 ἦν

248 775 414 844 μόνον
437 774 497 825 τὺ
534 772 713 825 ἰᾶσθαι
741 774 834 825 καὶ
866 771 1245 841 περιγενέσθαι
1280 768 1523 821 τοιούτου
1553 766 1760 827 πάθους
1790 784 1801 793 ·

242 866 343 918 καὶ
385 864 484 917 οὐκ
540 864 812 933 ἠγνόησαν
853 864 1010 916 τοῦτο
1054 865 1103 915 οί
1148 863 1442 933 προφῆται.
1497 860 1658 914 Ὅθεν
1711 862 1805 913 καὶ

241 955 492 1024 φανερῶς
510 954 689 1021 ἔλεγεν
709 955 923 1007 ὁΔαϐίδ·
940 956 994 1007 Ὀ
1016 952 1343 1020 καθήμενος
1358 954 1452 1007 ἐπὶ
1472 952 1588 1005 τῶν
1599 954 1810 1019 Χερου-

240 1046 365 1110 ϐὶμ,
393 1042 704 1119 ἐμφάνηθι,
722 1042 1016 1111 ἐξέταμον
1030 1042 1143 1120 (ipf
1170 1042 1530 1102 δυναστείαν
1552 1058 1687 1105 σου,
1710 1043 1806 1094 καί

240 1130 386 1184 ἐλθὲ
512 1114 575 1186 τὸ
606 1130 798 1185 σῶσαι
813 1130 995 1200 ἡμᾶς.
1013 1114 1155 1183 Καί·
1175 1134 1365 1199 Κύριε,
1394 1130 1605 1184 κλῖνον
1636 1134 1809 1199 οὐρα-

241 1221 393 1287 γοὺς
417 1223 515 1276 καί
543 1220 824 1289 κατάϐηθι
850 1237 866 1251 ο
892 1221 986 1274 καὶ
1018 1222 1117 1273 ὅσα
1151 1221 1395 1287 τοιαῦτα.
1430 1223 1538 1274 Καὶ
1563 1221 1713 1275 ἄλλοι
1751 1223 1807 1275 δὲ

243 1314 519 1383 προφῆται
534 1304 746 1375 πάντως
765 1312 990 1375 ἕκαστος
1004 1313 1179 1366 αὐτῶν
1190 1314 1456 1383 διαφόρως
1474 1312 1643 1367 πολλὰ
1655 1313 1810 1381 ἔκρα-

241 1406 345 1471 ξαν
377 1422 391 1435 ’
446 1405 515 1458 τό.
569 1405 667 1473 μὲν
724 1403 1169 1473 παρακαλοῦντες
1218 1406 1305 1458 ἵνα
1345 1405 1618 1475 κατέλθῃ’
1648 1404 1716 1457 τά
1749 1405 1805 1457 δὲ

242 1494 749 1567 πληροφῳηθέντες
798 1495 879 1548 ὅτι
938 1498 1152 1558 πάντως
1212 1496 1555 1567 κατέρχεται.
1604 1491 1806 1550 *Ηλθεν

238 1581 337 1639 οὖν
363 1588 391 1640 6
419 1585 620 1658 Κύριος
663 1586 838 1656 ἡμῶν,
871 1576 1160 1656 γενόμενος
1204 1587 1269 1640 δι’
1292 1589 1440 1657 ἡμᾶς
1469 1587 1753 1657 ἅνθρωπος
1788 1605 1800 1617 ·

242 1678 358 1741 ἵνα,
387 1677 461 1741 ὡς
504 1677 649 1746 λέγει
696 1681 724 1731 6
778 1679 931 1745 ἅγιος
987 1679 1293 1749 Γρηγορίας
1318 1682 1358 1742 ³,
1405 1678 1481 1749 τῷ
1527 1678 1697 1749 όμοίῳ
1746 1680 1805 1731 τὸ

239 1770 429 1837 ὅμοιον
468 1770 673 1823 ίάσεται
703 1772 725 1800 δ
749 1787 761 1800 ·
793 1773 859 1839 τῇ
886 1770 1028 1840 ψυχῇ
1064 1770 1160 1841 τὴν
1192 1771 1389 1841 ψυχὴν,
1418 1772 1484 1841 τῇ
1516 1771 1679 1841 σαρκὶ
1706 1771 1802 1839 τὴν

243 1860 445 1930 σάρκα.
489 1861 669 1913 Πάντα
713 1862 820 1931 γὰρ
865 1863 1071 1929 γίνεται
1111 1863 1278 1933 χωρὶς
1316 1862 1587 1931 ἁμαρτίας
1628 1864 1656 1915 ό
1704 1864 1799 1917 άν-

1907 681 1961 726 et
1992 673 2445 728 clementissimus
2478 673 2636 726 mittit
2668 672 2863 725 Filium
2904 688 3059 726 suum
3105 674 3463 739 unigenitum:

1906 764 2000 819 Dei
2031 766 2173 819 enim
2202 766 2367 820 solius
2410 775 2524 819 erat
2555 766 2779 830 mederi,
2816 774 2869 818 et
2898 764 3267 833 hujuscemodi
3308 765 3467 816 misc-

1905 856 2001 912 riis
2027 858 2295 924 opitulari.
2361 856 2515 921 Quod
2572 872 2701 911 sane
2749 871 2777 908 a
2811 856 3081 924 prophetis
3129 870 3463 921 nequaquam

1908 957 1991 1002 est
2019 949 2343 1017 ignoratum.
2394 948 2529 1002 Nam
2551 949 2678 1002 dicit
2702 948 2749 999 id
2776 946 2938 1000 David
2962 946 3327 1014 apertissime:
3364 944 3464 1007 Qui

1908 1040 2047 1091 sedes
2096 1053 2250 1103 super
2292 1037 2588 1099 Cherubim,
2650 1037 2756 1100 iam
2810 1038 2954 1087 nobis
2998 1050 3222 1103 appara:
3277 1033 3464 1085 Excila

1904 1128 2185 1193 potentiam
2218 1136 2361 1179 tuam
2393 1138 2439 1178 et
2471 1126 2601 1189 veni,
2638 1135 2695 1178 ut
2724 1125 2890 1179 salvos
2924 1125 3089 1192 facias
3120 1132 3280 1177 nos”.
3316 1127 3459 1176 Item:

1906 1216 2145 1281 Domine,
2205 1218 2402 1271 inclina
2431 1218 2581 1271 cretes
2634 1228 2771 1281 tuos,
2810 1227 2859 1270 et
2904 1217 3150 1269 descende
3185 1227 3230 1269 η.
3296 1218 3463 1283 Atque

1908 1308 2009 1360 alia
2055 1309 2309 1377 pleraque
2342 1308 2396 1361 in
2439 1308 2578 1362 hunc
2613 1308 2849 1361 modum.
2938 1306 3213 1375 Propheta:
3268 1308 3461 1359 etenim

1905 1412 2095 1451 omnes
2129 1398 2358 1452 diversis
2406 1399 2543 1452 inter
2586 1414 2644 1451 se
2678 1400 2865 1452 ‘modis
2928 1397 3092 1451 multa
3143 1399 3459 1456 Ciulhal'lllll,

1903 1489 2096 1556 partim
2129 1489 2390 1559 rogando,
2433 1498 2488 1541 ut
2516 1490 2884 1553 descenderet,
2939 1492 3129 1559 partim
3160 1501 3303 1543 certo
3348 1508 3464 1557 per—

1904 1582 2048 1633 suasi
2073 1581 2254 1634 auimo
2282 1596 2404 1634 eum
2427 1582 2837 1635 descensurum.
2877 1580 3031 1635 Venit
3054 1580 3215 1647 igitur
3249 1584 3459 1633 tandem

1903 1669 2165 1726 Dominus
2213 1684 2397 1727 noster
2441 1672 2615 1727 factus
2644 1683 2861 1743 propter
2892 1690 2990 1727 nos
3023 1676 3200 1736 homo,
3242 1689 3347 1740 quo
3384 1683 3463 1740 (ut

1903 1763 2064 1817 sentit
2090 1763 2245 1818 divus
2270 1764 2577 1834 Gregorius)
2611 1764 2784 1817 simile
2824 1764 2983 1817 simili
3016 1772 3246 1817 curaret.
3284 1764 3462 1814 anima

1903 1854 2162 1919 animam,
2197 1868 2362 1908 carne
2392 1870 2630 1909 carnem.
2686 1854 2876 1908 Omnia
2910 1857 3052 1909 enim
3084 1871 3201 1923 qua:
3231 1854 3462 1928 Immian

242 1923 462 2019 Θρωπος
485 1965 498 1977 ·
522 1949 688 2018 αὐτὴν
832 1923 1017 2004 οῦσίαν
1064 1923 1217 2021 ἡμῶν
1245 1923 1477 2005 ἔλαθεν-⁸
1504 1953 1603 2023 τὴν
1626 1954 1800 2025 ἀπαρ-

1902 1953 2068 2011 erant,
2094 1956 2283 2013 praeter
2316 1955 2615 2013 peceatum,
2636 1946 2927 2013 assumpsit
2959 1946 3235 2014 ipsamque
3275 1946 3462 1996 huma-

242 2039 351 2107 χὴν
374 2038 465 2092 τοῦ
496 2043 813 2110 φυράματος
841 2042 997 2109 ἡμῶν
1032 2057 1045 2069 ·
1078 2042 1170 2095 καὶ
1199 2044 1405 2109 γίνεται
1438 2043 1558 2108 νέος
1595 2045 1797 2117 Ἀδὰμ,

242 2130 367 2181 κατ’
409 2130 590 2184 είκόνα
616 2131 711 2183 τοῦ
741 2132 1035 2194 πλάσαντος
1080 2134 1242 2187 αὐτόν
1279 2151 1292 2164 ·
1330 2137 1547 2189 ἀνανεοί
1592 2137 1700 2207 γὰρ
1745 2140 1804 2191 τὸ

238 2221 389 2273 κατά
421 2219 601 2288 φύσιν,
635 2223 727 2275 καὶ
754 2221 898 2284 σώοις
926 2224 1084 2276 πάλιν
1127 2227 1269 2278 ποιεῖ
1293 2226 1389 2291 τὰς
1419 2227 1696 2299 αἰσθήσεις
1728 2229 1803 2293 ὼς

241 2310 309 2374 ἐξ
336 2312 507 2381 ἀρχῆς
538 2311 759 2379 ἐγένετο
777 2330 790 2342 ·
825 2314 1120 2367 ἀνενέὼσεν
1144 2316 1305 2367 αὑτὸν
1327 2318 1560 2371 πεσόντα
1590 2318 1799 2387 ἄνθρω-

244 2419 350 2455 πον
390 2404 675 2473 γενόμενος
717 2404 999 2475 ἄνθρωπος
1026 2421 1039 2433 ο
1085 2407 1175 2458 τὸν
1216 2409 1687 2463 καταδουλωθέντα
1734 2413 1803 2481 τῇ

245 2498 491 2567 ἁμαρτίᾳ
526 2496 883 2567 ἠλευθέρωσε,
931 2498 1022 2570 τὸν
1050 2498 1141 2567 βίᾳ
1172 2498 1264 2550 ὑπ’
1296 2499 1469 2567 αὐτῆς
1498 2501 1804 2569 κρατούμε-

242 2605 359 2643 νον.
390 2589 489 2657 Βία
522 2588 631 2656 γὰρ
653 2589 745 2639 καὶ
772 2588 1045 2657 τυραννίδι
1080 2590 1242 2667 ἡγετο
1277 2592 1382 2644 ὑπὸ
1416 2592 1509 2645 τοῦ
1553 2594 1752 2665 ἐχθροῦ
1774 2600 1803 2650 6

241 2674 529 2744 ἄνθρωπος
558 2690 574 2705 ⁸
602 2676 695 2729 καὶ
723 2676 909 2747 σχεδὸν
952 2679 1045 2731 καὶ
1076 2679 1121 2730 ei
1163 2678 1239 2748 μὴ
1279 2679 1525 2744 θέλοντες
1552 2682 1804 2754 ἁμαρτῆ-

244 2783 360 2831 cat,
386 2765 475 2836 βία
496 2767 832 2837 ἡμάρτανον·
864 2769 939 2832 ὼς
966 2770 1113 2838 λέγει
1141 2772 1169 2823 ὁ
1208 2773 1525 2835 ’Δπόστολος
1560 2777 1618 2827 ἐν
1642 2792 1806 2844 προσ-

241 2856 381 2926 ώπῳ
400 2857 553 2927 ἡμῶν
576 2874 591 2888 ’
624 2862 706 2913 Οὐ
742 2862 851 2929 γὰρ
884 2860 915 2913 ὃ
946 2861 1095 2915 θέλω
1127 2863 1369 2930 ἀγαθόν,
1402 2864 1579 2917 τοῦτο
1614 2865 1760 2919 ποιῶ
1786 2884 1801 2897 ο

240 2946 385 3000 ἀλλ’
415 2946 447 3000 ὃ
471 2950 543 3001 οὐ
574 2948 725 3002 θέλω
761 2949 968 3017 κακὸν,
1001 2951 1177 3006 τοῦτο
1216 2952 1466 3021 πράσσω

316 3122 387 3177 Δ’.
416 3125 707 3197 Γενόμενος
724 3121 817 3180 οῦν
838 3129 865 3181 6
891 3126 1021 3191 Θεὸς
1045 3127 1329 3200 ἄνθρωπος
1347 3131 1415 3186 δι’
1449 3136 1615 3205 ἡμᾶς,
1646 3136 1805 3205 ἠλευ-

1903 2052 2025 2089 nam
2088 2036 2445 2091 substantiam
2501 2046 2556 2089 et
2623 2050 2815 2089 massae
2900 2045 3098 2089 nostra:
3163 2034 3459 2103 primitias:

1903 2142 2184 2197 novusque
2226 2127 2413 2197 iactus
2473 2135 2555 2182 est
2584 2126 2777 2191 Adam,
2830 2126 2905 2179 illi
2928 2126 3119 2179 similis
3162 2142 3318 2194 quem
3354 2127 3463 2193 ipse

1906 2216 2249 2273 formaverat.
2324 2219 2727 2287 Renovavitque
2765 2218 2940 2272 denuo
2980 2216 3150 2286 ipsius
3192 2227 3460 2276 naturam,

1902 2316 1957 2364 et
2003 2311 2291 2378 corruptos
2316 2324 2507 2364 sensus
2555 2310 2622 2367 ad
2683 2309 3041 2378 integritatem
3102 2309 3343 2371 reduxit,
3407 2320 3465 2361 ut

1901 2408 2083 2453 essent
2105 2400 2291 2469 quales
2318 2416 2350 2453 a
2374 2399 2647 2469 principio
2673 2399 2905 2455 fuerant.
2956 2400 3227 2455 Relevavit
3250 2415 3462 2469 qucque

1904 2488 2415 2559 lapsumhominem
2446 2492 2608 2545 homo
2642 2490 2849 2545 factus:
2890 2500 2945 2544 et
2968 2506 3195 2560 peccato
3226 2496 3463 2547 servien-

1905 2590 2013 2636 tem
2060 2590 2113 2637 et
2161 2584 2213 2637 vi
2270 2584 2339 2637 ab
2369 2599 2433 2637 eo
2468 2584 2745 2639 subactum
2803 2586 3135 2639 manumisit.
3204 2585 3459 2640 Violentizt

1904 2676 2049 2728 enim
2085 2684 2139 2728 et
2180 2675 2701 2745 tyrannidepeccati
2740 2675 2841 2730 sub
2877 2675 3008 2744 jugo
3052 2678 3361 2731 trahebatur
3394 2682 3462 2731 ab

1905 2764 2060 2819 h'oste
2084 2764 2267 2818 infelix
2303 2767 2465 2819 homo
2502 2784 2515 2819 :
2564 2767 2871 2836 invitusque
2900 2778 2950 2821 et
2980 2768 3167 2822 nolens
3194 2767 3303 2820 fere
3340 2784 3461 2836 pec-

1906 2870 2029 2908 care
2046 2857 2338 2926 cogebatur
2360 2875 2372 2909 :
2390 2866 2447 2909 ut
2467 2856 2541 2909 ait
2556 2857 2621 2909 de
2636 2873 2691 2911 se
2716 2859 2832 2925 ipso
2854 2858 3143 2927 Apostolus
3158 2860 3257 2913 sub
3276 2869 3458 2912 nostra

1906 2960 2175 3015 persona:
2233 2946 2356 2998 Non
2385 2948 2521 2999 enim
2562 2947 2698 3016 quod
2746 2948 2933 3000 bonum
2969 2950 3101 3010 volo,
3145 2949 3239 3001 hoc
3284 2949 3457 3016 facio:

1907 3039 1997 3093 sed
2017 3042 2153 3106 quod
2186 3038 2306 3091 nolo
2328 3040 2544 3104 malum,
2586 3041 2639 3093 id
2670 3056 2853 3106 operor
2884 3049 2927 3094 ".

1980 3129 2067 3183 ιν.
2116 3126 2313 3191 Factus
2345 3129 2504 3199 igitur
2539 3130 2701 3184 humo
2735 3133 2874 3185 Deus
2898 3142 3112 3202 propter
3140 3148 3256 3193 nos,
3284 3132 3458 3186 homi-

241 3215 450 3287 θέρωσε
486 3217 575 3271 τὸν
604 3217 886 3287 ἄνθρωπον
910 3221 1221 3290 τυραννίδος
1252 3221 1345 3275 τοῦ
1378 3223 1592 3294 ἐχθροῦ.
1618 3227 1802 3279 Πᾶσαν

1909 3238 2031 3276 nem
2070 3237 2098 3274 a
2128 3221 2401 3289 tyrannica
2440 3223 2745 3289 captivitate
2781 3224 2995 3291 eripuit.
3059 3222 3280 3277 Omnem
3317 3226 3459 3278 enim

239 3307 354 3377 γὰρ
399 3309 495 3378 τὴν
537 3307 763 3377 δύναμιν
794 3308 958 3362 αὐτοῦ
1004 3310 1268 3374 καθεῖλεν,
1312 3313 1479 3382 αὐτὴν
1518 3314 1614 3385 τὴν
1642 3317 1793 3384 ἰσχὺν

238 3396 409 3451 αὑτοῦ
441 3397 745 3468 συνέτριψε,
780 3399 874 3452 καὶ
902 3399 1170 3471 ἐρρύσατο
1200 3404 1345 3472 ἡμᾶς
1372 3404 1465 3457 τοῦ
1492 3400 1629 3459 εἶναι
1668 3408 1798 3460 ὑπο-

238 3488 481 3561 χειρίους
509 3489 694 3554 αὐτοῦ,
725 3490 817 3543 τοῦ
846 3486 984 3545 εἶναι
1015 3493 1581 3565 καταδεδουλωμένους
1606 3499 1752 3569 αὐτῷ
1780 3514 1795 3529 ο

236 3584 294 3635 εί
316 3582 475 3651 μήτοι
503 3596 568 3649 γε
586 3583 747 3652 ἡμεῖς
768 3582 920 3636 αὐτοὶ
941 3584 1198 3648 ἑκουσίως
1228 3586 1535 3658 θελήσωμεν
1554 3590 1801 3661 ἁμαρτῆ-

242 3689 356 3728 σαι.
390 3672 598 3726 Ἔδωκε
625 3673 732 3743 γὰρ
764 3674 895 3743 ἡμῖν
917 3674 1193 3741 ἐξουσίαν,
1224 3678 1408 3741 καθὼς
1438 3676 1578 3745 εἶπε,
1612 3668 1801 3733 πατεῖν

241 3764 428 3846 tm
455 3764 628 3833 ὄφεων
648 3766 741 3817 καὶ
769 3768 1042 3838 σκορπίων
1066 3807 1081 3831 ,
1108 3768 1201 3822 καὶ
1235 3772 1413 3827 πᾶσαν
1442 3772 1539 3840 τὴν
1573 3773 1800 3842 δύναμιν

239 3860 339 3913 τοῦ
371 3859 589 3929 ἐχθροῦ,
612 3860 913 3930 καθαρίσας
944 3863 1053 3915 ἀπὸ
1084 3866 1261 3935 πάσης
1293 3867 1566 3937 ἁμαρτίας
1596 3868 1680 3920 διὰ
1708 3869 1799 3921 τοῦ

239 3950 400 4017 ἁγίου
426 3950 817 4019 βαπτίσματος.
858 3953 1045 4006 Πᾶσαν
1085 3956 1192 4025 γὰρ
1215 3959 1488 4027 ἁμαρτίαν
1533 3966 1803 4031 συγχωρεί

237 4044 306 4095 τὸ
330 4040 485 4110 ἅγιον
519 4041 832 4112 βάπτισμα,
867 4046 961 4096 καὶ
998 4044 1290 4114 ἐξαλείφει.
1326 4048 1496 4101 Πάλιν
1520 4050 1577 4102 δὲ
1611 4052 1638 4101 ὁ
1669 4054 1803 4119 ἀγα-

240 4127 336 4191 θὸς
363 4128 493 4191 Θεὸς
514 4126 792 4195 γινώσκων
807 4129 902 4199 τὴν
924 4130 1203 4190 ἀσθένειαν
1227 4132 1404 4202 ἡμῶν,
1427 4136 1520 4185 καὶ
1542 4136 1803 4204 προειδὼς

238 4218 326 4271 ὅτι
370 4216 634 4287 μέλλομεν
679 4218 772 4270 καὶ
821 4217 959 4286 μετὰ
998 4218 1059 4271 τὸ
1114 4218 1267 4287 ἅγιον
1313 4221 1592 4292 βάπτισμα
1642 4224 1802 4277 πάλιν

242 4306 555 4378 άμαρτῆσαι
586 4304 680 4377 (ὡς
707 4306 1010 4377 γέγραπται
1037 4326 1051 4340 ·
1086 4309 1215 4363 Ὅτι
1252 4310 1492 4380 Syrum;
1523 4314 1560 4379 ἠ
1591 4314 1803 4379 καρδία

238 4395 351 4450 τοῦ
378 4394 687 4463 ἀνθρώπου
724 4396 1018 4466 ἐπιμελῶς
1040 4399 1140 4453 ἐπὶ
1164 4401 1234 4455 τὰ
1256 4404 1486 4471 πονηρὰ
1508 4405 1576 4457 ἐκ
1602 4407 1804 4473 νεότη-

241 4502 346 4553 τος
378 4486 606 4556 αὑτοῦ),
646 4487 847 4542 ἔδωκεν
874 4490 1007 4559 ἡμῖν
1031 4491 1178 4545 κατὰ
1218 4494 1314 4562 τὴν
1347 4495 1659 4567 ἀγαθότητα
1707 4500 1804 4553 αὺ-

1905 3308 2153 3362 hostilem
2182 3308 2487 3369 potentiam
2530 3310 2801 3373 contrivit,
2876 3312 3130 3365 virtutem
3177 3314 3455 3383 confregit,

1901 3408 1954 3452 et
1984 3399 2051 3453 ab
2082 3413 2149 3457 ea
2171 3412 2269 3452 nos
2298 3397 2517 3451 omnino
2547 3398 2823 3463 liberavit;
2856 3414 2923 3453 ne
2939 3402 3225 3469 mancipia,
3258 3418 3323 3457 ne
3348 3421 3459 3457 ser—

1900 3490 1951 3543 vi
2002 3490 2145 3543 illius
2170 3504 2413 3543 essemus
2444 3528 2458 3551 ,
2514 3489 2615 3542 nisi
2660 3499 2845 3558 sponte
2901 3504 3081 3544 nostra
3114 3509 3331 3559 peccare
3362 3512 3459 3548 nos

1902 3580 2001 3648 ipsi
2050 3581 2332 3650 eligamus.
2402 3577 2555 3635 Dedit
2618 3580 2760 3634 enim
2830 3592 3179 3650 potestatem,
3237 3597 3293 3639 ut
3348 3588 3461 3655 ipse

1902 3673 2037 3726 dixit
2072 3684 2115 3737 ιι,
2174 3689 2280 3741 qua
2346 3682 2618 3741 serpentes
2662 3681 2716 3726 et
2778 3676 3090 3743 scorpiones
3144 3692 3461 3747 omnemque

1903 3765 2238 3833 tyrannieam
2285 3765 2575 3831 potentiam
2616 3780 2897 3833 possemus
2940 3768 3287 3836 pessundare,
3342 3786 3463 3837 pur-

1902 3864 2053 3921 gatos
2113 3869 2211 3907 nos
2255 3854 2482 3905 reddens
2533 3868 2627 3920 per
2659 3853 2923 3921 baptisma
2977 3871 3006 3907 a
3069 3857 3259 3923 quavis
3322 3858 3457 3913 labe.

1902 3944 2127 3996 Omnem
2168 3943 2310 3995 enim
2342 3942 2604 3995 maculam
2636 3942 2931 4010 iniquitatis
2972 3956 3166 4013 purgat
3195 3956 3248 4000 et
3294 3948 3466 4009 abluit.

1903 4042 2149 4088 sanctum
2182 4033 2466 4102 baptisma.
2525 4031 2757 4086 Rursum
2807 4033 2968 4103 igitur
2998 4032 3140 4089 Deus
3178 4036 3459 4105 inﬁrmita-

1904 4133 2007 4178 tem
2056 4133 2295 4178 nostram
2334 4139 2748 4195 recognoscens,
2778 4133 2830 4178 et
2860 4125 2911 4179 id
2934 4136 3079 4179 certo
3110 4127 3305 4193 sciens,
3363 4146 3463 4185 nos

1902 4215 2106 4270 scilicet
2154 4218 2314 4271 etiam
2358 4226 2481 4286 post
2537 4232 2753 4273 sacrum
2801 4215 3062 4285 baptisma
3112 4219 3457 4289 collapsuros,

1903 4318 1960 4362 ut
1992 4309 2251 4380 scriptum
2270 4292 2361 4365 est
2394 4328 2406 4362 :
2437 4309 2702 4376 Quoniam
2721 4326 2940 4378 pronum
2966 4312 3378 4368 estcorhominis
3408 4319 3459 4368 in

1904 4402 2104 4455 malum
2132 4404 2194 4456 ab
2226 4404 2574 4457 adolescentia
2623 4420 2723 4458 sua
2758 4412 2814 4456 τε
2870 4402 3018 4457 dedit
3058 4407 3214 4461 nobis
3263 4424 3325 4461 ex
3362 4422 3459 4465 sua

1905 4494 2147 4549 bonitate
2175 4504 2520 4549 sacrosancta
2564 4503 2849 4564 praecepta.
2894 4510 3016 4564 qua:
3060 4507 3311 4565 purgatos
3361 4514 3460 4553 nos

240 4577 340 4630 τοῦ
376 4577 591 4641 ἐντολὰς
625 4580 781 4647 άγίας
800 4580 1165 4650 καθαιρούσας
1196 4586 1339 4653 ἡμᾶς
1368 4601 1382 4614 ⁸
1413 4588 1497 4639 ἵνα
1530 4590 1623 4644 ἐὰν
1652 4591 1802 4662 θελήὲ

1907 4588 2223 4641 redderent:
2291 4596 2347 4640 ut
2381 4586 2593 4648 denuo,
2634 4584 2681 4637 si
2724 4584 3007 4653 vellemus,
3044 4604 3137 4658 per
3168 4589 3459 4641 observan-

244 4687 450 4741 σωμεν,
466 4735 475 4755 ι
492 4670 803 4743 δυνηθῶμεν
829 4672 991 4726 πάλιν
1021 4673 1360 4745 καθαρθῆναι
1398 4677 1485 4731 διὰ
1508 4680 1607 4751 τῆς
1630 4684 1802 4750 φυλα-

243 4764 351 4833 κῆς
374 4762 751 4817 «seu..on
786 4764 846 4816 οὐ
871 4764 1030 4834 μόνον
1053 4765 1160 4821 ἀπὸ
1188 4766 1293 4819 τῶν
1316 4769 1597 4838 ἁμαρτιῶν
1624 4775 1802 4844 ἡμῶν,

244 4854 384 4912 ἀλλὰ
416 4856 512 4908 καὶ
533 4854 593 4921 ἐξ
622 4854 798 4909 αὐτῶν
837 4855 1041 4911 παθῶν.
1063 4858 1231 4911 "sua
1260 4859 1367 4931 γάρ
1396 4863 1504 4914 εἱσι
1533 4864 1603 4916 τὰ
1634 4866 1801 4941 πάθη,

245 4945 345 5003 καὶ
372 4946 524 4999 ἄλλαι
568 4946 703 4999 είσὶν
738 4946 795 4999 αἱ
826 4946 1091 5027 άμαρτίαι
1122 4964 1134 4977 ·
1168 4950 1237 5005 τὰ
1262 4949 1410 5019 πάθη
1430 4952 1558 5017 εἰσὶ,
1591 4954 1765 5027 θυμὸς
1784 4998 1798 5022 ,

245 5038 540 5106 κενοδοξία,
566 5021 877 5129 ιεριληδονίαξἱ
894 5044 1064 5110 μῖσος,
1096 5041 1359 5129 ἐπιθυμία
1378 5044 1548 5114 κακὴ,
1580 5021 1687 5098 καὶἰ
1704 5036 1806 5101 ὅσα

245 5129 471 5184 τοιαῦτα
492 5146 526 5203 λ
564 5132 621 5187 αί
657 5131 713 5184 δὲ
757 5124 1021 5202 ἁμαρτίαι
1058 5133 1216 5198 εἰσὶν,
1252 5124 1410 5189 αὗται
1444 5137 1500 5187 al.
1534 5138 1804 5208 ἐνέργειαι

244 5222 359 5282 τῶν
380 5221 585 5287 παθῶν,
609 5223 697 5277 ὅτε
712 5242 795 5288 τις
821 5226 1058 5299 ἐνεργῶς
1082 5232 1224 5280 ποιεί
1248 5229 1387 5283 αὑτά
1418 5247 1430 5260 ’
1455 5231 1543 5287 ὅτε
1574 5232 1804 5301 πράττει

245 5314 341 5368 διὰ
380 5315 473 5369 τοῦ
524 5314 773 5385 σώματος
803 5319 983 5371 ἐκεῖνα
1014 5318 1082 5372 τά
1127 5319 1263 5389 ἔργα
1303 5321 1340 5375 ἃ
1376 5322 1805 5393 ὑπαγορεύουσιν

246 5406 401 5477 αὐτῷ
422 5408 491 5463 τά
526 5408 693 5478 πάθη.
748 5409 961 5478 Ἀμέλει
985 5409 1266 5481 ἐνδέχεται
1292 5413 1412 5466 τινὰ
1438 5413 1580 5483 ἔχειν
1605 5418 1703 5485 μὲν
1725 5420 1802 5472 -τά

247 5497 423 5569 πάθη,
457 5502 532 5573 μὴ
561 5502 799 5573 ἐνεργεῖν
823 5500 879 5555 δὲ
902 5501 1062 5555 αὐτά.

1904 4677 2031 4731 tiam
2064 4673 2445 4728 mandatorum
2488 4671 2701 4742 purgari
2735 4686 3051 4741 possemus;
3097 4691 3193 4729 nec
3224 4675 3396 4729 solum
3428 4694 3457 4730 a

1900 4764 2157 4834 peccatis.
2207 4765 2302 4819 sed
2364 4765 2524 4819 etiam
2573 4763 2641 4819 ab
2683 4763 2882 4822 innatis
2934 4767 3229 4821 affectibus.
3300 4768 3497 4822 Aliud-

1859 4905 1862 4908 .
1899 4855 2045 4910 enim
2075 4865 2376 4923 peccatum,
2405 4853 2549 4909 aliud
2573 4855 2799 4917 affectus
2830 4870 2932 4914 est.
2967 4852 3199 4943 Affectus
3226 4859 3275 4912 hi
3300 4874 3456 4915 sunt:

1866 4946 1869 4947 ⁷
1904 4946 2011 5011 ira,
2052 4948 2325 5016 superbia,
2375 4946 2611 5013 luxuria,
2650 4949 2854 5013 odium,
2890 4950 3151 5020 cupiditas
3194 4965 3355 5018 prava
3408 4964 3462 5007 et

1906 5055 2242 5109 quaecunque
2304 5039 2633 5095 istiusmodi.
2678 5040 2936 5105 'Peccata
2992 5057 3116 5095 vero
3147 5052 3273 5097 sunt
3301 5060 3460 5115 opera

1906 5131 2024 5201 ipsa
2076 5128 2454 5184 aﬂectionum:
2512 5132 2727 5201 quando
2775 5134 2897 5207 quis
2955 5131 3123 5201 3³16¹
3158 5134 3267 5203 agit
3298 5143 3351 5188 et
3395 5138 3459 5189 ad

1906 5233 2087 5281 actum
2120 5219 2364 5289 corporis
2405 5223 2569 5275 trahit
2596 5239 2658 5277 ea
2690 5240 2849 5295 opera
2893 5238 3013 5291 qua:
3052 5225 3155 5279 sibi
3202 5224 3397 5280 iuerint
3429 5243 3457 5279 a

1906 5313 2252 5386 passionibus
2288 5314 2425 5384 ipsis
2471 5326 2741 5387 suggesta.
2821 5316 2973 5379 Πευά
3011 5318 3249 5387 profecto
3292 5320 3460 5387 possi-

1908 5411 2015 5465 bile
2040 5416 2123 5477 εει
2139 5408 2286 5461 omni
2316 5421 2502 5461 carere
2553 5411 2839 5477 passione:
2892 5424 2999 5463 non
3033 5413 3243 5481 operari
3280 5420 3456 5471 autem

1910 5504 2048 5568 illas,
2075 5501 2177 5556 hoc
2198 5501 2383 5570 utique
2411 5515 2515 5553 non
2548 5499 2878 5567 impossibile
2908 5511 3011 5557 est.

321 5684 363 5715 ιι
396 5671 540 5729 Psal.
580 5693 762 5745 una,
791 5680 844 5745 2,
876 5682 927 5734 5.
1004 5689 1032 5717 ιι
1063 5681 1202 5739 Psal.
1226 5699 1409 5749 cum,
1442 5686 1495 5741 5.
1568 5696 1587 5716 °
1613 5684 1770 5739 Rom.

1950 5683 2035 5738 i9.
2112 5694 2141 5734 ιι
2175 5684 2303 5738 Luc.
2332 5699 2385 5747 χ,
2428 5680 2511 5735 19.
2587 5690 2615 5731 ει
2642 5680 2777 5737 Gen.
2810 5697 2927 5746 vm,
2967 5678 3055 5732 2i.

329 5861 350 5894 ³
382 5861 423 5915 Γ
430 5859 702 5933 ρηγόριος.
778 5862 798 5893 ³
823 5863 1017 5916 ἰᾶσθαι.
