4042 6334
213 453 353 520 1625

1610 456 1991 519 DOCTRINA
2029 459 2081 522 Ι.

3293 467 3427 534 1626

206 571 307 640 τὴν
339 570 587 641 ὑπακοὴν
613 573 708 624 καὶ
739 570 836 641 τὴν
861 571 1134 641 σωτηρίαν
1159 569 1267 623 τῶν
1294 563 1500 642 ψιῖχῶν.
1531 571 1764 643 Ἐκείνηι

1877 573 1991 627 bitu
2037 583 2119 628 est
2152 591 2166 626 :
2217 573 2312 627 sed
2353 576 2686 643 propositum
2725 578 2944 631 omnino
2975 578 3176 633 humile
3214 581 3268 635 in
3308 582 3428 652 ipso

205 662 261 714 δὲ
292 662 458 730 λέγω.
494 663 582 732 τὴν
600 663 771 726 ὅντως
790 665 1309 735 ταπεινοφροσύνην,
1340 665 1401 717 οὑ
1425 665 1530 736 τὴν
1549 667 1606 717 ἐν
1630 666 1772 737 λόγῳ

208 751 361 818 μόνῳ
395 751 426 820 ἢ
466 752 707 822 σχήματι
740 754 1073 807 ταπείνωσιν
1103 770 1118 785 ·
1147 753 1285 807 ἀλλά
1316 753 1555 808 διάθεσιν
1589 754 1771 821 ἱδικῶς

203 843 464 914 ταπεινὴν
491 845 792 916 γενομένην
822 848 881 898 ὲν
902 846 1040 916 αὑτῇ
1073 848 1139 917 τῇ
1170 846 1386 917 καρδίᾳ.

274 976 351 1031 Ζ’.
394 978 454 1031 '0
484 979 653 1032 θέλων
676 976 770 1035 οὖν
798 981 978 1051 εὑρεῖν
1007 981 1267 1052 ἀληθινὴν
1297 981 1646 1047 ταπείνωσιν,
1675 983 1772 1036 καὶ

202 1071 512 1125 ἀνάπαυσιν
540 1075 608 1144 τῇ
638 1073 784 1144 ψυχῇ
815 1073 1002 1138 αὑτοῦ,
1041 1073 1260 1144 μαθέτω
1287 1074 1387 1146 τὴν
1413 1090 1769 1145 ταπεινοφρο-

205 1164 393 1235 σύνην,
418 1167 511 1218 καὶ
538 1166 726 1236 βλέποι
757 1168 839 1220 ὅτι
861 1168 918 1219 ἐν
945 1168 1081 1238 αὐτῇ
1109 1169 1226 1220 ἑστι
1255 1169 1404 1222 πᾶσα
1434 1170 1468 1240 ἡ
1498 1167 1642 1238 χαρά
1669 1154 1762 1222 καὶ

204 1260 358 1312 πάσα
386 1261 420 1330 η
448 1260 596 1326 δόξα,
629 1261 723 1313 καὶ
751 1262 900 1320 πᾶσα
925 1261 959 1330 ὴ
991 1261 1298 1323 ἀνάπαυσις
1315 1266 1331 1291 "
1365 1259 1554 1330 ὥσπερ
1587 1261 1683 1313 καὶ
1710 1262 1769 1313 ὲν

202 1353 269 1420 τῇ
293 1351 644 1422 ὑπερηφανίᾳ
683 1353 862 1406 πάντα
893 1351 964 1406 τά
996 1353 1232 1407 ἐναντία.
1266 1353 1434 1406 Πόθεν
1463 1354 1572 1422 γὰρ
1613 1352 1769 1423 ἦλθο-

205 1457 308 1510 μεν
346 1443 428 1506 είς
461 1443 588 1507 ὅλας
615 1443 714 1506 τάς
749 1434 956 1513 θλίψεις
979 1444 1214 1512 ταύτας;
1251 1444 1325 1498 Οὑ
1357 1444 1446 1498 διὰ
1475 1445 1572 1514 τὴν
1602 1445 1768 1514 ὑπερο

203 1533 440 1602 ηφανίαν
462 1534 618 1604 ἡμῶν
650 1550 666 1595 ς
695 1535 756 1587 οὑ
786 1534 876 1589 διὰ
901 1535 1000 1607 τὴν
1018 1529 1277 1590 ’ἀπόνοιαν
1295 1536 1486 1607 ήμῶνς
1507 1535 1568 1588 οὑ
1593 1535 1682 1590 διὰ
1707 1535 1768 1588 τδ

203 1623 492 1694 ἀνέχεσθαι
513 1627 662 1694 ἡμᾶς
683 1627 779 1680 καὶ
798 1626 974 1696 κακῆς
997 1627 1362 1698 προαιρέσεως
1377 1627 1534 1697 ἡμῶν
1552 1645 1568 1692 ;
1589 1628 1652 1680 οὑ
1679 1628 1767 1681 διὰ

201 1717 260 1768 τὸ
289 1717 559 1787 κρατῆσαι
580 1716 676 1789 τὴν
703 1718 927 1788 πικρίαν
944 1718 1038 1771 τοῦ
1066 1719 1367 1789 θελήματος
1393 1718 1570 1790 ἠμῶνς
1605 1719 1766 1772 Ἀλλά

204 1806 405 1872 πόθενς
455 1809 566 1861 Οὑκ
591 1809 814 1880 ἐκτίσθη
842 1811 870 1862 ὁ
907 1810 1190 1881 ἄνθρωπος
1225 1814 1284 1864 ὲν
1311 1813 1462 1886 πάσῃ
1483 1815 1684 1883 τρυφῇς
1709 1813 1766 1864 ἐν

201 1899 354 1971 πάσῃ
399 1901 580 1969 χαρᾷ,
632 1899 691 1952 ὲν
727 1901 875 1971 πάσῃ
917 1901 1259 1964 ἀναπαύσει,
1302 1903 1360 1954 ὲν
1411 1903 1557 1973 πάσῃ
1599 1902 1763 1974 δόξῃ;

200 1991 314 2044 Οὑκ
339 1986 409 2061 ἦν
436 1993 493 2043 ὲν
521 1989 599 2061 τῷ
641 1993 951 2064 παραδείσῳ
975 2009 991 2058 ;
1039 1993 1323 2048 Ἐκὲλευσε
1347 2009 1363 2023 ⁸
1411 1993 1503 2063 Μὴ
1532 1993 1762 2064 ποιήσῃς
1798 1975 1840 2031 Β

197 2081 317 2134 τόδε
344 2098 360 2114 ·
392 2082 488 2135 καὶ
526 2081 769 2154 ἰποίησε.
813 2083 1040 2148 Βλέπεις
1067 2084 1503 2156 ὑπερηφάνειαν,
1545 2083 1762 2154 βλέπεις

195 2171 503 2243 τράχηλονς
561 2173 779 2242 βλέπεις
833 2175 1230 2241 ἀνυποταξίανς
1301 2175 1499 2232 Λοιπὸν
1548 2176 1578 2228 ὁ
1625 2174 1760 2237 Θεὸς

198 2263 330 2317 ίδὼν
369 2263 467 2334 τὴν
507 2263 768 2319 άνείδειαν
798 2266 820 2298 ⁸
861 2265 1077 2336 ἐκείνην
1101 2308 1117 2332 ,
1159 2267 1345 2335 λέγει’
1378 2261 1546 2329 Οὗτος
1581 2266 1762 2335 μωρὸς
1807 2331 1815 2339 _

197 2355 372 2417 ἐστιν,
406 2347 562 2418 οὗτος
590 2355 691 2410 οὑκ
714 2351 822 2409 οἶδε
857 2357 1111 2428 χαρῆναι.
1154 2357 1281 2410 Ἐἀν
1316 2357 1392 2428 μὴ
1418 2358 1620 2426 ποιήσῃ
1656 2371 1759 2408 κα-

197 2447 300 2508 κὰς
317 2448 530 2519 ἡμέρας
557 2441 732 2515 οὗτος,
759 2449 989 2516 ὑπάγει,
1031 2448 1252 2510 τελείως
1276 2446 1591 2507 ἀπόλλυται.
1634 2447 1760 2500 Ἐὰν

193 2527 302 2610 γάρ
352 2543 428 2613 μὴ
465 2541 609 2612 μάθῃ
642 2542 696 2594 τί
733 2542 850 2594 ἐστι
889 2541 1091 2610 θλίψις,
1121 2541 1183 2592 οὑ
1225 2539 1482 2610 μανθάνει
1523 2539 1577 2591 τί
1610 2540 1760 2591 ἐστιν

192 2629 524 2694 ἀνάπαυσις.
563 2632 696 2686 Τότε
741 2631 939 2685 ἔδωκεν
985 2630 1225 2707 αὑτῷτά
1264 2630 1390 2695 ἀξια
1419 2629 1615 2694 αὑτοῦ,
1656 2629 1756 2683 καὶ

192 2721 448 2787 ἐξέϐαλεν
483 2722 647 2775 αὑτὸν
669 2720 763 2775 τοῦ
787 2721 1136 2790 παραδείσου.
1174 2723 1449 2794 Παρεδὸθη
1478 2722 1663 2775 λοιπὸν
1690 2723 1757 2792 τῇ

195 2815 308 2886 ίδὶᾳ
331 2813 590 2885 φιλαυτία
615 2813 710 2868 καὶ
733 2816 846 2877 τοῖς
866 2815 1016 2877 ἰδίοις
1041 2813 1167 2885 θελή
1178 2831 1360 2884 μασιν,
1386 2814 1472 2866 ῐνα
1495 2812 1761 2886 συντρίψει

189 2908 260 2959 τὰ
289 2905 427 2958 ὀστᾶ
451 2904 635 2968 αὑτοῦ,
657 2904 744 2958 ἶνα
769 2905 915 2976 μάθῃ
939 2903 1014 2976 μὴ
1043 2906 1274 2973 στοιχεῖν
1309 2903 1506 2974 ἐαυτῷ,
1534 2904 1670 2956 ἀλλά
1690 2905 1758 2972 τῇ

191 2997 383 3069 ἐντολῇ
410 2997 502 3050 τοῦ
531 2996 688 3063 Θεοῦ,
717 2998 804 3051 ἵνα
846 2996 985 3068 αὑτη
1025 2999 1058 3068 ἡ
1090 2996 1437 3065 ταλαιπωρία
1474 2996 1572 3066 τῆς
1618 3013 1761 3067 παρ-

191 3088 368 3159 ακοῆς
399 3087 583 3162 διδάξῃ
622 3088 786 3142 αὑτὸν
811 3087 909 3160 τὴν
935 3087 1238 3141 ἀνάπαυσιν
1256 3088 1355 3157 τῆς
1392 3086 1654 3157 ὑπακοῆς,
1686 3086 1762 3147 ὡς

189 3183 342 3250 λέγει
363 3183 421 3234 ὲν
440 3181 517 3252 τῷ
549 3181 803 3252 προφήτῃ
837 3196 853 3211 ο
894 3180 1208 3233 Παιδεύσει
1237 3196 1310 3232 σε
1341 3181 1380 3247 ἠ
1418 3179 1761 3232 ἀποστασία

189 3287 333 3328 σου.
367 3269 557 3338 Ὅμως
588 3271 622 3339 ἡ
656 3267 924 3337 ἀγαθότη..
955 3265 1049 3319 τοῦ
1078 3265 1215 3318 Θεοῦ
1241 3306 1256 3330 ,
1287 3263 1470 3326 καθὼς
1496 3263 1759 3325 πολλάκις

1871 665 2054 730 corde,
2077 665 2129 718 in
2154 665 2269 734 ipsa
2301 673 2482 721 mente
2498 675 2545 719 τ.
2577 665 2668 722 Sic
2687 669 2831 722 enim
2861 670 2968 735 ait,
3000 671 3124 741 quia
3152 672 3292 725 mitia
3312 689 3427 726 sum

1868 767 1918 810 et
1949 757 2164 810 humilis
2188 758 2361 812 corde.

1943 975 2054 1030 Vll.
2087 975 2190 1042 Qui
2218 985 2367 1046 optat
2389 977 2557 1047 igitur
2589 993 2774 1034 veram
2809 981 3054 1050 requiem
3087 983 3280 1037 animm
3323 1000 3425 1054 pa-

1868 1082 2011 1133 rare,
2041 1068 2217 1122 discat
2241 1069 2624 1134 humilitatem,
2664 1080 2720 1124 et
2750 1072 2992 1125 advertat
3022 1075 3074 1127 iu
3103 1089 3167 1127 ea
3199 1075 3424 1143 positam

1867 1175 1988 1214 esse
2019 1175 2235 1214 omnem
2260 1161 2519 1226 laetitiam,
2560 1170 2615 1216 et
2639 1179 2852 1217 omnem
2877 1164 3124 1233 gloriam,
3163 1175 3218 1220 et
3265 1166 3425 1237 377

1867 1268 2084 1308 omnem
2106 1255 2349 1323 requiem
2397 1271 2411 1306 :
2439 1264 2497 1309 ut
2515 1257 2696 1309 omnia
2727 1256 2993 1310 contraria
3017 1257 3071 1310 in
3094 1261 3210 1327 ipsa
3237 1275 3424 1329 snper-

1867 1345 1974 1399 bia.
2023 1343 2175 1400 Unde
2207 1345 2352 1399 enim
2379 1349 2722 1414 pervenimus
2765 1348 2818 1401 in
2876 1348 3244 1418 hujuscemodi
3286 1350 3425 1404 afﬂic-

1865 1437 2113 1493 ctiones?
2192 1439 2334 1494 unde
2399 1439 2690 1496 incidinuts
2739 1441 2794 1494 in
2826 1441 3096 1495 miseriam
3173 1443 3426 1498 tantam?

1864 1525 2115 1598 Nunquid
2137 1544 2242 1582 non
2273 1544 2368 1598 per
2392 1529 2698 1598 superbiam
2729 1530 3004 1586 nostram!
3045 1532 3285 1600 nunquid
3317 1549 3424 1588 non

1867 1633 1959 1687 per
1992 1621 2298 1674 vecordiam
2335 1621 2620 1675 nostram?
2672 1623 2917 1691 nunquid
2957 1639 3065 1677 non
3120 1639 3216 1693 per
3257 1633 3425 1692 appe-

1867 1710 2022 1764 titum
2063 1719 2332 1775 nostrum,
2409 1727 2570 1782 quem
2627 1711 2810 1781 inique
2858 1714 2912 1768 in
2966 1715 3120 1768 nobis
3159 1714 3426 1769 dominari

1865 1801 2224 1870 pertulimus?
2271 1803 2660 1871 nunquid'non
2716 1804 2846 1873 quia
2897 1805 3191 1859 voluntatis
3229 1814 3427 1860 nostra:

1865 1893 2170 1948 amaritudo
2216 1893 2272 1946 in
2312 1894 2468 1948 nobis
2516 1895 2805 1965 regnavit?
2864 1895 2982 1950 Non
3039 1897 3166 1953 hinc
3215 1905 3424 1952 tantum

1862 2001 2026 2056 quam
2057 1994 2113 2040 et
2126 1984 2362 2041 aliunde.
2393 1985 2586 2040 Annon
2609 1987 2860 2041 conditus
2887 1995 2971 2041 est
3000 1987 3161 2042 homo
3188 1988 3240 2040 in
3278 1987 3426 2041 omni

1860 2080 2132 2149 Voluptate
2155 2119 2172 2144 ,
2205 2078 2260 2131 in
2291 2078 2440 2132 omni
2477 2075 2723 2147 .gaudio,
2774 2077 2828 2130 in
2854 2077 3000 2136 omni
3042 2079 3429 2148 tranquillitate

1860 2181 1915 2226 ct
1945 2169 2162 2231 inomni
2192 2169 2397 2240 gloria?
2453 2166 2706 2238 Nunquid
2750 2183 2857 2222 non
2902 2168 2956 2222 iu
2986 2170 3236 2237 paradiso
3289 2170 3430 2226 erat?

1857 2261 2028 2317 Iussit
2048 2263 2124 2317 illi
2151 2263 2312 2327 Deus,
2337 2263 2442 2318 hoc
2464 2278 2530 2317 ne
2555 2262 2765 2318 facias:
2814 2273 2868 2320 et
2922 2262 3064 2320 fecit.
3108 2262 3279 2321 .Vides
3329 2280 3429 2320 su-

1858 2353 2120 2422 perbiam,
2154 2353 2304 2408 vides
2335 2353 2622 2417 cervicem,
2653 2355 2806 2410 vides
2833 2356 3262 2411 contumaciam?
3289 2355 3431 2411 Deus

1859 2445 2022 2514 igitur
2051 2446 2436 2513 impudentiam
2463 2451 2668 2500 tantam
2709 2447 2899 2502 videns
2937 2449 3040 2503 ait:
3111 2447 3211 2503 Hic
3241 2463 3430 2505 amens

1860 2537 2035 2593 factus
2071 2547 2172 2601 est,
2221 2551 2398 2608 neque
2442 2538 2694 2609 gaudium
2715 2538 2845 2608 quid
2869 2540 2940 2593 sit
2962 2542 3145 2596 norit:
3183 2541 3429 2612 experia-

1860 2638 1948 2682 tur
1975 2628 2090 2682 dies
2121 2628 2317 2694 malos,
2357 2627 2533 2693 abeat,
2577 2639 2783 2698 pereat.
2836 2628 2950 2683 NiSt
2997 2633 3143 2686 enim
3177 2633 3430 2688 didicerit

1858 2719 1986 2788 quid
2004 2719 2074 2772 sit
2092 2720 2361 2787 angustia,
2393 2734 2499 2772 non
2515 2729 2807 2790 cognoscet
2826 2721 2956 2790 quid
2981 2721 3052 2777 sit
3070 2723 3244 2793 quies.
3274 2723 3431 2778 Tunc

1858 2810 2017 2880 digna
2049 2809 2254 2865 meritis
2298 2810 2376 2864 illi
2407 2811 2721 2876 contribuit,
2773 2813 3040 2883 ejecitque
3095 2813 3362 2868 infelicem
3393 2829 3443 2871 θ.

1860 2901 2134 2972 paradiso.
2193 2901 2447 2957 Traditus
2475 2913 2559 2958 est
2589 2920 2716 2973 ergo
2740 2905 2957 2975 proprio
2981 2905 3062 2960 sui
3102 2906 3292 2970 amori,
3319 2918 3428 2960 tra—

1859 2993 2006 3048 ditus
2033 2996 2262 3063 propria:
2289 2995 2579 3059 voluntati,
2617 3005 2678 3049 ut
2711 2996 2989 3051 laboribus
3027 3012 3225 3067 corpus
3265 3012 3428 3052 suum

1860 3104 2132 3160 attereret,
2194 3095 2533 3164 disceretque
2589 3112 2696 3149 non
2751 3097 3023 3152 confidere
3049 3099 3150 3154 sibi
3179 3098 3302 3168 ipsi,
3333 3099 3428 3154 sed

1860 3184 2125 3238 mandatis
2150 3183 2262 3250 Dei,
2292 3193 2351 3237 ut
2390 3186 2604 3238 miseria
2655 3186 2770 3254 ipsa
2799 3187 3179 3244 inobedientiae
3213 3190 3432 3245 doceret

1859 3289 1982 3327 eum
2013 3274 2250 3342 quietem
2298 3274 2647 3340 obedientiaz;
2680 3284 2738 3328 ut
2767 3277 2843 3330 ait
2893 3278 3034 3347 apud
3077 3280 3425 3348 prophetam:

189 3361 368 3426 εἶπον,
398 3361 458 3413 οὑ
489 3359 711 3431 παρεῖδε
735 3359 797 3411 τὸ
825 3358 956 3410 ἴδιον
985 3355 1230 3426 πλάσμα,
1267 3355 1405 3408 ἀλλά
1439 3353 1602 3409 πάλιν
1631 3371 1759 3423 προ-

1861 3364 2072 3420 Docebit
2108 3374 2158 3419 te
2199 3364 2415 3420 rebellio
2450 3375 2544 3420 tua
2573 3381 2621 3421 τ.
2666 3367 2780 3422 Νοιι
2808 3342 2987 3423 tamen
3035 3342 3209 3439 potuit
3246 3371 3427 3425 divina

187 3453 454 3526 τρέπεται
484 3467 498 3482 ·
548 3452 710 3505 πάλιν
739 3449 1084 3522 παρακαλεῖ·
1125 3449 1302 3503 Δεῦτε
1327 3450 1477 3517 πρός
1501 3465 1578 3517 με
1610 3447 1761 3500 πᾶν·

187 3562 290 3611 τες
323 3547 378 3598 οι
405 3543 731 3610 κοπιῶντες
763 3535 860 3596 καί
900 3543 1358 3612 πεφορτισμένοι
1378 3583 1392 3604 ,
1422 3540 1583 3612 κάγὼ
1615 3541 1760 3596 ἀνα-

186 3639 408 3693 παύσω
445 3636 602 3707 ὑμᾶς
646 3652 661 3666 ⁶
697 3631 809 3691 οἷον
851 3639 1057 3690 εἰπεῖν·
1103 3637 1234 3691 Ἰδοὺ
1268 3628 1615 3699 ὲκοπιάσατε,
1649 3635 1760 3689 ἰδοὺ

185 3732 712 3801 ἀταλαιπωρήσατε,
757 3730 865 3784 ίδοὺ
892 3729 1251 3801 ὲπειράσθητε
1293 3728 1388 3782 τοῦ
1418 3727 1586 3782 κακοῦ
1622 3771 1636 3794 ,
1667 3729 1761 3782 καὶ

185 3822 562 3888 ἀνυποταξίας
599 3821 753 3892 ὑμῶν
795 3836 810 3851 °
853 3821 1041 3887 δεῦτε,
1085 3821 1269 3874 λοιπὸν
1296 3862 1313 3888 ,
1365 3821 1757 3891 ἐπιστρέψατε,

184 3914 368 3975 δεῦτε.
397 3912 663 3982 ὲπίγνωτε
688 3911 788 3983 τὴν
813 3913 1113 3982 ἀδυναμίαν
1141 3913 1314 3983 ὑμῶν,
1344 3913 1431 3966 ἶνα
1460 3913 1649 3980 ἔλθητε
1679 3914 1760 3975 είς

183 4008 291 4075 τὴν
337 4004 646 4058 ἀνάπαυσιν
675 4005 770 4057 καὶ
813 4005 911 4074 τὴν
941 4004 1097 4068 δόξαν
1136 4004 1311 4072 ὑμῶν.
1345 4003 1529 4063 Δεῦτε,
1560 4002 1760 4074 ζήσατε

185 4099 278 4154 διὰ
301 4097 408 4167 τῆς
445 4096 964 4168 ταπεινοφροσύνης,
1002 4097 1117 4150 ἀνθ’
1148 4089 1223 4148 ὧν
1259 4095 1633 4164 ἐθανατώθητε
1672 4093 1762 4146 διὰ

186 4187 290 4257 τῆς
313 4183 768 4255 ὑψηλοφροσύνης
789 4201 804 4214 ³
835 4182 1062 4238 Μὰθετε
1093 4183 1194 4236 ἀπ’
1221 4182 1364 4251 ἐμοῦ
1384 4223 1397 4245 ,
1436 4181 1527 4234 ὅτι
1571 4181 1761 4250 πρᾶός

185 4284 309 4351 εἰμι
339 4276 442 4331 καί
476 4277 756 4342 ταπεινὸς
791 4273 864 4344 τῇ
894 4275 1127 4343 καρδίᾳ,
1166 4275 1264 4328 καί
1296 4271 1584 4342 εὑρήσετε
1618 4269 1762 4326 ἀνάρ-

183 4385 426 4448 παυσιν
459 4368 588 4436 ταῖς
610 4366 837 4438 ψυχαῖς
871 4361 1062 4438 ὑμῶν.

1859 3455 2163 3522 clementia,
2217 3464 2279 3510 ut
2329 3457 2525 3528 saepius
2576 3471 2607 3509 a
2661 3472 2745 3511 me
2791 3457 2996 3512 dictum
3054 3467 3158 3526 est,
3219 3458 3429 3529 plasma

1859 3564 2017 3604 suum
2068 3563 2324 3618 spernere
2363 3565 2378 3601 :
2418 3547 2514 3604 sed
2553 3563 2768 3602 rursum
2796 3549 3154 3614 convertitur,
3207 3564 3428 3605 rursum

1860 3641 2126 3706 hortatur,
2192 3628 2400 3695 rursus.
2439 3646 2679 3693 revocat.
2752 3636 2934 3693 Venite
2960 3639 3030 3693 ad
3058 3657 3161 3705 me,
3186 3641 3280 3707 ait,
3313 3658 3430 3695 om-

1859 3748 1951 3785 nes
1999 3733 2091 3803 qni
2127 3730 2381 3786 laboratis
2422 3739 2475 3784 et
2529 3731 2739 3785 onerati
2785 3732 2930 3798 estis,
2980 3739 3028 3784 et
3073 3748 3166 3803 ego
3195 3733 3430 3801 reﬁciant

1859 3840 1945 3877 vos
1973 3832 2024 3878 γ.
2069 3824 2238 3888 Quasi
2267 3824 2506 3878 diceret:
2565 3809 2704 3878 Ecce
2723 3821 3064 3888 elaborastis,
3091 3838 3217 3877 ecce
3245 3825 3428 3878 miseri

1857 3913 1984 3967 facti
2034 3915 2186 3978 estis,
2229 3913 2348 3982 jam
2407 3913 2610 3981 experti
2661 3914 2795 3967 estis
2833 3913 3036 3967 malum
3075 3916 3432 3982 contumacia:

1855 4013 2085 4059 vestram
2157 4003 2344 4058 Venite
2392 4003 2578 4072 igitur,
2625 4004 3026 4068 convertimini,
3071 4005 3268 4069 venite,
3303 4021 3431 4074 cog-

1859 4095 2068 4148 noscite
2113 4093 2539 4149 imbecillitatem
2588 4102 2642 4147 et
2675 4093 3028 4164 ignominiam
3071 4102 3330 4158 vestram,
3372 4106 3432 4152 ut

1857 4185 2090 4240 redeatis
2111 4186 2167 4240 in
2196 4186 2461 4256 requiem,
2497 4184 2552 4240 in
2576 4186 2802 4256 gloriam
2836 4195 3071 4241 vestram
3117 4185 3426 4256 pristinam.

1859 4274 2068 4342 Venite,
2106 4276 2414 4331 reviviscite
2440 4292 2540 4346 per
2568 4276 2944 4339 humilitatem,
2978 4276 3072 4346 qui
3107 4292 3201 4346 per
3241 4292 3431 4348 super-

1861 4370 2003 4424 biam
2023 4369 2184 4421 morti
2203 4367 2404 4421 addicti
2433 4369 2586 4423 estis.
2615 4369 2806 4421 Discite
2836 4384 2868 4420 a
2892 4383 2972 4420 me
2993 4370 3116 4438 quia
3150 4369 3290 4424 mitis
3315 4387 3430 4424 sum

1860 4471 1910 4514 et
1944 4457 2160 4514 humilis
2213 4459 2390 4522 corde,
2449 4468 2500 4513 et
2553 4457 2826 4511 invenietis
2880 4459 3114 4525 requiem
3155 4457 3428 4513 animabus

1859 4552 2045 4605 vestris
2081 4558 2132 4605 ι.

257 4666 345 4722 ιν.
393 4664 590 4728 Βαϐαὶ,
632 4663 850 4733 ἀδελφοί
893 4681 1014 4733 μου,
1044 4661 1118 4715 τί’
1142 4665 1286 4715 ποιεῖ
1312 4664 1345 4732 ἡ
1372 4662 1753 4731 ὑπερηφανίας

1928 4660 2062 4714 Vill.
2098 4659 2260 4730 Hem,
2297 4662 2489 4717 fratres
2531 4659 2658 4727 mei,
2695 4660 2825 4730 quid
2855 4661 2983 4717 facit
3010 4660 3286 4730 superbia?
3308 4659 3427 4716 hem

182 4755 391 4815 Βαῦαὶ,
431 4753 483 4806 τί
532 4751 753 4804 δύναται
798 4752 832 4820 ἡ
897 4749 1400 4821 ταπεινοφροσύνης
1459 4749 1555 4810 Τίς
1607 4746 1676 4818 ἦν
1723 4753 1757 4818 ή

181 4846 353 4919 χρεία
382 4842 522 4896 ὅλων
564 4841 672 4894 τῶν
703 4839 920 4893 κύκλων
952 4840 1188 4905 τούτων;
1227 4840 1317 4906 Ἐξ
1363 4841 1535 4910 ἀρχῆς
1570 4840 1679 4910 γὰρ
1707 4841 1758 4892 εί

182 4934 537 5005 ἐταπεινώθη
583 4933 680 4986 καὶ
726 4933 1000 5002 ὑπήκουσε
1045 4931 1139 4986 τοῦ
1186 4931 1339 4997 Θεοῦ,
1389 4930 1482 4984 καὶ
1526 4929 1755 4999 ἐφύλαξε

181 5033 288 5102 τὴν
339 5025 585 5098 ἐντολὴν,
630 5025 732 5079 οὑκ
779 5009 924 5121 εἶχέν
981 5026 1251 5101 ἐκπεσεῖν.
1303 5022 1469 5078 Πάλιν
1507 5023 1647 5092 μετὰ
1694 5021 1757 5074 τὸ

182 5119 576 5192 ἀσχημονῆσαι
599 5158 616 5184 ,
652 5117 817 5169 ἔδωκε
858 5113 1126 5185 πρόφασιν
1169 5115 1264 5171 τοῦ
1298 5113 1623 5186 μετανοῆσαι
1664 5114 1759 5166 καὶ

182 5211 511 5283 ἐλεηθῆναι,
553 5208 650 5262 καὶ
699 5207 912 5278 ἔμεινεν
949 5210 978 5260 ὁ
1008 5208 1274 5278 τράχηλος
1325 5205 1488 5259 αὑτοῦ
1537 5206 1760 5277 ὑψηλός.

181 5299 368 5358 Ἦλθε
398 5302 506 5374 γὰρ
542 5301 713 5368 λέγων
749 5299 896 5369 αὑτῴ
926 5316 942 5331 ’
986 5299 1189 5368 Ἀδὰμ,
1228 5300 1345 5354 ποῦ
1373 5295 1457 5364 ei;
1486 5299 1607 5352 ἀντὶ
1639 5299 1757 5366 τοῦ,

197 5393 342 5447 Ἆπὺ
377 5393 534 5456 ποία,
565 5391 721 5461 δόξης
749 5393 832 5452 εἰς
863 5391 1021 5442 ποίαν
1065 5387 1226 5462 ἦλθες
1251 5396 1266 5413 ⁹
1305 5390 1598 5460 αίσχύνην;
1651 5393 1760 5446 Καὶ

186 5485 384 5559 λοιπὸν
413 5487 592 5556 ἐρωτᾷ
621 5485 782 5538 αὑτόν
813 5499 828 5514 °
851 5483 1026 5560 ΔιάΙτί
1055 5484 1296 5556 ἥμαρτες
1319 5501 1331 5514 ·
1379 5483 1468 5540 διὰ
1521 5483 1576 5535 τί
1617 5502 1758 5538 παο-

1861 4753 1992 4821 quid
2023 4762 2207 4822 potest
2234 4751 2551 4808 humilitas?
2578 4751 2720 4818 Quid
2747 4768 2885 4822 opus
2916 4762 3142 4834 erat'tot
3187 4753 3428 4822 ambagi-
3533 4789 3553 4807 .

1861 4846 1998 4903 bus?
2029 4845 2086 4901 Si
2123 4849 2272 4903 enim
2320 4844 2587 4915 principio
2632 4847 2947 4901 humiliatus
2989 4860 3147 4920 qnam
3195 4843 3427 4912 primum

1859 4937 2052 4993 fuisset
2072 4939 2259 4999 homo,
2283 4936 2556 5006 paruisset
2580 4935 2709 5002 Deo,
2730 4949 2784 4992 et
2806 4938 3027 4990 audiens
3057 4934 3244 4987 fuisset
3270 4935 3428 4992 dictis

1860 5028 2080 5093 divinis,
2112 5039 2459 5096 nequaquam
2486 5025 2794 5081 excidisset.
2824 5024 3007 5080 Denuo
3026 5034 3201 5077 tamen
3229 5033 3283 5077 et
3310 5034 3429 5094 post

1861 5119 2282 5190 ignominiosum
2323 5116 2555 5185 lapsum,
2590 5116 2808 5172 occasio
2831 5115 2905 5170 illi
2950 5117 3070 5166 data
3109 5123 3192 5168 est
3235 5130 3264 5167 a
3298 5113 3428 5177 Deo,

1863 5227 1971 5282 qua
1991 5207 2314 5280 paenitentia
2342 5207 2561 5270 ductus,
2583 5205 3009 5262 misericordiam
3029 5206 3286 5287 consequi
3311 5221 3426 5275 pos-

1863 5311 1946 5357 set
1976 5318 1990 5352 :
2017 5313 2117 5354 nec
2143 5297 2426 5352 humiliari
2455 5315 2556 5353 nec
2577 5297 2835 5353 cervicem
2865 5295 3078 5350 ﬂectere
3099 5296 3286 5351 voluit.
3311 5294 3426 5348 Ve-

1861 5394 1941 5448 nit
1962 5395 2105 5446 enim
2134 5393 2205 5444 ad
2252 5405 2376 5445 eum
2401 5392 2588 5446 dicens
2617 5407 2632 5444 :
2673 5389 2864 5450 Adam,
2891 5386 3049 5441 abies
3075 5389 3238 5442 -?Ac
3263 5387 3308 5440 si
3335 5384 3424 5438 di-
3481 5418 3484 5422 -

1859 5496 2026 5550 ceret,
2055 5481 2102 5537 Α
2136 5492 2345 5554 quanta
2369 5483 2538 5554 gloria
2567 5483 2619 5552 in
2666 5489 2923 5549 quantam
2968 5478 3310 5550 ignominiam
3341 5475 3455 5599 lat]

259 5671 292 5702 ν
329 5659 545 5716 Inclusa
581 5662 776 5716 desunt
809 5662 861 5717 in
884 5658 1089 5715 Graeco.
1165 5669 1190 5698 κ
1219 5659 1393 5716 Jcrem
1460 5627 1519 5725 ll,
1553 5659 1636 5715 19.
1712 5668 1738 5708 1
1768 5656 1952 5713 Matth.
1997 5674 2072 5724 xi,
2095 5657 2184 5713 ‘28.
2271 5669 2294 5697 ι
2325 5657 2432 5714 ibid
2478 5655 2567 5711 29.
2645 5652 2816 5711 ‘Gen.
2843 5671 2922 5722 ιιι,
2945 5654 2992 5710 9.
3055 5672 3064 5686 ·

267 5843 290 5892 9
329 5837 625 5895 ἀναίδειαν.
