4042 6334
653 458 788 527 1627

1853 472 1911 530 S.
1948 470 2333 531 DOROTIIEI
2373 469 2688 562 ABBATIS

3735 473 3844 538 1628

651 594 784 649 psus
809 591 866 632 es
886 577 910 630 ?
933 574 1229 649 luterrogat
1253 595 1384 651 ergo
1413 597 1560 647 eum,
1595 583 1666 638 Ut
1695 584 1825 652 quid
1863 593 2096 652 peccasti
2120 585 2142 636 ’Ξ
2164 593 2221 637 ιιι

2331 583 2488 652 ἐϐης;
2523 583 2962 653 προτρεπόμενος
3005 583 3164 636 αὑτὸν
3197 585 3410 653 ίδικῶς,
3447 589 3528 652 εἰς
3557 589 3617 641 τὸ
3653 591 3808 643 εἰπεῖν
3830 606 3844 620 ο

650 669 776 738 quid
814 679 1181 748 transgressus
1223 674 1323 726 es?
1363 673 1650 743 Speciatim
1691 676 1756 728 ad
1793 691 1916 729 eum
1949 691 2213 738 reversus,

653 777 716 813 ac
743 761 787 814 si
821 761 916 830 ipsi
944 761 1188 815 iuuuerct
1221 775 1277 817 ut
1313 765 1937 834 respouderct,Dimitte,
1973 766 2215 820 Domine.

2318 673 2692 744 Συγχώρησον.
2728 673 2976 743 Οὐδαμοῦ
3011 674 3354 740 ταπείνωσις.
3383 680 3493 732 Καὶ
3517 680 3622 732 ποῦ
3648 681 3756 733 ἐστι
3777 681 3844 740 τὸ.

2319 766 2706 836 Συγχὼρησονς
2776 765 3023 836 Οὑδαμοῦ
3093 768 3379 835 μετάνοια,
3426 770 3565 823 ἀλλὰ
3613 771 3672 823 τὸ
3720 773 3844 824 ἐναν-

654 850 718 903 Ιεῖι
763 867 1027 919 nusquam
1071 869 1335 921 nusquam
1362 896 1376 919 ,
1428 856 1594 924 Parce
1616 897 1631 920 ,
1665 858 1882 912 auditur
1904 897 1917 918 .
1952 873 2216 927 nusquam

2331 859 2447 910 τίον.
2495 858 2788 926 Ἀντιλέγει
2821 858 2913 911 καὶ
2955 859 3188 928 ἀντέρει·
3243 861 3307 914 Ἦ
3339 850 3477 932 γυνὴ
3509 862 3590 929 ἣν
3617 862 3847 929 δέδωκάς

656 939 957 1001 humilitas,
991 955 1254 1007 nusquam
1281 944 1593 1011 ptenitentia
1623 945 1970 1013 conspicitur,
2004 945 2094 998 sed
2127 960 2221 1014 op-

655 1028 892 1095 positum
936 1028 1126 1097 magis.
1163 1029 1471 1100 Respondet
1503 1034 1646 1087 enim
1683 1053 1696 1088 :
1731 1034 1920 1090 Mulier
1941 1052 2094 1104 quam
2133 1035 2222 1088 de—

657 1119 785 1172 disti
815 1119 941 1170 mihi
967 1119 1013 1181 ι’,
1046 1135 1208 1173 causa
1247 1121 1346 1175 fuit
1377 1142 1389 1176 :
1422 1138 1592 1191 neque
1619 1125 1712 1188 ait,
1747 1124 1934 1179 Mulier
1968 1141 2086 1180 mea
2110 1126 2223 1179 illu-

654 1209 744 1269 sit,
783 1211 875 1263 sed
911 1227 1070 1279 quam
1121 1212 1314 1266 dedisti
1365 1215 1528 1278 mihi;
1573 1231 1635 1270 ac
1659 1215 1704 1270 si
1733 1218 1909 1283 dicat,
1943 1217 2223 1272 calamitas

657 1301 760 1354 ista
800 1318 963 1370 quam
1004 1311 1056 1354 tu
1096 1301 1148 1355 in
1179 1313 1343 1370 caput
1385 1320 1563 1359 meum
1614 1307 1891 1362 induxisti.
1932 1307 2114 1376 Neque
2148 1309 2221 1361 illi

657 1405 741 1447 sat
768 1405 872 1457 est,
916 1395 1106 1449 fratres
1143 1397 1266 1460 mei,
1300 1399 1440 1466 quod
1471 1414 1591 1453 sese
1631 1416 1891 1456 accusare
1936 1417 2042 1454 non
2073 1402 2222 1455 vult:

660 1485 826 1539 Deum
853 1504 1069 1557 quoque
1092 1490 1265 1557 ipsum
1295 1491 1526 1546 incusat.
1564 1492 1689 1546 lude
1711 1495 1776 1548 ad
1804 1495 2080 1549 mulierem
2107 1512 2228 1564 per-

657 1577 755 1645 git,
786 1587 943 1648 atque
968 1582 1093 1633 item
1114 1581 1188 1634 illi
1216 1583 1288 1634 ait
1317 1601 1328 1635 :
1363 1581 1428 1636 Ut
1453 1585 1581 1652 quid
1624 1598 1676 1639 et
1703 1596 1757 1638 tu
1780 1587 1937 1641 dictis
1961 1588 2094 1642 meis
2118 1605 2224 1641 non

658 1671 913 1726 obedicns
951 1672 1095 1726 fuisti
1120 1675 1141 1726 ἱ)
1165 1674 1396 1728 innuens
1413 1691 1629 1746 quoque
1649 1677 1696 1731 ei
1721 1678 2139 1745 quodammodo,
2171 1691 2228 1734 ut

662 1763 1028 1830 responderet,
1053 1764 1267 1818 Dimitte
1292 1767 1442 1827 mihi,
1481 1769 1729 1832 obsecro,
1765 1769 2008 1835 Domine,
2033 1787 2097 1826 ac
2116 1781 2227 1825 sta-

2315 967 2437 1018 μοι,
2483 950 2604 1003 οὔτε
2642 950 2809 1016 λέγει,
2855 951 2918 1002 Ἢ
2946 952 3081 1020 γυνή
3118 969 3218 1020 μου
3249 952 3511 1022 ἐχλεύασέ
3549 971 3638 1022 με,
3673 955 3846 1021 ἀλλ’,ή

2320 1043 2456 1112 γυνὴ
2486 1041 2564 1108 ἣν
2587 1039 2845 1105 δέδωκάς
2860 1058 2959 1109 μοι
2979 1057 2995 1073 ο
3049 1041 3123 1103 ὡς
3145 1043 3208 1096 ἄν
3228 1060 3308 1106 τις
3332 1044 3474 1096 εἴποι
3501 1060 3517 1076 ο
3549 1045 3612 1096 Ἦ
3633 1046 3852 1114 συμφορᾶ

2322 1134 2388 1202 ἢν
2416 1134 2651 1202 ἤνεγκας
2672 1130 2811 1184 κατά
2831 1131 2930 1199 τῆς
2955 1131 3194 1199 κεφαλῆς
3225 1148 3348 1198 μου.
3371 1130 3559 1194 Οῦτως
3586 1133 3691 1202 γάρ
3710 1135 3850 1194 ἐστιν,

2322 1225 2570 1293 ἀδελφοὶ,
2605 1225 2732 1276 ὅταν
2767 1221 2842 1292 μὴ
2881 1225 3053 1293 κρατῇ
3089 1221 3372 1293 ἅνθρωπος
3407 1224 3468 1276 τὸ
3509 1225 3696 1276 ἑαυτὸν
3735 1225 3852 1292 μέμ.

2325 1315 2539 1383 φεσθαι,
2579 1315 2678 1368 οὐκ
2705 1315 2854 1368 ὀκνεῖ
2915 1313 3036 1366 οὐδὲ
3070 1315 3234 1368 αὐτὸν
3296 1317 3390 1369 τὸν
3413 1315 3543 1369 Θεὸν
3581 1315 3852 1368 αἰτιᾶσθαι.

2325 1407 2457 1461 Εἶτα
2490 1407 2705 1478 ἔρχεται
2750 1406 2883 1482 πρδες
2914 1409 3126 1476 εκείνην
3149 1446 3163 1469 ,
3189 1408 3285 1460 καὶ
3314 1409 3462 1474 λέγει
3492 1408 3629 1477 αὐτῇ
3656 1423 3669 1436 ο
3697 1407 3784 1457 Διὰ
3813 1405 3855 1457 τί

2325 1501 2420 1552 καὶ
2448 1501 2512 1551 σὺ
2542 1499 2641 1551 οὑκ
2660 1497 2926 1566 ἐφύλαξας
2963 1499 3061 1568 τὴν
3090 1499 3311 1567 ἐντολήν
3335 1516 3349 1563 ;
3371 1499 3445 1562 ὡς
3465 1499 3516 1550 τί
3541 1515 3671 1551 ποτε
3698 1497 3856 1558 ἱδικῶς

2326 1585 2538 1652 λέγων·
2599 1584 2734 1638 Εἰπὲ
2780 1585 2883 1637 κᾶν
2935 1587 3330 1656 Συγχώρησον,
3375 1587 3464 1640 ἴνα
3500 1587 3858 1655 ταπεινωθῇὴ

2325 1676 2466 1746 ψυχή
2495 1694 2587 1730 σου
2610 1677 2704 1730 καὶ
2729 1677 2956 1749 έλεηθῇς
2975 1694 2989 1707 °
3017 1678 3109 1731 καὶ
3123 1678 3282 1732 πάλιν
3311 1677 3544 1747 οὐδαμοῦ
3564 1680 3646 1744 τὸ,
3667 1678 3861 1747 Συγχὼ-

2331 1785 2493 1837 ρησον
2529 1785 2543 1796 ·
2587 1768 2933 1840 ἀποκρίνεται
2976 1769 3080 1839 γὰρ
3124 1769 3220 1821 καὶ
3259 1771 3274 1790 ⁶
3307 1769 3444 1838 αὐτὴ
3483 1768 3711 1836 λέγουσα
3752 1784 3765 1796 ·
3806 1768 3862 1819 '0

662 1853 752 1904 tim
779 1857 1377 1910 sanarcturhumililatc
1409 1882 1419 1910 :
1449 1869 1502 1912 et
1525 1875 1862 1928 nequaquam
1885 1861 1956 1914 ita
2004 1876 2228 1929 respon-

2331 1857 2463 1924 ὄφις
2489 1857 2763 1925 ἠπάτησέ
2789 1877 2864 1927 με
2897 1875 2911 1889 ο
2945 1859 3021 1923 ὡς
3043 1861 3106 1914 ἀν
3141 1877 3154 1890 ο
3191 1862 3251 1913 Εἰ
3281 1860 3446 1924 αὐτὸς
3474 1861 3737 1930 ἥμαρτεν,
3765 1858 3866 1927 ἐγὼ

663 1949 741 1998 dit
772 1965 784 2000 :
808 1946 908 2001 Sed
937 1957 990 2001 et
1019 1950 1155 2016 ipsa,
1203 1949 1443 2016 Serpens,
1465 1953 1656 2018 inquit,
1688 1952 1882 2018 decepit
1914 1968 1993 2005 me
2012 1962 2033 1989 ε
2061 1971 2073 2000 :
2098 1969 2161 2006 ac
2181 1953 2227 2006 si

659 2040 857 2092 diceret
885 2059 896 2092 :
932 2039 1028 2094 llic
1053 2041 1096 2095 si
1128 2043 1386 2108 peccavit,
1430 2043 1559 2110 quid
1582 2057 1734 2094 noxae
1755 2042 1806 2093 in
1835 2057 1919 2094 me
1941 2041 2059 2094 est?
2088 2040 2226 2107 Quid

661 2126 857 2191 facitis,
900 2130 1116 2184 miseri?
1138 2132 1384 2198 ρνίρῐοτιο
1409 2131 1622 2184 unicam
1648 2132 2043 2199 paenitentiam,
2066 2149 2230 2203 agno--

661 2220 791 2273 scite
815 2221 1018 2288 lapsum
1038 2231 1293 2276 VCb‘ll'lllll.
1316 2222 1642 2274 miseramini
1663 2222 1958 2275 nuditatem
1974 2234 2224 2277 vestram.

659 2309 858 2363 Neuter
876 2327 994 2364 sese
1012 2313 1258 2379 dignatus
1275 2324 1357 2367 est
1387 2329 1664 2379 accusare,
1681 2330 1853 2384 neque
1874 2315 1954 2368 vel
1979 2332 2120 2370 unus
2149 2318 2231 2370 in-

660 2407 849 2451 vt-utns
871 2409 949 2452 cst
967 2400 1057 2467 qui
1084 2401 1346 2452 modicam
1369 2401 1726 2454 humilitatem
1745 2418 1854 2470 pra:
1869 2418 1927 2456 se
1946 2402 2131 2458 ferret.

729 2483 892 2552 378
928 2483 1014 2537 l.\'.
1056 2485 1128 2537 En
1179 2486 1230 2538 in
1265 2498 1559 2554 conspectu
1601 2488 1712 2554 jam
1759 2499 1943 2541 nostro
1974 2500 2076 2552 est,
2117 2488 2228 2542 fra-

662 2580 793 2631 tres,
822 2589 928 2640 quo
971 2590 1068 2626 nos
1096 2574 1384 2640 pentinaciu
1415 2585 1598 2628 nostra
1629 2575 1956 2641 perduxerit,
1990 2592 2097 2645 quo
2123 2587 2229 2632 sta-

661 2679 749 2716 tus
785 2673 967 2717 noster
998 2667 1315 2732 pervenerit.
1349 2665 1425 2718 lin
1453 2666 1503 2719 in
1538 2676 1670 2735 quot
1710 2667 1848 2720 mala
1884 2669 2105 2738 collapsi
2136 2686 2230 2723 su-

664 2779 803 2825 mus,
827 2765 950 2815 dum
967 2764 1141 2831 justus
1161 2780 1257 2818 nos
1277 2763 1523 2828 facinms,
1543 2768 1667 2819 dum
1693 2768 1846 2822 nobis
1859 2770 2226 2838 obsequimnr,

663 2854 788 2906 dum
837 2856 1106 2923 propriam
1155 2856 1481 2910 voluntatem
1529 2859 1798 2924 superbia!
1829 2860 1991 2913 filiam
2031 2877 2094 2916 ac
2123 2861 2229 2915 Deo

666 2947 826 2999 nimis
873 2946 1134 2998 infensam
1184 2946 1543 3002 defendimus.
1576 2950 1911 3005 Humilitatis
1935 2953 2077 3007 enim
2110 2954 2231 3008 tilia:

665 3044 811 3096 sunt,
852 3033 937 3087 sui
964 3034 1136 3102 ipsius
1179 3045 1431 3103 perpetua
1463 3039 1758 3100 accusatio,
1790 3041 2018 3108 propriae
2042 3042 2231 3096 volun-

667 3124 792 3176 tatis
830 3125 1039 3183 odium.
1069 3126 1280 3179 consilii
1324 3127 1405 3181 sui
1441 3143 1504 3182 ac
1546 3144 1742 3184 sensus
1769 3132 2119 3188 abominatio.
2155 3133 2232 3188 Ex

666 3215 751 3269 his
774 3216 915 3268 enim
936 3217 1166 3286 quisque
1194 3235 1250 3272 se
1279 3219 1528 3287 redemit,
1554 3221 1749 3289 dignus
1778 3225 1868 3292 qui
1901 3226 1965 3279 ad
1989 3237 2231 3281 naturam

666 3321 827 3358 suam
873 3307 1144 3374 propriam
1205 3319 1540 3371 revertatur,
1580 3312 1824 3368 initiatus
1876 3317 2234 3372 sanctissimis

665 3397 866 3450 Christi
899 3401 1196 3468 praeceptis.
1229 3398 1412 3466 Neque
1437 3405 1580 3456 enim
1618 3419 1806 3472 parere
1841 3407 2126 3476 quisquam
2153 3410 2235 3462 di-

665 3489 808 3542 vina:
828 3490 1050 3558 justitiaa
1077 3493 1364 3547 aebonum
1402 3495 1566 3548 ullum
1591 3497 1877 3567 attingere,
1911 3501 2028 3555 sine
2054 3501 2232 3563 humi-

667 3580 829 3633 litate
865 3591 1061 3650 potest,
1097 3594 1154 3636 ut
1186 3585 1362 3638 aiebat
1407 3586 1618 3641 Marcus
1651 3588 1820 3644 abbas
1852 3609 1864 3642 :
1902 3607 2000 3647 nec
2030 3593 2235 3664 absque

669 3675 846 3730 cordis
871 3691 988 3729 com
998 3681 1286 3745 punctione
1304 3680 1560 3748 possibile
1579 3691 1662 3736 est
1681 3684 1941 3738 malitiam
1965 3686 2232 3754 deserere,

667 3781 763 3825 aut
789 3771 1005 3826 virtutis
1049 3774 1318 3842 quidpiam
1359 3776 1580 3831 omnino
1621 3777 1919 3848 possidere.
1972 3782 2137 3853 Igitur
2188 3785 2234 3840 si

672 3878 768 3932 per
803 3863 1045 3917 dolorem
1077 3865 1258 3919 cordis
1295 3867 1547 3935 intelligit
1573 3868 1696 3936 quis
1716 3870 1967 3926 mandata
2004 3871 2117 3937 Dei,
2148 3889 2236 3928 re-

669 3952 809 4007 cedit
845 3953 914 4006 ab
943 3953 1254 4023 iniquitate,
1289 3958 1529 4024 possidet
1552 3959 1804 4025 virtutes;
1847 3961 1931 4015 hic
1967 3962 2151 4031 utique
2179 3963 2234 4018 in

673 4043 954 4112 pristinam
983 4045 1214 4113 quietem
1236 4048 1540 4100 revertitur.
1563 4049 1691 4114 Hoc,
1715 4050 1955 4119 inquam,
1978 4069 2099 4107 cum
2125 4069 2222 4109 co—

679 4135 990 4203 gnovissent
1022 4139 1195 4190 sancti
1230 4137 1349 4201 viri,
1384 4139 1530 4192 omni
1570 4139 1750 4196 studio
1783 4150 1837 4195 et
1876 4143 2148 4214 diligentia
2181 4146 2232 4198 in

679 4227 1017 4292 operationes
1050 4227 1284 4282 humiles
1311 4230 1508 4298 quibus
1538 4247 1657 4286 sese
1688 4231 1798 4287 Deo
1828 4235 2232 4307 coniungerent,

681 4317 1059 4383 intenderunt;
1086 4319 1320 4389 factique
1339 4336 1403 4375 ex
1427 4322 1510 4377 his
1527 4325 1743 4392 plurimi
1764 4325 1921 4381 amici
1945 4325 2070 4393 Deo,
2093 4333 2234 4400 quod

681 4415 802 4474 post
824 4415 1071 4461 sanctum
1095 4407 1360 4477 baptisma
1387 4425 1490 4464 non
1525 4413 1697 4465 solum
1724 4429 1754 4466 a
1777 4416 2088 4484 passionum
2115 4434 2239 4488 ope-

680 4495 980 4551 rationibus
999 4503 1052 4551 et
1091 4499 1299 4554 actibus
1331 4501 1658 4567 abstinuere,
1685 4505 1778 4557 sed
1805 4506 2081 4574 passiones
2100 4524 2235 4577 qun—

2328 1950 2380 2002 τί
2411 1951 2520 2020 έχω
2547 1952 2814 2020 πρᾶγμας
2867 1951 2932 2004 Τί
2982 1955 3183 2004 ποιεῖτε
3209 1992 3223 2016 ,
3257 1951 3433 2006 ἄθλιοι
3504 1952 3720 2022 βάλλετε
3751 1951 3863 2020 μίαν

2334 2042 2641 2110 μετάνοιαν,
2689 2039 2954 2106 έπίγνωτε
3002 2039 3064 2092 τὸ
3109 2043 3352 2110 πταῖσμα
3400 2040 3574 2109 ὑμῶν,
3626 2040 3862 2109 ἐλεήσατε

2329 2130 2429 2197 τὴν
2457 2130 2734 2200 γύμνωσιν
2764 2130 2918 2200 ὑμῶν
2953 2147 2967 2161 ο
3001 2131 3093 2184 καὶ
3125 2131 3247 2185 οὐδὲ⁹
3279 2127 3361 2197 εἷς
3382 2132 3440 2198 έξ
3476 2132 3652 2188 αὐτῶν
3677 2129 3867 2199 ῆξιιὶιθη

2333 2221 2649 2291 μέμψασθαι
2680 2223 2892 2286 ἑαυτὸν,
2910 2223 3040 2283 ,οὐδὲ
3066 2219 3147 2286 εἷς
3172 2223 3370 2294 εὑρέθη
3400 2223 3539 2294 ἔχων
3571 2225 3768 2294 μικρὰν
3791 2239 3866 2275 ται

2330 2330 2607 2366 πεινωσιν.

2399 2481 2477 2536 Θ’.
2517 2484 2622 2536 Καὶ
2644 2482 2844 2550 λοιπὸν,
2877 2484 2984 2538 ἰδοὺ
3016 2483 3201 2548 ἁπλῶς
3236 2483 3487 2555 βλέπετε,
3526 2484 3628 2537 ποῦ
3654 2483 3864 2551 ἔφθασεν

2329 2576 2364 2645 ἠ
2401 2575 2727 2637 κατάστασις
2754 2575 2912 2643 ήμῶν
2951 2592 2965 2604 ·
3014 2575 3122 2629 ἰδοὺ
3151 2577 3230 2639 είς
3260 2579 3389 2628 ποῖα
3419 2577 3515 2630 καὶ
3560 2576 3701 2627 πόσα
3735 2574 3863 2626 κακὰ

2330 2671 2556 2741 ῆνεγκεν
2600 2672 2743 2740 ἡμᾶς
2766 2670 2882 2722 τόδε
2923 2670 3165 2724 δικαιοῦν
3190 2671 3418 2732 ἑαυτοὺς
3438 2713 3451 2733 ,
3485 2669 3545 2723 τὸ
3576 2671 3790 2740 κρατεῖν
3813 2667 3866 2719 τὺ

2331 2758 2458 2810 ἴδιον
2484 2757 2712 2832 θέλημα,
2748 2757 2840 2810 καὶ
2865 2760 3102 2828 στοιχεῖν⁴
3119 2756 3345 2820 ἑαυτούς
3380 2773 3394 2788 ·
3426 2757 3570 2828 ἅπερ
3596 2757 3698 2809 εἰσὶ
3724 2757 3867 2810 τέκνα

2329 2850 2426 2919 τῆς
2449 2850 2646 2919 ἐχθρᾶς
2685 2849 2777 2901 τοῦ
2821 2848 2955 2902 Θεοῦ
3001 2847 3399 2920 ὑπερηφανίας.
3434 2849 3643 2918 Ὥσπερ
3671 2847 3868 2913 καὶτῆς

2329 2940 2823 3012 ταπεινοφροσύνης
2848 2940 3012 2994 τέκνα
3040 2941 3178 3003 εἰσὶ,
3211 2940 3274 2992 τὸ
3303 2939 3494 2993 ἑαυτὸν
3535 2939 3867 3010 μέμφεσθαι,

2331 3033 2390 3084 τὸ
2427 3033 2501 3102 μὴ
2539 3034 2906 3104 πιστεύειντῇ
2943 3033 3049 3102 ἰδία
3091 3033 3324 3095 συνέσει,
3365 3031 3428 3084 τὺ
3463 3034 3640 3102 μισεῖν
3667 3033 3726 3083 τὸ
3759 3029 3869 3082 ἴδιον

2333 3122 2563 3193 θέλημα.
2607 3123 2700 3174 Ἐκ
2736 3119 2940 3174 τούτων
2979 3123 3089 3191 γὰρ
3120 3118 3366 3184 ἀξιοῦται
3408 3135 3492 3182 τις
3525 3115 3870 3172 ἀναλαϐέσθαι

2335 3216 2544 3277 ἑαυτὸν,
2592 3215 2687 3267 καὶ
2714 3211 3026 3266 ἐπανελθεῖν
3061 3211 3122 3264 τὸ
3157 3211 3295 3264 κατά
3324 3209 3485 3280 φύσιν
3509 3249 3524 3273 ,
3554 3210 3641 3264 διά
3663 3209 3759 3277 τῆς
3787 3225 3871 3260 n-

2333 3307 2574 3377 θάρσεως
2596 3305 2702 3358 τῶν
2730 3305 2898 3373 ἁγίων
2930 3303 3162 3356 ἐντολῶν
3190 3301 3284 3355 τοῦ
3329 3301 3589 3372 Χριστοῦ.
3623 3301 3752 3371 Δέχα
3777 3300 3872 3368 γὰρ

2332 3393 2734 3457 ταπεινώσεως,
2764 3394 2825 3444 οὐ
2858 3393 3082 3444 δύναται
3114 3389 3458 3458 ὑποταγῆναι
3479 3391 3600 3450 ταῖς
3631 3388 3870 3448 ἐντολαῖς.

2332 3485 2451 3537 οὐδὲ
2490 3483 2663 3536 ἐλθεῖν
2703 3484 2782 3545 εἰς
2823 3482 2876 3532 τί
2923 3493 3054 3534 ποτε
3084 3478 3288 3548 ἀγαθὸν
3313 3520 3329 3543 ,
3357 3479 3432 3541 ὡς
3467 3475 3619 3530 εἶπεν
3656 3479 3684 3530 ὁ
3716 3476 3872 3538 ἀδὸἄς

2332 3575 2556 3645 Μάρκος
2586 3589 2599 3602 °
2628 3573 2753 3626 ἄνευ
2800 3571 3087 3641 συντριϐῆς
3119 3568 3344 3639 καρδίας
3365 3606 3381 3632 ,
3425 3560 3683 3620 ἀδύνατον
3720 3564 3874 3619 ἀπαλ-

2331 3666 2559 3736 λαγῆναι
2579 3665 2796 3732 κακίας,
2830 3664 2922 3715 καὶ
2951 3661 3254 3732 κτήσασθαι
3292 3661 3512 3730 ἀρετήν.
3547 3655 3650 3712 Οῦν
3676 3657 3762 3710 διά
3784 3655 3868 3725 τῆς

2335 3755 2621 3826 συντριὸῆς
2650 3754 2749 3822 τῆς
2774 3753 3002 3822 καρδίας
3032 3749 3389 3820 καταδέχεται
3421 3768 3506 3813 τις
3530 3749 3627 3813 τὰς
3654 3747 3868 3807 ἐντολὰς,

2333 3845 2735 3900 ἀπαλλάσσεται
2782 3844 2878 3912 τῆς
2906 3843 3134 3909 κακίας,
3177 3843 3371 3901 κτᾶται
3413 3842 3513 3904 τὰς
3539 3841 3760 3911 ἀρετὰς,
3790 3837 3872 3891 καὶ

2332 3937 2515 3990 λοιπὸν
2557 3935 2914 4007 ἐπανέρχεται
2957 3937 3037 3994 εἰς
3065 3934 3162 4004 τὴν
3202 3934 3339 3989 ἰδίαν
3365 3934 3690 3987 ἀνάπαυσιν.
3715 3929 3870 3984 Τοῦτο

2333 4030 2424 4083 καὶ
2446 4028 2660 4095 οἱᾶγιοι
2699 4029 2897 4091 πάντες
2916 4027 3294 4095 ἐπιστάμενοι,
3325 4023 3585 4076 ἔσπευδον
3601 4022 3688 4086 διὰ
3711 4021 3870 4090 πάσης

2333 4121 2590 4190 ταπεινῆς
2615 4121 2855 4189 ἀγωγῆς,
2894 4117 3092 4172 ένῶσαι
3117 4119 3344 4180 ἑαυτοὺς
3368 4117 3446 4186 τῷ
3469 4115 3588 4186 Θεῷ
3609 4131 3625 4147 ο
3649 4114 3872 4183 ἐγένοντο

2334 4213 2441 4282 γάρ
2477 4227 2620 4273 τινες
2647 4209 2904 4277 φιλόθεοι,
2927 4208 3121 4270 οἵτινες
3156 4207 3296 4277 μετά
3323 4207 3382 4258 τὸ
3410 4205 3564 4274 ἅγιον
3594 4203 3870 4274 βάπτισμα,

2334 4302 2394 4352 οὑ
2424 4301 2581 4369 μόνον
2611 4299 2708 4359 τὰς
2733 4295 3007 4366 ἐνεργείας
3032 4295 3140 4349 τῶν
3162 4295 3352 4356 παθῶν
3378 4295 3724 4364 περιέκοψαν.
3752 4289 3871 4342 ἀλλά

2336 4392 2429 4444 καὶ
2455 4388 2670 4442 αὐτὰτὰ
2695 4387 2838 4458 πάθη
2859 4388 3077 4457 νικῆσαι
3102 4385 3505 4456 ἠϐουλήθησαν,
3529 4384 3620 4438 καὶ
3639 4380 3869 4451 γενέσθαι

2335 4481 2561 4543 ἀπαθεῖς
2597 4496 2611 4509 ·
2640 4474 2748 4542 οἷος
2781 4475 2848 4549 ἦν
2872 4479 2901 4531 ὁ
2931 4479 3087 4544 ἅγιος
3121 4477 3424 4547 Ἀντώνιος,
3458 4477 3552 4531 καὶ
3583 4474 3867 4547 Παχώμιος,

677 4602 780 4656 que
811 4586 956 4656 ipsas
993 4587 1248 4644 radicitus
1278 4581 1504 4646 evellere
1549 4602 1602 4647 et
1637 4593 1998 4662 impassibiles
2021 4600 2230 4658 omnino

2339 4574 2433 4627 καὶ
2460 4573 2508 4624 oi
2531 4570 2707 4624 λοιποὶ
2741 4569 2990 4641 θεοφόροι
3016 4568 3248 4637 Πάτρες.

680 4679 791 4731 fieri
835 4679 1053 4734 studere
1092 4698 1105 4732 :
1137 4681 1334 4746 Quales
1371 4681 1536 4737 fuisse
1570 4684 1876 4751 accepimus
1921 4687 2235 4756 Antonium,

680 4767 1048 4830 Pachominm,
1065 4781 1395 4839 canerOSque
1421 4771 1654 4827 deiferos
1683 4771 1890 4828 Patres.

749 4857 815 4913 Χ.
851 4858 924 4913 Ex
952 4859 1236 4929 quoigitur
1263 4859 1548 4916 decrevere
1575 4877 1634 4918 se
1665 4865 1809 4932 ipsos
1838 4873 2091 4934 purgatos
2116 4866 2244 4922 red-

679 4952 806 5005 dere
842 4948 910 5003 ab
945 4951 1112 5013 omni,
1142 4961 1198 5004 ut
1225 4953 1297 5006 ait
1331 4955 1619 5021 Apostolus
1641 4953 1689 5020 ἀ,
1723 4964 1832 5009 tam
1859 4957 2038 5011 carnis
2074 4975 2235 5028 quam

683 5041 904 5108 spiritus
949 5041 1299 5110 turpitudine:
1349 5055 1821 5116 cognoveruntque
1861 5048 2096 5102 animam
2133 5067 2238 5106 non

683 5133 788 5185 nisi
818 5147 913 5199 per
944 5130 1337 5187 observantiam
1385 5134 1689 5189 divinorum
1740 5148 2152 5208 praeceptorum,
2180 5151 2239 5198 ut

679 5220 790 5289 jam
827 5219 1082 5283 diximus.
1132 5223 1344 5294 purgari
1388 5240 1547 5292 posse
1569 5238 1587 5278 ἐ
1621 5236 1852 5281 mentem
1890 5227 2013 5284 item
2047 5228 2118 5283 ita
2145 5245 2238 5284 ex-

685 5320 964 5381 purgatam
999 5311 1051 5365 in
1097 5314 1367 5383 propriam
1403 5325 1648 5371 naturam
1688 5311 1860 5374 redire
1886 5338 1898 5374 :
1928 5318 2237 5373 Mandatum

684 5404 827 5458 enim
861 5402 954 5456 Dei
993 5402 1245 5468 lucidum,
1289 5406 1466 5460 oculos
1493 5408 1799 5463 illuminari:
1837 5422 1894 5477 e;
1932 5412 2240 5467 intellexere

688 5498 874 5566 procul
899 5496 1080 5559 dubio,
1110 5514 1248 5559 sese.
1275 5499 1419 5570 quod
1451 5502 1704 5556 mundani
1731 5514 1912 5558 essent
1934 5513 1987 5559 et
2014 5503 2237 5560 saecula-

692 5604 812 5653 rcs,
851 5589 1209 5658 nequidquam
1249 5605 1406 5658 posse
1436 5593 1501 5645 ad
1538 5595 1787 5648 virtutem
1827 5595 2188 5650 conscendere
2219 5611 2232 5647 :

693 5694 859 5748 quare
880 5680 977 5734 sibi
1012 5679 1140 5749 ipsis
1165 5679 1435 5736 duriorem
1464 5685 1626 5739 vitam
1662 5685 2104 5756 peregrinamque
2125 5695 2236 5739 Sla-

770 5884 798 5922 b
825 5885 956 5940 tlcn.
991 5899 1070 5950 In,
1116 5885 1200 5938 l7.
1278 5897 1298 5923 ε
1331 5885 1460 5941 ibid.
1495 5885 1576 5940 13.
1655 5885 1678 5924 ιι
1707 5884 1890 5940 llCor.
1917 5901 2006 5950 vn,
2050 5901 2084 5937 ι.

2412 4853 2467 4910 I'.
2509 4857 2660 4909 Ἐπεὶ
2699 4851 2792 4908 οὖν
2822 4853 2977 4923 ἔσχον
3011 4854 3209 4908 σκοπὸν
3239 4853 3482 4923 καθᾶραι
3510 4853 3736 4916 ἑαυτοὺς
3759 4890 3774 4914 .
3802 4848 3867 4909 ὡς

2341 4949 2485 5016 λέγει
2525 4950 2554 5002 δ
2601 4947 2937 5010 ’Δπόοτολος,
2967 4946 3075 4998 ἀπὸ
3123 4945 3325 5009 παντὸς
3379 4943 3651 5016 μολυσμοῦ
3689 4939 3866 5010 σαρκὸς

2341 5041 2435 5095 καὶ
2470 5040 2792 5110 πνεύματος,
2826 5036 3120 5108 ἐγίνωσκον
3155 5038 3235 5090 ὅτι
3265 5035 3353 5090 διά
3376 5038 3477 5110 τῆς
3502 5035 3738 5108 φυλακῆς
3770 5031 3866 5084 τῶν

2342 5133 2587 5198 ἐντολῶν,
2639 5132 2712 5195 ὡς
2746 5130 2844 5202 ήδη
2874 5129 3118 5200 εἴπομεν,
3162 5127 3483 5200 καθαίρεται
3521 5129 3557 5198 ὴ
3596 5125 3758 5197 ψυχὴ,
3785 5123 3866 5176 καὶ

2341 5221 2450 5278 οἷον
2497 5227 2667 5278 εἰπεῖν
2707 5221 3026 5292 καθαίρεται
3071 5219 3164 5274 καὶ
3193 5221 3231 5272 ό·
3264 5220 3407 5286 νοῦς,
3443 5220 3541 5274 καὶ
3579 5215 3864 5278 ἀναϐλέπει,

2342 5320 2433 5374 καὶ
2454 5319 2668 5392 ἔρχεται
2693 5319 2772 5379 είς
2791 5317 2851 5370 τὸ
2871 5316 3012 5371 κατὰ
3036 5316 3195 5387 φύσιν
3221 5318 3281 5386 (ή
3305 5315 3525 5384 ἐντολὴ
3549 5315 3656 5384 γὰρ
3671 5313 3866 5382 Κυρίου

2341 5412 2650 5482 τηλαυγὴς
2694 5409 3028 5482 φωτίζουσα
3075 5407 3452 5479 ὀφθαλμοὺς)
3474 5422 3489 5438 °
3561 5407 3865 5474 κατενόησαν

2341 5500 2423 5551 ὅτι
2447 5502 2504 5552 ἐν
2526 5499 2601 5569 τῷ
2627 5499 2815 5568 κόσμῳ
2850 5498 3023 5562 ὅντες,
3045 5499 3141 5552 οὐκ
3163 5497 3398 5567 εὐχερῶς
3417 5495 3666 5551 δύνανται
3689 5509 3863 5562 mrop-

2342 5590 2510 5645 ϐῶσαι
2555 5593 2652 5662 τὴν
2709 5589 2928 5661 ἀρετὴν,
2989 5592 3082 5643 κα)⁸
3138 5589 3435 5660 ιπενόησαν
3480 5590 3688 5652 ἑαυτοῖς
3734 5584 3864 5652 ξένον

2345 5683 2473 5753 βίον,
2511 5685 2667 5752 ξένην
2719 5681 2839 5736 τινὰ
2877 5682 3168 5754 διαγωγὴν,
3214 5681 3356 5751 λέγω
3393 5680 3458 5754 δὴ
3487 5683 3584 5737 τοῦ
3626 5680 3865 5753 μονήρους

2167 5899 2184 5920 ο
2215 5882 2354 5938 Psal.
2389 5898 2549 5945 xvxu,
2583 5883 2632 5936 9.
