  <div class='ocr_page' id='page_1' title='image "/cluster/home/n/w/nwhite01/storage/ocr_20150623/88/pst.000005712946/856.png"; bbox 0 0 4042 6334; ppageno 0'>
   <div class='ocr_carea' id='block_1_1' title="bbox 126 438 265 507">
    <p class='ocr_par' dir='ltr' id='par_1_1' title="bbox 126 438 265 507">
     <span class='ocr_line' id='line_1_1' title="bbox 126 438 265 507; baseline 0.029 -4"><span class='ocrx_word' id='word_1_1' title='bbox 126 438 265 507; x_wconf 80' lang='lat'><strong>1633</strong></span> 
     </span>
    </p>
   </div>
   <div class='ocr_carea' id='block_1_2' title="bbox 1512 447 1954 511">
    <p class='ocr_par' dir='ltr' id='par_1_2' title="bbox 1512 447 1954 511">
     <span class='ocr_line' id='line_1_2' title="bbox 1512 447 1954 511; baseline 0.009 -4"><span class='ocrx_word' id='word_1_2' title='bbox 1512 447 1887 510; x_wconf 79' lang='lat' dir='ltr'><strong>DOCTRINA</strong></span> <span class='ocrx_word' id='word_1_3' title='bbox 1925 452 1954 511; x_wconf 89' lang='lat' dir='ltr'>I</span> 
     </span>
    </p>
   </div>
   <div class='ocr_carea' id='block_1_3' title="bbox 3200 463 3334 527">
    <p class='ocr_par' dir='ltr' id='par_1_3' title="bbox 3200 463 3334 527">
     <span class='ocr_line' id='line_1_3' title="bbox 3200 463 3334 527; baseline 0.015 -2"><span class='ocrx_word' id='word_1_4' title='bbox 3200 463 3334 527; x_wconf 70' lang='grc'><strong>1634</strong></span> 
     </span>
    </p>
   </div>
   <div class='ocr_carea' id='block_1_4' title="bbox 124 555 1680 659">
    <p class='ocr_par' dir='ltr' id='par_1_4' title="bbox 124 555 1680 631">
     <span class='ocr_line' id='line_1_4' title="bbox 124 555 1680 631; baseline 0.003 -22"><span class='ocrx_word' id='word_1_5' title='bbox 124 555 254 626; x_wconf 78' lang='grc' dir='ltr'>ροῦν</span> <span class='ocrx_word' id='word_1_6' title='bbox 288 558 517 628; x_wconf 83' lang='grc' dir='ltr'>ίμάτιον.</span> <span class='ocrx_word' id='word_1_7' title='bbox 563 559 782 631; x_wconf 81' lang='grc' dir='ltr'>Πρῶτον</span> <span class='ocrx_word' id='word_1_8' title='bbox 818 559 915 629; x_wconf 78' lang='grc' dir='ltr'><strong>μὲν</strong></span> <span class='ocrx_word' id='word_1_9' title='bbox 941 558 1015 620; x_wconf 82' lang='grc' dir='ltr'>ὡς</span> <span class='ocrx_word' id='word_1_10' title='bbox 1049 558 1300 629; x_wconf 74' lang='grc' dir='ltr'>βασιλεύς</span> <span class='ocrx_word' id='word_1_11' title='bbox 1326 575 1340 587; x_wconf 89' lang='grc'><strong>·</strong></span> <span class='ocrx_word' id='word_1_12' title='bbox 1389 559 1547 622; x_wconf 79' lang='grc' dir='ltr'>αὐτὸς</span> <span class='ocrx_word' id='word_1_13' title='bbox 1581 561 1680 631; x_wconf 82' lang='grc' dir='ltr'>γάρ</span> 
     </span>
    </p>
   </div>
   <div class='ocr_carea' id='block_1_5' title="bbox 1777 555 3335 659">
    <p class='ocr_par' dir='ltr' id='par_1_5' title="bbox 1788 569 3335 659">
     <span class='ocr_line' id='line_1_5' title="bbox 1788 569 3335 659; baseline 0.017 -45"><span class='ocrx_word' id='word_1_14' title='bbox 1788 576 2282 659; x_wconf 40' lang='lat' dir='ltr'><strong>pureum‘gerentes</strong></span> <span class='ocrx_word' id='word_1_15' title='bbox 2297 569 2364 659; x_wconf 68' lang='lat' dir='ltr'><strong>ad</strong></span> <span class='ocrx_word' id='word_1_16' title='bbox 2383 571 2656 628; x_wconf 85' lang='lat' dir='ltr'><strong>toleranda</strong></span> <span class='ocrx_word' id='word_1_17' title='bbox 2677 590 2901 646; x_wconf 71' lang='lat' dir='ltr'><strong>quaeque</strong></span> <span class='ocrx_word' id='word_1_18' title='bbox 2917 595 3014 648; x_wconf 91' lang='lat' dir='ltr'><strong>pro</strong></span> <span class='ocrx_word' id='word_1_19' title='bbox 3039 597 3103 636; x_wconf 91' lang='lat' dir='ltr'><strong>eo</strong></span> <span class='ocrx_word' id='word_1_20' title='bbox 3126 601 3335 659; x_wconf 85' lang='lat' dir='ltr'><strong>promp-</strong></span> 
     </span>
    </p>
   </div>
   <div class='ocr_carea' id='block_1_6' title="bbox 127 649 1685 718">
    <p class='ocr_par' dir='ltr' id='par_1_6' title="bbox 127 649 1685 718">
     <span class='ocr_line' id='line_1_6' title="bbox 127 649 1685 718; baseline 0.001 -17"><span class='ocrx_word' id='word_1_21' title='bbox 127 651 279 703; x_wconf 71' lang='grc' dir='ltr'>ἐστιν</span> <span class='ocrx_word' id='word_1_22' title='bbox 307 653 341 704; x_wconf 80' lang='grc' dir='ltr'><em>ὁ</em></span> <span class='ocrx_word' id='word_1_23' title='bbox 369 651 674 718; x_wconf 69' lang='grc' dir='ltr'>,βασιλεὺς</span> <span class='ocrx_word' id='word_1_24' title='bbox 698 650 814 704; x_wconf 86' lang='grc' dir='ltr'><strong>τῶν</strong></span> <span class='ocrx_word' id='word_1_25' title='bbox 836 651 1310 714; x_wconf 76' lang='grc' dir='ltr'>βασιλευόντων,</span> <span class='ocrx_word' id='word_1_26' title='bbox 1352 649 1452 702; x_wconf 74' lang='grc' dir='ltr'><strong>καί</strong></span> <span class='ocrx_word' id='word_1_27' title='bbox 1471 651 1685 718; x_wconf 81' lang='grc' dir='ltr'>Κύριος</span> 
     </span>
    </p>
   </div>
   <div class='ocr_carea' id='block_1_7' title="bbox 121 739 1685 817">
    <p class='ocr_par' dir='ltr' id='par_1_7' title="bbox 121 739 1685 817">
     <span class='ocr_line' id='line_1_7' title="bbox 121 739 1685 817; baseline 0.001 -25"><span class='ocrx_word' id='word_1_28' title='bbox 121 739 246 793; x_wconf 84' lang='grc' dir='ltr'><strong>τῶν</strong></span> <span class='ocrx_word' id='word_1_29' title='bbox 291 743 722 812; x_wconf 58' lang='grc' dir='ltr'>κυριευόντων-ο</span> <span class='ocrx_word' id='word_1_30' title='bbox 781 743 968 795; x_wconf 78' lang='grc' dir='ltr'>ἔπειτα</span> <span class='ocrx_word' id='word_1_31' title='bbox 1019 741 1196 795; x_wconf 77' lang='grc' dir='ltr'>δὲκαὶ</span> <span class='ocrx_word' id='word_1_32' title='bbox 1230 741 1685 817; x_wconf 35' lang='grc' dir='ltr'>ὡςιὲμπαιζόμε-</span> 
     </span>
    </p>
   </div>
   <div class='ocr_carea' id='block_1_8' title="bbox 121 827 1688 902">
    <p class='ocr_par' dir='ltr' id='par_1_8' title="bbox 121 827 1688 902">
     <span class='ocr_line' id='line_1_8' title="bbox 121 827 1688 902; baseline -0.001 -17"><span class='ocrx_word' id='word_1_33' title='bbox 121 833 328 895; x_wconf 81' lang='grc' dir='ltr'>νοςὺπὸ</span> <span class='ocrx_word' id='word_1_34' title='bbox 352 834 460 886; x_wconf 84' lang='grc' dir='ltr'>τῶν</span> <span class='ocrx_word' id='word_1_35' title='bbox 480 833 754 887; x_wconf 84' lang='grc' dir='ltr'>δυσσεϐὦν</span> <span class='ocrx_word' id='word_1_36' title='bbox 781 834 1024 886; x_wconf 84' lang='grc' dir='ltr'>ἐκείνων.</span> <span class='ocrx_word' id='word_1_37' title='bbox 1047 831 1156 885; x_wconf 74' lang='grc' dir='ltr'>Καὶ</span> <span class='ocrx_word' id='word_1_38' title='bbox 1182 834 1343 902; x_wconf 82' lang='grc' dir='ltr'><strong>ἡμεῖς</strong></span> <span class='ocrx_word' id='word_1_39' title='bbox 1368 827 1459 886; x_wconf 79' lang='grc' dir='ltr'>οὖν</span> <span class='ocrx_word' id='word_1_40' title='bbox 1476 832 1688 901; x_wconf 81' lang='grc' dir='ltr'>ἔχοντες</span> 
     </span>
    </p>
   </div>
   <div class='ocr_carea' id='block_1_9' title="bbox 119 920 1682 996">
    <p class='ocr_par' dir='ltr' id='par_1_9' title="bbox 119 920 1682 996">
     <span class='ocr_line' id='line_1_9' title="bbox 119 920 1682 996; baseline 0.001 -22"><span class='ocrx_word' id='word_1_41' title='bbox 119 922 182 974; x_wconf 81' lang='grc' dir='ltr'>τὸ</span> <span class='ocrx_word' id='word_1_42' title='bbox 213 926 438 993; x_wconf 85' lang='grc' dir='ltr'>σημεῖον</span> <span class='ocrx_word' id='word_1_43' title='bbox 469 925 530 978; x_wconf 84' lang='grc' dir='ltr'><strong>τὸ</strong></span> <span class='ocrx_word' id='word_1_44' title='bbox 556 925 890 996; x_wconf 82' lang='grc' dir='ltr'><strong>πορφυροῦν,</strong></span> <span class='ocrx_word' id='word_1_45' title='bbox 930 923 1486 992; x_wconf 85' lang='grc' dir='ltr'>ὲπαγγελλόμεθα,ὼς</span> <span class='ocrx_word' id='word_1_46' title='bbox 1515 920 1682 987; x_wconf 83' lang='grc' dir='ltr'>εἷπον,</span> 
     </span>
    </p>
   </div>
   <div class='ocr_carea' id='block_1_10' title="bbox 122 1014 1689 1086">
    <p class='ocr_par' dir='ltr' id='par_1_10' title="bbox 122 1014 1689 1086">
     <span class='ocr_line' id='line_1_10' title="bbox 122 1014 1689 1086; baseline 0.001 -21"><span class='ocrx_word' id='word_1_47' title='bbox 122 1014 420 1086; x_wconf 77' lang='grc' dir='ltr'><strong>ὑποφέρειν</strong></span> <span class='ocrx_word' id='word_1_48' title='bbox 481 1017 658 1070; x_wconf 83' lang='grc' dir='ltr'>πάντα</span> <span class='ocrx_word' id='word_1_49' title='bbox 705 1016 772 1069; x_wconf 84' lang='grc' dir='ltr'>τὰ</span> <span class='ocrx_word' id='word_1_50' title='bbox 803 1015 1098 1084; x_wconf 81' lang='grc' dir='ltr'>παθήματα</span> <span class='ocrx_word' id='word_1_51' title='bbox 1122 1015 1309 1079; x_wconf 84' lang='grc' dir='ltr'>αὐτοῦ,</span> <span class='ocrx_word' id='word_1_52' title='bbox 1335 1015 1429 1068; x_wconf 78' lang='grc' dir='ltr'>καὶ</span> <span class='ocrx_word' id='word_1_53' title='bbox 1448 1014 1634 1085; x_wconf 86' lang='grc' dir='ltr'>ὥσπερ</span> <span class='ocrx_word' id='word_1_54' title='bbox 1660 1016 1689 1066; x_wconf 85' lang='grc' dir='ltr'>ὁ</span> 
     </span>
    </p>
   </div>
   <div class='ocr_carea' id='block_1_11' title="bbox 121 1106 1693 1179">
    <p class='ocr_par' dir='ltr' id='par_1_11' title="bbox 121 1106 1693 1179">
     <span class='ocr_line' id='line_1_11' title="bbox 121 1106 1693 1179; baseline 0.001 -22"><span class='ocrx_word' id='word_1_55' title='bbox 121 1106 457 1177; x_wconf 58' lang='grc' dir='ltr'>στρατιώτης</span> <span class='ocrx_word' id='word_1_56' title='bbox 491 1108 590 1160; x_wconf 79' lang='grc' dir='ltr'><strong>οὐκ</strong></span> <span class='ocrx_word' id='word_1_57' title='bbox 625 1110 734 1177; x_wconf 79' lang='grc' dir='ltr'><strong>ἁφῇ</strong></span> <span class='ocrx_word' id='word_1_58' title='bbox 764 1108 862 1176; x_wconf 76' lang='grc' dir='ltr'><strong>τὴν</strong></span> <span class='ocrx_word' id='word_1_59' title='bbox 898 1107 1157 1179; x_wconf 88' lang='grc' dir='ltr'>στρατίαν</span> <span class='ocrx_word' id='word_1_60' title='bbox 1196 1106 1389 1171; x_wconf 81' lang='grc' dir='ltr'>αὑτοῦ,</span> <span class='ocrx_word' id='word_1_61' title='bbox 1425 1110 1519 1158; x_wconf 74' lang='grc' dir='ltr'><strong>καὶ</strong></span> <span class='ocrx_word' id='word_1_62' title='bbox 1589 1108 1693 1159; x_wconf 86' lang='grc' dir='ltr'>ὑπ-</span> 
     </span>
    </p>
   </div>
   <div class='ocr_carea' id='block_1_12' title="bbox 120 1196 1693 1268">
    <p class='ocr_par' dir='ltr' id='par_1_12' title="bbox 120 1196 1693 1268">
     <span class='ocr_line' id='line_1_12' title="bbox 120 1196 1693 1268; baseline 0 -21"><span class='ocrx_word' id='word_1_63' title='bbox 120 1196 270 1262; x_wconf 81' lang='grc' dir='ltr'>άγων</span> <span class='ocrx_word' id='word_1_64' title='bbox 305 1197 508 1265; x_wconf 89' lang='grc' dir='ltr'>γίνεται</span> <span class='ocrx_word' id='word_1_65' title='bbox 519 1198 803 1268; x_wconf 82' lang='grc' dir='ltr'>γεωργὺςῆ</span> <span class='ocrx_word' id='word_1_66' title='bbox 830 1197 1269 1267; x_wconf 81' lang='grc' dir='ltr'><strong>πραγματευτὴς,</strong></span> <span class='ocrx_word' id='word_1_67' title='bbox 1294 1196 1415 1249; x_wconf 77' lang='grc' dir='ltr'>ἐπεὶ</span> <span class='ocrx_word' id='word_1_68' title='bbox 1445 1196 1693 1248; x_wconf 80' lang='grc' dir='ltr'><strong>ἐκπίπτει</strong></span> 
     </span>
    </p>
   </div>
   <div class='ocr_carea' id='block_1_13' title="bbox 118 1286 1693 1357">
    <p class='ocr_par' dir='ltr' id='par_1_13' title="bbox 118 1286 1693 1357">
     <span class='ocr_line' id='line_1_13' title="bbox 118 1286 1693 1357; baseline -0.003 -13"><span class='ocrx_word' id='word_1_69' title='bbox 118 1287 221 1357; x_wconf 82' lang='grc' dir='ltr'>τῆς</span> <span class='ocrx_word' id='word_1_70' title='bbox 271 1288 428 1353; x_wconf 80' lang='grc' dir='ltr'><strong>ἀξίας</strong></span> <span class='ocrx_word' id='word_1_71' title='bbox 506 1290 693 1353; x_wconf 80' lang='grc' dir='ltr'>αὑτοῦ,</span> <span class='ocrx_word' id='word_1_72' title='bbox 753 1290 827 1352; x_wconf 82' lang='grc' dir='ltr'><strong>ὡς</strong></span> <span class='ocrx_word' id='word_1_73' title='bbox 869 1289 1059 1356; x_wconf 85' lang='grc' dir='ltr'>λέγειό</span> <span class='ocrx_word' id='word_1_74' title='bbox 1098 1287 1413 1351; x_wconf 83' lang='grc' dir='ltr'>’Δπόστολος</span> <span class='ocrx_word' id='word_1_75' title='bbox 1444 1303 1460 1318; x_wconf 89' lang='grc'><strong>·</strong></span> <span class='ocrx_word' id='word_1_76' title='bbox 1488 1286 1693 1353; x_wconf 79' lang='grc' dir='ltr'><strong>Οὐδεὶς</strong></span> 
     </span>
    </p>
   </div>
   <div class='ocr_carea' id='block_1_14' title="bbox 122 1379 1690 1449">
    <p class='ocr_par' dir='ltr' id='par_1_14' title="bbox 122 1379 1690 1449">
     <span class='ocr_line' id='line_1_14' title="bbox 122 1379 1690 1449; baseline 0.001 -21"><span class='ocrx_word' id='word_1_77' title='bbox 122 1383 594 1449; x_wconf 76' lang='grc' dir='ltr'><strong>στρατευόμενος</strong></span> <span class='ocrx_word' id='word_1_78' title='bbox 617 1380 971 1448; x_wconf 77' lang='grc' dir='ltr'><strong>ἐμπλέκεται</strong></span> <span class='ocrx_word' id='word_1_79' title='bbox 1000 1379 1127 1446; x_wconf 83' lang='grc' dir='ltr'>ταῖς</span> <span class='ocrx_word' id='word_1_80' title='bbox 1151 1380 1258 1433; x_wconf 88' lang='grc' dir='ltr'>τοῦ</span> <span class='ocrx_word' id='word_1_81' title='bbox 1272 1380 1414 1444; x_wconf 80' lang='grc' dir='ltr'>,ϐίου</span> <span class='ocrx_word' id='word_1_82' title='bbox 1431 1387 1690 1446; x_wconf 79' lang='grc' dir='ltr'>πραγμα-</span> 
     </span>
    </p>
   </div>
   <div class='ocr_carea' id='block_1_15' title="bbox 1783 651 3336 744">
    <p class='ocr_par' dir='ltr' id='par_1_15' title="bbox 1783 651 3336 744">
     <span class='ocr_line' id='line_1_15' title="bbox 1783 651 3336 744; baseline 0.019 -44"><span class='ocrx_word' id='word_1_83' title='bbox 1783 659 1867 703; x_wconf 88' lang='lat' dir='ltr'><strong>tos</strong></span> <span class='ocrx_word' id='word_1_84' title='bbox 1910 651 2273 744; x_wconf 67' lang='lat' dir='ltr'><strong>proﬁteamur.</strong></span> <span class='ocrx_word' id='word_1_85' title='bbox 2323 655 2387 710; x_wconf 85' lang='lat' dir='ltr'><strong>Et</strong></span> <span class='ocrx_word' id='word_1_86' title='bbox 2422 662 2868 727; x_wconf 87' lang='lat' dir='ltr'><strong>quemadmodum</strong></span> <span class='ocrx_word' id='word_1_87' title='bbox 2911 669 3066 725; x_wconf 84' lang='lat' dir='ltr'><strong>miles</strong></span> <span class='ocrx_word' id='word_1_88' title='bbox 3116 651 3336 744; x_wconf 78' lang='lat' dir='ltr'><strong>nequid-</strong></span> 
     </span>
    </p>
   </div>
   <div class='ocr_carea' id='block_1_16' title="bbox 1783 740 3336 829">
    <p class='ocr_par' dir='ltr' id='par_1_16' title="bbox 1783 740 3336 829">
     <span class='ocr_line' id='line_1_16' title="bbox 1783 740 3336 829; baseline 0.019 -41"><span class='ocrx_word' id='word_1_89' title='bbox 1783 751 1944 804; x_wconf 83' lang='lat' dir='ltr'><strong>quam</strong></span> <span class='ocrx_word' id='word_1_90' title='bbox 1982 740 2169 795; x_wconf 87' lang='lat' dir='ltr'><strong>militia</strong></span> <span class='ocrx_word' id='word_1_91' title='bbox 2193 758 2289 796; x_wconf 84' lang='lat' dir='ltr'><strong>sua</strong></span> <span class='ocrx_word' id='word_1_92' title='bbox 2330 745 2570 810; x_wconf 89' lang='lat' dir='ltr'><strong>dimissa,</strong></span> <span class='ocrx_word' id='word_1_93' title='bbox 2602 765 2867 806; x_wconf 75' lang='lat' dir='ltr'><strong>mercator</strong></span> <span class='ocrx_word' id='word_1_94' title='bbox 2891 755 2945 809; x_wconf 73' lang='lat' dir='ltr'><strong>ﬁt</strong></span> <span class='ocrx_word' id='word_1_95' title='bbox 2963 768 3056 811; x_wconf 88' lang='lat' dir='ltr'><strong>aut</strong></span> <span class='ocrx_word' id='word_1_96' title='bbox 3083 740 3336 829; x_wconf 68' lang='lat' dir='ltr'><strong>agricola.</strong></span> 
     </span>
    </p>
   </div>
   <div class='ocr_carea' id='block_1_17' title="bbox 1784 828 3337 908">
    <p class='ocr_par' dir='ltr' id='par_1_17' title="bbox 1784 828 3337 908">
     <span class='ocr_line' id='line_1_17' title="bbox 1784 828 3337 908; baseline 0.018 -28"><span class='ocrx_word' id='word_1_97' title='bbox 1784 828 1876 880; x_wconf 90' lang='lat' dir='ltr'><strong>sed</strong></span> <span class='ocrx_word' id='word_1_98' title='bbox 1905 828 2135 884; x_wconf 77' lang='lat' dir='ltr'><strong>militare</strong></span> <span class='ocrx_word' id='word_1_99' title='bbox 2157 832 2347 902; x_wconf 83' lang='lat' dir='ltr'><strong>pergit,</strong></span> <span class='ocrx_word' id='word_1_100' title='bbox 2373 844 2428 888; x_wconf 90' lang='lat' dir='ltr'><strong>ut</strong></span> <span class='ocrx_word' id='word_1_101' title='bbox 2455 837 2528 889; x_wconf 84' lang='lat' dir='ltr'><strong>ait</strong></span> <span class='ocrx_word' id='word_1_102' title='bbox 2557 836 2878 906; x_wconf 79' lang='lat' dir='ltr'><strong>Apostolus:</strong></span> <span class='ocrx_word' id='word_1_103' title='bbox 2916 844 3083 902; x_wconf 88' lang='lat' dir='ltr'><strong>Nemo</strong></span> <span class='ocrx_word' id='word_1_104' title='bbox 3105 828 3337 908; x_wconf 70' lang='lat' dir='ltr'><strong>militans</strong></span> 
     </span>
    </p>
   </div>
   <div class='ocr_carea' id='block_1_18' title="bbox 1786 912 3340 1005">
    <p class='ocr_par' dir='ltr' id='par_1_18' title="bbox 1786 912 3340 1005">
     <span class='ocr_line' id='line_1_18' title="bbox 1786 912 3340 1005; baseline 0.019 -40"><span class='ocrx_word' id='word_1_105' title='bbox 1786 912 1894 966; x_wconf 86' lang='lat' dir='ltr'><strong>Deo</strong></span> <span class='ocrx_word' id='word_1_106' title='bbox 1945 915 2176 985; x_wconf 75' lang='lat' dir='ltr'><strong>implicat</strong></span> <span class='ocrx_word' id='word_1_107' title='bbox 2202 935 2256 972; x_wconf 74' lang='lat' dir='ltr'><strong>se</strong></span> <span class='ocrx_word' id='word_1_108' title='bbox 2285 923 2500 989; x_wconf 76' lang='lat' dir='ltr'><strong>negotiis</strong></span> <span class='ocrx_word' id='word_1_109' title='bbox 2549 927 2904 997; x_wconf 66' lang='lat' dir='ltr'><strong>saecularibus,</strong></span> <span class='ocrx_word' id='word_1_110' title='bbox 2941 943 2997 986; x_wconf 83' lang='lat' dir='ltr'><strong>ut</strong></span> <span class='ocrx_word' id='word_1_111' title='bbox 3038 936 3340 1005; x_wconf 74' lang='lat' dir='ltr'><strong>imperatori</strong></span> 
     </span>
    </p>
   </div>
   <div class='ocr_carea' id='block_1_19' title="bbox 1794 1005 3340 1082">
    <p class='ocr_par' dir='ltr' id='par_1_19' title="bbox 1794 1005 3340 1082">
     <span class='ocr_line' id='line_1_19' title="bbox 1794 1005 3340 1082; baseline 0.016 -25"><span class='ocrx_word' id='word_1_112' title='bbox 1794 1020 1889 1058; x_wconf 82' lang='lat' dir='ltr'><strong>suo</strong></span> <span class='ocrx_word' id='word_1_113' title='bbox 1937 1005 2139 1072; x_wconf 78' lang='lat' dir='ltr'><strong>placere</strong></span> <span class='ocrx_word' id='word_1_114' title='bbox 2159 1019 2311 1077; x_wconf 81' lang='lat' dir='ltr'><strong>queat</strong></span> <span class='ocrx_word' id='word_1_115' title='bbox 2347 1010 2364 1049; x_wconf 81' lang='grc' dir='ltr'><strong>ί</strong></span> <span class='ocrx_word' id='word_1_116' title='bbox 2400 1051 2414 1064; x_wconf 95' lang='grc'><strong>.</strong></span> <span class='ocrx_word' id='word_1_117' title='bbox 2441 1011 2514 1065; x_wconf 90' lang='lat' dir='ltr'><strong>lta</strong></span> <span class='ocrx_word' id='word_1_118' title='bbox 2543 1028 2639 1067; x_wconf 88' lang='lat' dir='ltr'><strong>nos</strong></span> <span class='ocrx_word' id='word_1_119' title='bbox 2663 1016 2705 1068; x_wconf 88' lang='lat' dir='ltr'><strong>si</strong></span> <span class='ocrx_word' id='word_1_120' title='bbox 2748 1020 2859 1072; x_wconf 82' lang='lat' dir='ltr'><strong>veri</strong></span> <span class='ocrx_word' id='word_1_121' title='bbox 2888 1032 3177 1078; x_wconf 78' lang='lat' dir='ltr'><strong>certatores</strong></span> <span class='ocrx_word' id='word_1_122' title='bbox 3219 1042 3340 1082; x_wconf 88' lang='lat' dir='ltr'><strong>esse</strong></span> 
     </span>
    </p>
   </div>
   <div class='ocr_carea' id='block_1_20' title="bbox 1793 1096 3337 1173">
    <p class='ocr_par' dir='ltr' id='par_1_20' title="bbox 1793 1096 3337 1173">
     <span class='ocr_line' id='line_1_20' title="bbox 1793 1096 3337 1173; baseline 0.014 -22"><span class='ocrx_word' id='word_1_123' title='bbox 1793 1096 2062 1165; x_wconf 89' lang='lat' dir='ltr'><strong>cupimus,</strong></span> <span class='ocrx_word' id='word_1_124' title='bbox 2108 1100 2439 1168; x_wconf 83' lang='lat' dir='ltr'><strong>negligamus</strong></span> <span class='ocrx_word' id='word_1_125' title='bbox 2471 1119 2804 1173; x_wconf 69' lang='lat' dir='ltr'><strong>quaecunque</strong></span> <span class='ocrx_word' id='word_1_126' title='bbox 2837 1121 2966 1165; x_wconf 87' lang='lat' dir='ltr'><strong>sunt</strong></span> <span class='ocrx_word' id='word_1_127' title='bbox 2989 1115 3173 1169; x_wconf 88' lang='lat' dir='ltr'><strong>mundi</strong></span> <span class='ocrx_word' id='word_1_128' title='bbox 3206 1134 3218 1168; x_wconf 93' lang='lat'><strong>:</strong></span> <span class='ocrx_word' id='word_1_129' title='bbox 3245 1133 3337 1172; x_wconf 84' lang='lat' dir='ltr'><strong>so-</strong></span> 
     </span>
    </p>
   </div>
   <div class='ocr_carea' id='block_1_21' title="bbox 1794 1189 3340 1278">
    <p class='ocr_par' dir='ltr' id='par_1_21' title="bbox 1794 1189 3340 1278">
     <span class='ocr_line' id='line_1_21' title="bbox 1794 1189 3340 1278; baseline 0.014 -36"><span class='ocrx_word' id='word_1_130' title='bbox 1794 1189 1936 1258; x_wconf 89' lang='lat' dir='ltr'><strong>lique</strong></span> <span class='ocrx_word' id='word_1_131' title='bbox 1968 1190 2077 1243; x_wconf 88' lang='lat' dir='ltr'><strong>Deo</strong></span> <span class='ocrx_word' id='word_1_132' title='bbox 2109 1192 2400 1257; x_wconf 87' lang='lat' dir='ltr'><strong>dedamus,</strong></span> <span class='ocrx_word' id='word_1_133' title='bbox 2435 1195 2536 1248; x_wconf 89' lang='lat' dir='ltr'><strong>soli</strong></span> <span class='ocrx_word' id='word_1_134' title='bbox 2564 1198 2913 1267; x_wconf 83' lang='lat' dir='ltr'><strong>assistamus,</strong></span> <span class='ocrx_word' id='word_1_135' title='bbox 2947 1206 3047 1258; x_wconf 88' lang='lat' dir='ltr'><strong>soli</strong></span> <span class='ocrx_word' id='word_1_136' title='bbox 3078 1207 3340 1278; x_wconf 82' lang='lat' dir='ltr'><strong>obsequa-</strong></span> 
     </span>
    </p>
   </div>
   <div class='ocr_carea' id='block_1_22' title="bbox 1793 1281 3338 1372">
    <p class='ocr_par' dir='ltr' id='par_1_22' title="bbox 1793 1281 3338 1372">
     <span class='ocr_line' id='line_1_22' title="bbox 1793 1281 3338 1372; baseline 0.016 -39"><span class='ocrx_word' id='word_1_137' title='bbox 1793 1297 1935 1342; x_wconf 90' lang='lat' dir='ltr'><strong>mur,</strong></span> <span class='ocrx_word' id='word_1_138' title='bbox 2020 1281 2120 1337; x_wconf 89' lang='lat' dir='ltr'><strong>soli</strong></span> <span class='ocrx_word' id='word_1_139' title='bbox 2161 1282 2477 1341; x_wconf 65' lang='lat' dir='ltr'><strong>serviamus</strong></span> <span class='ocrx_word' id='word_1_140' title='bbox 2533 1306 2550 1341; x_wconf 85' lang='lat'><strong>:</strong></span> <span class='ocrx_word' id='word_1_141' title='bbox 2599 1298 2658 1343; x_wconf 92' lang='lat' dir='ltr'><strong>ut</strong></span> <span class='ocrx_word' id='word_1_142' title='bbox 2707 1291 2797 1358; x_wconf 89' lang='lat' dir='ltr'><strong>sit,</strong></span> <span class='ocrx_word' id='word_1_143' title='bbox 2844 1295 2987 1364; x_wconf 92' lang='lat' dir='ltr'><strong>quod</strong></span> <span class='ocrx_word' id='word_1_144' title='bbox 3033 1299 3129 1365; x_wconf 87' lang='lat' dir='ltr'><strong>ait,</strong></span> <span class='ocrx_word' id='word_1_145' title='bbox 3189 1301 3338 1372; x_wconf 84' lang='lat' dir='ltr'><strong>virgo</strong></span> 
     </span>
    </p>
   </div>
   <div class='ocr_carea' id='block_1_23' title="bbox 1791 1375 2703 1437">
    <p class='ocr_par' dir='ltr' id='par_1_23' title="bbox 1791 1375 2703 1437">
     <span class='ocr_line' id='line_1_23' title="bbox 1791 1375 2703 1437; baseline 0.009 -8"><span class='ocrx_word' id='word_1_146' title='bbox 1791 1375 2034 1430; x_wconf 90' lang='lat' dir='ltr'><strong>assidens</strong></span> <span class='ocrx_word' id='word_1_147' title='bbox 2061 1386 2116 1429; x_wconf 91' lang='lat' dir='ltr'><strong>et</strong></span> <span class='ocrx_word' id='word_1_148' title='bbox 2144 1391 2173 1430; x_wconf 88' lang='lat' dir='ltr'><strong>a</strong></span> <span class='ocrx_word' id='word_1_149' title='bbox 2195 1377 2342 1432; x_wconf 91' lang='lat' dir='ltr'><strong>nullo</strong></span> <span class='ocrx_word' id='word_1_150' title='bbox 2368 1379 2622 1436; x_wconf 88' lang='lat' dir='ltr'><strong>distracta</strong></span> <span class='ocrx_word' id='word_1_151' title='bbox 2656 1380 2703 1437; x_wconf 87' lang='lat' dir='ltr'><strong>i.</strong></span> 
     </span>
    </p>
   </div>
   <div class='ocr_carea' id='block_1_24' title="bbox 120 1470 3340 1551">
    <p class='ocr_par' dir='ltr' id='par_1_24' title="bbox 120 1470 3340 1551">
     <span class='ocr_line' id='line_1_24' title="bbox 120 1470 3340 1551; baseline 0.002 -25"><span class='ocrx_word' id='word_1_152' title='bbox 120 1475 321 1541; x_wconf 80' lang='grc' dir='ltr'>τείαις·</span> <span class='ocrx_word' id='word_1_153' title='bbox 347 1478 446 1529; x_wconf 78' lang='grc' dir='ltr'>ἵνα</span> <span class='ocrx_word' id='word_1_154' title='bbox 475 1478 553 1540; x_wconf 86' lang='grc' dir='ltr'><strong>τῷ</strong></span> <span class='ocrx_word' id='word_1_155' title='bbox 578 1475 1122 1545; x_wconf 64' lang='grc' dir='ltr'><strong>στρατολογήσαντι</strong></span> <span class='ocrx_word' id='word_1_156' title='bbox 1142 1474 1414 1544; x_wconf 79' lang='grc' dir='ltr'><strong>ἀρέσειεν</strong></span> <span class='ocrx_word' id='word_1_157' title='bbox 1445 1489 1458 1503; x_wconf 90' lang='grc'><strong>·</strong></span> <span class='ocrx_word' id='word_1_158' title='bbox 1490 1474 1661 1534; x_wconf 76' lang='grc' dir='ltr'>οὕτως</span> <span class='ocrx_word' id='word_1_159' title='bbox 1696 1471 1788 1525; x_wconf 77' lang='grc' dir='ltr'><strong>καὶ</strong></span> <span class='ocrx_word' id='word_1_160' title='bbox 1822 1473 1980 1542; x_wconf 85' lang='grc' dir='ltr'><strong>ἡμεῖς</strong></span> <span class='ocrx_word' id='word_1_161' title='bbox 2000 1470 2281 1541; x_wconf 76' lang='grc' dir='ltr'><strong>ὀφείλομεν</strong></span> <span class='ocrx_word' id='word_1_162' title='bbox 2322 1473 2553 1544; x_wconf 85' lang='grc' dir='ltr'>ἀθλῆσαι</span> <span class='ocrx_word' id='word_1_163' title='bbox 2584 1476 2677 1530; x_wconf 74' lang='grc' dir='ltr'><strong>καὶ</strong></span> <span class='ocrx_word' id='word_1_164' title='bbox 2698 1478 3063 1551; x_wconf 81' lang='grc' dir='ltr'>ἀμεριμνῆσαι</span> <span class='ocrx_word' id='word_1_165' title='bbox 3087 1487 3194 1541; x_wconf 72' lang='grc' dir='ltr'><strong>ἀπὸ</strong></span> <span class='ocrx_word' id='word_1_166' title='bbox 3212 1489 3340 1545; x_wconf 80' lang='grc' dir='ltr'>πάν.</span> 
     </span>
    </p>
   </div>
   <div class='ocr_carea' id='block_1_25' title="bbox 118 1553 3340 1645">
    <p class='ocr_par' dir='ltr' id='par_1_25' title="bbox 118 1553 3340 1645">
     <span class='ocr_line' id='line_1_25' title="bbox 118 1553 3340 1645; baseline 0.002 -26"><span class='ocrx_word' id='word_1_167' title='bbox 118 1584 229 1620; x_wconf 89' lang='grc' dir='ltr'><strong>των</strong></span> <span class='ocrx_word' id='word_1_168' title='bbox 280 1566 386 1618; x_wconf 85' lang='grc' dir='ltr'>τῶν</span> <span class='ocrx_word' id='word_1_169' title='bbox 429 1565 522 1619; x_wconf 92' lang='grc' dir='ltr'><strong>τοῦ</strong></span> <span class='ocrx_word' id='word_1_170' title='bbox 565 1567 766 1638; x_wconf 87' lang='grc' dir='ltr'>κόσμου</span> <span class='ocrx_word' id='word_1_171' title='bbox 791 1566 1004 1632; x_wconf 87' lang='grc' dir='ltr'>τούτου,</span> <span class='ocrx_word' id='word_1_172' title='bbox 1072 1568 1167 1620; x_wconf 75' lang='grc' dir='ltr'><strong>καὶ</strong></span> <span class='ocrx_word' id='word_1_173' title='bbox 1204 1565 1323 1636; x_wconf 84' lang='grc' dir='ltr'>Θεῷ</span> <span class='ocrx_word' id='word_1_174' title='bbox 1383 1565 1530 1636; x_wconf 84' lang='grc' dir='ltr'>μόνῳ</span> <span class='ocrx_word' id='word_1_175' title='bbox 1587 1563 1864 1634; x_wconf 81' lang='grc' dir='ltr'><strong>σχολάσαι,</strong></span> <span class='ocrx_word' id='word_1_176' title='bbox 1920 1561 1996 1626; x_wconf 82' lang='grc' dir='ltr'>ὡς</span> <span class='ocrx_word' id='word_1_177' title='bbox 2057 1561 2226 1630; x_wconf 77' lang='grc' dir='ltr'>λέγει,</span> <span class='ocrx_word' id='word_1_178' title='bbox 2299 1562 2386 1615; x_wconf 84' lang='grc' dir='ltr'><strong>ἵνα</strong></span> <span class='ocrx_word' id='word_1_179' title='bbox 2449 1559 2781 1637; x_wconf 78' lang='grc' dir='ltr'>ᾗπαρθένος</span> <span class='ocrx_word' id='word_1_180' title='bbox 2839 1553 3190 1645; x_wconf 77' lang='grc' dir='ltr'>εὐπάρεδρος,</span> <span class='ocrx_word' id='word_1_181' title='bbox 3243 1583 3340 1636; x_wconf 69' lang='grc' dir='ltr'><strong>καὶ,</strong></span> 
     </span>
    </p>
   </div>
   <div class='ocr_carea' id='block_1_26' title="bbox 124 1659 554 1729">
    <p class='ocr_par' dir='ltr' id='par_1_26' title="bbox 124 1659 554 1729">
     <span class='ocr_line' id='line_1_26' title="bbox 124 1659 554 1729; baseline -0.002 -16"><span class='ocrx_word' id='word_1_182' title='bbox 124 1659 554 1729; x_wconf 80' lang='grc' dir='ltr'>ἀπερίσπαστος.</span> 
     </span>
    </p>
   </div>
   <div class='ocr_carea' id='block_1_27' title="bbox 198 1735 1680 1819">
    <p class='ocr_par' dir='ltr' id='par_1_27' title="bbox 198 1735 1679 1819">
     <span class='ocr_line' id='line_1_27' title="bbox 198 1735 1679 1819; baseline -0.004 -16"><span class='ocrx_word' id='word_1_183' title='bbox 198 1750 300 1806; x_wconf 84' lang='grc' dir='ltr'><strong>1Γ¹.</strong></span> <span class='ocrx_word' id='word_1_184' title='bbox 344 1747 581 1819; x_wconf 84' lang='grc' dir='ltr'>Ἕχομεν</span> <span class='ocrx_word' id='word_1_185' title='bbox 610 1748 667 1802; x_wconf 82' lang='grc' dir='ltr'><strong>δὲ</strong></span> <span class='ocrx_word' id='word_1_186' title='bbox 713 1751 804 1802; x_wconf 77' lang='grc' dir='ltr'>καὶ</span> <span class='ocrx_word' id='word_1_187' title='bbox 835 1747 1010 1818; x_wconf 83' lang='grc' dir='ltr'>ζώνην</span> <span class='ocrx_word' id='word_1_188' title='bbox 1040 1765 1054 1779; x_wconf 73' lang='grc'><strong><em>⁸</em></strong></span> <span class='ocrx_word' id='word_1_189' title='bbox 1081 1748 1169 1802; x_wconf 84' lang='grc' dir='ltr'><strong>διὰ</strong></span> <span class='ocrx_word' id='word_1_190' title='bbox 1204 1747 1258 1800; x_wconf 87' lang='grc' dir='ltr'><strong>τί</strong></span> <span class='ocrx_word' id='word_1_191' title='bbox 1289 1747 1347 1801; x_wconf 81' lang='grc' dir='ltr'><strong>δὲ</strong></span> <span class='ocrx_word' id='word_1_192' title='bbox 1378 1735 1679 1816; x_wconf 72' lang='grc' dir='ltr'>φοροῦμένς</span> 
     </span>
    </p>
   </div>
   <div class='ocr_carea' id='block_1_28' title="bbox 1777 1735 3337 1819">
    <p class='ocr_par' dir='ltr' id='par_1_28' title="bbox 1852 1737 3337 1816">
     <span class='ocr_line' id='line_1_28' title="bbox 1852 1737 3337 1816; baseline 0.01 -21"><span class='ocrx_word' id='word_1_193' title='bbox 1852 1738 1990 1795; x_wconf 81' lang='lat' dir='ltr'><strong>XIII.</strong></span> <span class='ocrx_word' id='word_1_194' title='bbox 2025 1737 2298 1814; x_wconf 83' lang='lat' dir='ltr'><strong>Habemus</strong></span> <span class='ocrx_word' id='word_1_195' title='bbox 2333 1749 2508 1793; x_wconf 87' lang='lat' dir='ltr'><strong>autem</strong></span> <span class='ocrx_word' id='word_1_196' title='bbox 2549 1750 2604 1795; x_wconf 86' lang='lat' dir='ltr'><strong>et</strong></span> <span class='ocrx_word' id='word_1_197' title='bbox 2653 1759 2845 1800; x_wconf 90' lang='lat' dir='ltr'><strong>zonam</strong></span> <span class='ocrx_word' id='word_1_198' title='bbox 2887 1747 3160 1816; x_wconf 88' lang='lat' dir='ltr'><strong>pelliceam</strong></span> <span class='ocrx_word' id='word_1_199' title='bbox 3195 1754 3337 1810; x_wconf 90' lang='lat' dir='ltr'><strong>circa</strong></span> 
     </span>
    </p>
   </div>
   <div class='ocr_carea' id='block_1_29' title="bbox 131 1838 1676 1912">
    <p class='ocr_par' dir='ltr' id='par_1_29' title="bbox 131 1838 1676 1912">
     <span class='ocr_line' id='line_1_29' title="bbox 131 1838 1676 1912; baseline -0.003 -17"><span class='ocrx_word' id='word_1_200' title='bbox 131 1842 200 1895; x_wconf 84' lang='grc' dir='ltr'><strong><em>Ἦ</em></strong></span> <span class='ocrx_word' id='word_1_201' title='bbox 229 1841 374 1910; x_wconf 78' lang='grc' dir='ltr'>ζώνη</span> <span class='ocrx_word' id='word_1_202' title='bbox 409 1843 473 1911; x_wconf 82' lang='grc' dir='ltr'>ἣν</span> <span class='ocrx_word' id='word_1_203' title='bbox 498 1841 788 1912; x_wconf 84' lang='grc' dir='ltr'>φοροῦμεν,</span> <span class='ocrx_word' id='word_1_204' title='bbox 838 1840 1106 1909; x_wconf 89' lang='grc' dir='ltr'>σύμϐολόν</span> <span class='ocrx_word' id='word_1_205' title='bbox 1150 1842 1266 1894; x_wconf 76' lang='grc' dir='ltr'>ἐστι</span> <span class='ocrx_word' id='word_1_206' title='bbox 1313 1838 1528 1910; x_wconf 79' lang='grc' dir='ltr'>πρῶτον</span> <span class='ocrx_word' id='word_1_207' title='bbox 1558 1839 1676 1909; x_wconf 80' lang='grc' dir='ltr'>μὲν,</span> 
     </span>
    </p>
   </div>
   <div class='ocr_carea' id='block_1_30' title="bbox 119 1931 1681 2004">
    <p class='ocr_par' dir='ltr' id='par_1_30' title="bbox 119 1931 1681 2004">
     <span class='ocr_line' id='line_1_30' title="bbox 119 1931 1681 2004; baseline -0.001 -18"><span class='ocrx_word' id='word_1_208' title='bbox 119 1934 203 1986; x_wconf 85' lang='grc' dir='ltr'>ὅτι</span> <span class='ocrx_word' id='word_1_209' title='bbox 256 1933 420 2004; x_wconf 76' lang='grc' dir='ltr'>ἐσμὲν</span> <span class='ocrx_word' id='word_1_210' title='bbox 445 1932 860 2002; x_wconf 84' lang='grc' dir='ltr'>εὐτρεπισμὲνοι</span> <span class='ocrx_word' id='word_1_211' title='bbox 885 1933 964 1994; x_wconf 81' lang='grc' dir='ltr'><strong>είς</strong></span> <span class='ocrx_word' id='word_1_212' title='bbox 994 1931 1152 2001; x_wconf 78' lang='grc' dir='ltr'>ἔργον</span> <span class='ocrx_word' id='word_1_213' title='bbox 1177 1973 1190 1986; x_wconf 95' lang='grc'><strong>.</strong></span> <span class='ocrx_word' id='word_1_214' title='bbox 1241 1932 1509 1995; x_wconf 84' lang='grc' dir='ltr'>Ἕκαστος</span> <span class='ocrx_word' id='word_1_215' title='bbox 1571 1931 1681 2000; x_wconf 85' lang='grc' dir='ltr'><strong>γὰρ</strong></span> 
     </span>
    </p>
   </div>
   <div class='ocr_carea' id='block_1_31' title="bbox 121 2020 1680 2093">
    <p class='ocr_par' dir='ltr' id='par_1_31' title="bbox 121 2020 1680 2093">
     <span class='ocr_line' id='line_1_31' title="bbox 121 2020 1680 2093; baseline -0.002 -17"><span class='ocrx_word' id='word_1_216' title='bbox 121 2023 296 2077; x_wconf 77' lang='grc' dir='ltr'>θέλων</span> <span class='ocrx_word' id='word_1_217' title='bbox 367 2022 727 2093; x_wconf 78' lang='grc' dir='ltr'>ἐργάσασθαι,</span> <span class='ocrx_word' id='word_1_218' title='bbox 777 2022 991 2092; x_wconf 83' lang='grc' dir='ltr'>πρῶτον</span> <span class='ocrx_word' id='word_1_219' title='bbox 1029 2023 1309 2086; x_wconf 83' lang='grc' dir='ltr'>ζώννυται,</span> <span class='ocrx_word' id='word_1_220' title='bbox 1365 2022 1480 2075; x_wconf 76' lang='grc' dir='ltr'>καὶ·</span> <span class='ocrx_word' id='word_1_221' title='bbox 1507 2020 1680 2085; x_wconf 77' lang='grc' dir='ltr'>οὕτως</span> 
     </span>
    </p>
   </div>
   <div class='ocr_carea' id='block_1_32' title="bbox 118 2113 1678 2186">
    <p class='ocr_par' dir='ltr' id='par_1_32' title="bbox 118 2113 1678 2186">
     <span class='ocr_line' id='line_1_32' title="bbox 118 2113 1678 2186; baseline -0.001 -18"><span class='ocrx_word' id='word_1_222' title='bbox 118 2115 347 2186; x_wconf 80' lang='grc' dir='ltr'>ἄρχεται</span> <span class='ocrx_word' id='word_1_223' title='bbox 384 2114 475 2166; x_wconf 88' lang='grc' dir='ltr'><strong>τοῦ</strong></span> <span class='ocrx_word' id='word_1_224' title='bbox 509 2114 690 2185; x_wconf 78' lang='grc' dir='ltr'>ἔργου,</span> <span class='ocrx_word' id='word_1_225' title='bbox 718 2114 791 2175; x_wconf 85' lang='grc' dir='ltr'>ὡς</span> <span class='ocrx_word' id='word_1_226' title='bbox 821 2113 985 2182; x_wconf 82' lang='grc' dir='ltr'><strong>λέγει,</strong></span> <span class='ocrx_word' id='word_1_227' title='bbox 1026 2115 1342 2167; x_wconf 84' lang='grc' dir='ltr'><strong>Ἔστωσαν</strong></span> <span class='ocrx_word' id='word_1_228' title='bbox 1364 2116 1424 2167; x_wconf 81' lang='lat' dir='ltr'><strong>al</strong></span> <span class='ocrx_word' id='word_1_229' title='bbox 1454 2113 1678 2181; x_wconf 72' lang='grc' dir='ltr'>ὀσφύες</span> 
     </span>
    </p>
   </div>
   <div class='ocr_carea' id='block_1_33' title="bbox 118 2203 1680 2274">
    <p class='ocr_par' dir='ltr' id='par_1_33' title="bbox 118 2203 1680 2274">
     <span class='ocr_line' id='line_1_33' title="bbox 118 2203 1680 2274; baseline -0.003 -15"><span class='ocrx_word' id='word_1_230' title='bbox 118 2204 292 2274; x_wconf 78' lang='grc' dir='ltr'>ὑμῶν</span> <span class='ocrx_word' id='word_1_231' title='bbox 320 2203 810 2273; x_wconf 79' lang='grc' dir='ltr'>περιεζωσμέναι·</span> <span class='ocrx_word' id='word_1_232' title='bbox 852 2206 946 2257; x_wconf 79' lang='grc' dir='ltr'>καὶ</span> <span class='ocrx_word' id='word_1_233' title='bbox 968 2205 1150 2270; x_wconf 83' lang='grc' dir='ltr'>πάλιν,</span> <span class='ocrx_word' id='word_1_234' title='bbox 1203 2205 1289 2256; x_wconf 77' lang='grc' dir='ltr'>ἵνα</span> <span class='ocrx_word' id='word_1_235' title='bbox 1325 2203 1512 2274; x_wconf 83' lang='grc' dir='ltr'>ὥσπερ</span> <span class='ocrx_word' id='word_1_236' title='bbox 1566 2203 1680 2255; x_wconf 76' lang='grc' dir='ltr'>ἐστὶ</span> 
     </span>
    </p>
   </div>
   <div class='ocr_carea' id='block_1_34' title="bbox 117 2295 1680 2367">
    <p class='ocr_par' dir='ltr' id='par_1_34' title="bbox 117 2295 1680 2367">
     <span class='ocr_line' id='line_1_34' title="bbox 117 2295 1680 2367; baseline -0.003 -18"><span class='ocrx_word' id='word_1_237' title='bbox 117 2297 232 2349; x_wconf 73' lang='grc' dir='ltr'>ἀπὸ</span> <span class='ocrx_word' id='word_1_238' title='bbox 272 2296 468 2367; x_wconf 79' lang='grc' dir='ltr'>νεκροῦ</span> <span class='ocrx_word' id='word_1_239' title='bbox 507 2295 754 2364; x_wconf 84' lang='grc' dir='ltr'>σώματος</span> <span class='ocrx_word' id='word_1_240' title='bbox 783 2295 816 2366; x_wconf 82' lang='grc' dir='ltr'><strong>ή</strong></span> <span class='ocrx_word' id='word_1_241' title='bbox 845 2295 1012 2367; x_wconf 85' lang='grc' dir='ltr'>ζώνη,</span> <span class='ocrx_word' id='word_1_242' title='bbox 1043 2295 1215 2358; x_wconf 81' lang='grc' dir='ltr'>οὕτως</span> <span class='ocrx_word' id='word_1_243' title='bbox 1245 2296 1340 2347; x_wconf 78' lang='grc' dir='ltr'><strong>καὶ</strong></span> <span class='ocrx_word' id='word_1_244' title='bbox 1366 2296 1528 2364; x_wconf 72' lang='grc' dir='ltr'>ἡμεῖς</span> <span class='ocrx_word' id='word_1_245' title='bbox 1592 2310 1680 2346; x_wconf 88' lang='grc' dir='ltr'>νε-</span> 
     </span>
    </p>
   </div>
   <div class='ocr_carea' id='block_1_35' title="bbox 118 2381 1678 2456">
    <p class='ocr_par' dir='ltr' id='par_1_35' title="bbox 118 2381 1678 2456">
     <span class='ocr_line' id='line_1_35' title="bbox 118 2381 1678 2456; baseline -0.003 -18"><span class='ocrx_word' id='word_1_246' title='bbox 118 2384 426 2455; x_wconf 82' lang='grc' dir='ltr'>κρὼσωμεν</span> <span class='ocrx_word' id='word_1_247' title='bbox 451 2385 547 2456; x_wconf 78' lang='grc' dir='ltr'>τὴν</span> <span class='ocrx_word' id='word_1_248' title='bbox 579 2384 870 2454; x_wconf 76' lang='grc' dir='ltr'>ἐπιθυμίαν</span> <span class='ocrx_word' id='word_1_249' title='bbox 925 2385 1101 2455; x_wconf 84' lang='grc' dir='ltr'>ἡμῶν,</span> <span class='ocrx_word' id='word_1_250' title='bbox 1152 2384 1306 2436; x_wconf 85' lang='grc' dir='ltr'>Ἐστι</span> <span class='ocrx_word' id='word_1_251' title='bbox 1347 2385 1454 2454; x_wconf 82' lang='grc' dir='ltr'>γὰρ</span> <span class='ocrx_word' id='word_1_252' title='bbox 1479 2385 1511 2453; x_wconf 81' lang='grc' dir='ltr'>ἡ</span> <span class='ocrx_word' id='word_1_253' title='bbox 1534 2381 1678 2451; x_wconf 82' lang='grc' dir='ltr'>ζώνη</span> 
     </span>
    </p>
   </div>
   <div class='ocr_carea' id='block_1_36' title="bbox 117 2474 1678 2545">
    <p class='ocr_par' dir='ltr' id='par_1_36' title="bbox 117 2474 1678 2545">
     <span class='ocr_line' id='line_1_36' title="bbox 117 2474 1678 2545; baseline -0.004 -15"><span class='ocrx_word' id='word_1_254' title='bbox 117 2477 266 2530; x_wconf 76' lang='grc' dir='ltr'><strong>κατά</strong></span> <span class='ocrx_word' id='word_1_255' title='bbox 291 2476 390 2544; x_wconf 82' lang='grc' dir='ltr'>τῆς</span> <span class='ocrx_word' id='word_1_256' title='bbox 414 2475 610 2543; x_wconf 79' lang='grc' dir='ltr'><strong>ὀσφύος</strong></span> <span class='ocrx_word' id='word_1_257' title='bbox 644 2476 797 2545; x_wconf 85' lang='grc' dir='ltr'>ἡμῶν</span> <span class='ocrx_word' id='word_1_258' title='bbox 818 2491 834 2506; x_wconf 82' lang='grc'>⁶</span> <span class='ocrx_word' id='word_1_259' title='bbox 866 2476 982 2528; x_wconf 73' lang='grc' dir='ltr'>ἐκεῖ</span> <span class='ocrx_word' id='word_1_260' title='bbox 1003 2474 1061 2528; x_wconf 86' lang='grc' dir='ltr'>δέ</span> <span class='ocrx_word' id='word_1_261' title='bbox 1103 2477 1241 2528; x_wconf 87' lang='grc' dir='ltr'>είσιν</span> <span class='ocrx_word' id='word_1_262' title='bbox 1279 2476 1328 2527; x_wconf 88' lang='grc' dir='ltr'><strong>οί</strong></span> <span class='ocrx_word' id='word_1_263' title='bbox 1353 2475 1558 2543; x_wconf 79' lang='grc' dir='ltr'>νεφροὶ,</span> <span class='ocrx_word' id='word_1_264' title='bbox 1619 2474 1678 2524; x_wconf 83' lang='grc' dir='ltr'>ὲν</span> 
     </span>
    </p>
   </div>
   <div class='ocr_carea' id='block_1_37' title="bbox 117 2561 1679 2635">
    <p class='ocr_par' dir='ltr' id='par_1_37' title="bbox 117 2561 1679 2635">
     <span class='ocr_line' id='line_1_37' title="bbox 117 2561 1679 2635; baseline -0.004 -15"><span class='ocrx_word' id='word_1_265' title='bbox 117 2562 203 2630; x_wconf 77' lang='grc' dir='ltr'>οἷς</span> <span class='ocrx_word' id='word_1_266' title='bbox 238 2568 453 2635; x_wconf 86' lang='grc' dir='ltr'>λέγεται</span> <span class='ocrx_word' id='word_1_267' title='bbox 498 2562 636 2619; x_wconf 77' lang='grc' dir='ltr'>εἶναι</span> <span class='ocrx_word' id='word_1_268' title='bbox 676 2567 737 2622; x_wconf 84' lang='grc' dir='ltr'><strong>τὸ</strong></span> <span class='ocrx_word' id='word_1_269' title='bbox 782 2564 1173 2634; x_wconf 77' lang='grc' dir='ltr'>ἐπιθυμητικὸν</span> <span class='ocrx_word' id='word_1_270' title='bbox 1201 2566 1298 2634; x_wconf 83' lang='grc' dir='ltr'><strong>τῆς</strong></span> <span class='ocrx_word' id='word_1_271' title='bbox 1325 2561 1521 2632; x_wconf 79' lang='grc' dir='ltr'>ψυχῆς.</span> <span class='ocrx_word' id='word_1_272' title='bbox 1566 2562 1679 2615; x_wconf 73' lang='grc' dir='ltr'>Καὶ</span> 
     </span>
    </p>
   </div>
   <div class='ocr_carea' id='block_1_38' title="bbox 115 2651 1678 2724">
    <p class='ocr_par' dir='ltr' id='par_1_38' title="bbox 115 2651 1678 2724">
     <span class='ocr_line' id='line_1_38' title="bbox 115 2651 1678 2724; baseline -0.005 -11"><span class='ocrx_word' id='word_1_273' title='bbox 115 2658 284 2713; x_wconf 86' lang='grc' dir='ltr'>τοῦτό</span> <span class='ocrx_word' id='word_1_274' title='bbox 311 2660 456 2710; x_wconf 77' lang='grc' dir='ltr'>ἐστιν</span> <span class='ocrx_word' id='word_1_275' title='bbox 483 2657 510 2708; x_wconf 87' lang='grc' dir='ltr'>ὃ</span> <span class='ocrx_word' id='word_1_276' title='bbox 543 2656 688 2724; x_wconf 85' lang='grc' dir='ltr'>λέγει</span> <span class='ocrx_word' id='word_1_277' title='bbox 714 2657 743 2708; x_wconf 82' lang='grc' dir='ltr'>ὁ</span> <span class='ocrx_word' id='word_1_278' title='bbox 794 2654 1112 2718; x_wconf 83' lang='grc' dir='ltr'>’Δπὸστολος</span> <span class='ocrx_word' id='word_1_279' title='bbox 1133 2670 1152 2688; x_wconf 78' lang='grc' dir='ltr'><strong>ο</strong></span> <span class='ocrx_word' id='word_1_280' title='bbox 1202 2653 1554 2722; x_wconf 80' lang='grc' dir='ltr'>Νεκρὼσατε</span> <span class='ocrx_word' id='word_1_281' title='bbox 1607 2651 1678 2705; x_wconf 88' lang='grc' dir='ltr'><em>τὰ</em></span> 
     </span>
    </p>
   </div>
   <div class='ocr_carea' id='block_1_39' title="bbox 111 2743 1678 2819">
    <p class='ocr_par' dir='ltr' id='par_1_39' title="bbox 111 2743 1678 2819">
     <span class='ocr_line' id='line_1_39' title="bbox 111 2743 1678 2819; baseline -0.004 -16"><span class='ocrx_word' id='word_1_282' title='bbox 111 2750 276 2819; x_wconf 71' lang='grc' dir='ltr'>μέλη</span> <span class='ocrx_word' id='word_1_283' title='bbox 305 2746 470 2816; x_wconf 82' lang='grc' dir='ltr'>ὑμῶν</span> <span class='ocrx_word' id='word_1_284' title='bbox 496 2747 569 2801; x_wconf 82' lang='grc' dir='ltr'><em>τὰ</em></span> <span class='ocrx_word' id='word_1_285' title='bbox 609 2746 706 2798; x_wconf 76' lang='grc' dir='ltr'><strong>ἐπὶ</strong></span> <span class='ocrx_word' id='word_1_286' title='bbox 727 2745 836 2814; x_wconf 84' lang='grc' dir='ltr'><strong>τῆς</strong></span> <span class='ocrx_word' id='word_1_287' title='bbox 895 2743 1028 2816; x_wconf 80' lang='grc' dir='ltr'>τῆς,</span> <span class='ocrx_word' id='word_1_288' title='bbox 1084 2746 1387 2814; x_wconf 77' lang='grc' dir='ltr'>πορνείαν,</span> <span class='ocrx_word' id='word_1_289' title='bbox 1426 2745 1678 2813; x_wconf 81' lang='grc' dir='ltr'>ἀκαθαρ-</span> 
     </span>
    </p>
   </div>
   <div class='ocr_carea' id='block_1_40' title="bbox 114 2834 1681 2907">
    <p class='ocr_par' dir='ltr' id='par_1_40' title="bbox 114 2834 1681 2907">
     <span class='ocr_line' id='line_1_40' title="bbox 114 2834 1681 2907; baseline -0.005 -14"><span class='ocrx_word' id='word_1_290' title='bbox 114 2840 288 2901; x_wconf 77' lang='grc' dir='ltr'>σίαν,</span> <span class='ocrx_word' id='word_1_291' title='bbox 344 2837 434 2889; x_wconf 80' lang='grc' dir='ltr'><strong>καὶ</strong></span> <span class='ocrx_word' id='word_1_292' title='bbox 465 2837 532 2889; x_wconf 87' lang='grc' dir='ltr'>τὰ</span> <span class='ocrx_word' id='word_1_293' title='bbox 561 2835 705 2905; x_wconf 77' lang='grc' dir='ltr'><strong>ἑξῆς.</strong></span> <span class='ocrx_word' id='word_1_294' title='bbox 752 2837 986 2907; x_wconf 84' lang='grc' dir='ltr'>Ἐχομεν</span> <span class='ocrx_word' id='word_1_295' title='bbox 1017 2837 1110 2890; x_wconf 80' lang='grc' dir='ltr'><strong>καὶ</strong></span> <span class='ocrx_word' id='word_1_296' title='bbox 1150 2836 1416 2890; x_wconf 83' lang='grc' dir='ltr'>ἀνάλαϐον</span> <span class='ocrx_word' id='word_1_297' title='bbox 1443 2851 1455 2864; x_wconf 88' lang='grc'>·</span> <span class='ocrx_word' id='word_1_298' title='bbox 1502 2837 1532 2887; x_wconf 89' lang='grc' dir='ltr'><strong>ό</strong></span> <span class='ocrx_word' id='word_1_299' title='bbox 1556 2834 1681 2886; x_wconf 81' lang='grc' dir='ltr'>ἀνά·</span> 
     </span>
    </p>
   </div>
   <div class='ocr_carea' id='block_1_41' title="bbox 115 2925 1673 3002">
    <p class='ocr_par' dir='ltr' id='par_1_41' title="bbox 115 2925 1673 3002">
     <span class='ocr_line' id='line_1_41' title="bbox 115 2925 1673 3002; baseline -0.006 -17"><span class='ocrx_word' id='word_1_300' title='bbox 115 2930 286 2993; x_wconf 84' lang='grc' dir='ltr'>λαϐος</span> <span class='ocrx_word' id='word_1_301' title='bbox 336 2927 540 2981; x_wconf 85' lang='grc' dir='ltr'>τίθεται</span> <span class='ocrx_word' id='word_1_302' title='bbox 570 2928 928 2998; x_wconf 82' lang='grc' dir='ltr'>σταυροειδῶς</span> <span class='ocrx_word' id='word_1_303' title='bbox 958 2928 1050 3002; x_wconf 59' lang='grc' dir='ltr'><strong>επὶ</strong></span> <span class='ocrx_word' id='word_1_304' title='bbox 1104 2928 1230 2988; x_wconf 81' lang='grc' dir='ltr'>τοὺς</span> <span class='ocrx_word' id='word_1_305' title='bbox 1257 2925 1441 2996; x_wconf 83' lang='grc' dir='ltr'>ὤμους</span> <span class='ocrx_word' id='word_1_306' title='bbox 1483 2926 1637 2994; x_wconf 80' lang='grc' dir='ltr'>ἡμῶν</span> <span class='ocrx_word' id='word_1_307' title='bbox 1659 2940 1673 2952; x_wconf 92' lang='grc'><strong>·</strong></span> 
     </span>
    </p>
   </div>
   <div class='ocr_carea' id='block_1_42' title="bbox 114 3012 1678 3086">
    <p class='ocr_par' dir='ltr' id='par_1_42' title="bbox 114 3012 1678 3086">
     <span class='ocr_line' id='line_1_42' title="bbox 114 3012 1678 3086; baseline -0.004 -15"><span class='ocrx_word' id='word_1_308' title='bbox 114 3018 269 3072; x_wconf 82' lang='grc' dir='ltr'>τοῦτ’</span> <span class='ocrx_word' id='word_1_309' title='bbox 294 3016 430 3081; x_wconf 75' lang='grc' dir='ltr'>ἐστι,</span> <span class='ocrx_word' id='word_1_310' title='bbox 477 3016 569 3069; x_wconf 88' lang='grc' dir='ltr'><strong>τοῦ</strong></span> <span class='ocrx_word' id='word_1_311' title='bbox 623 3015 858 3086; x_wconf 89' lang='grc' dir='ltr'>σταυροῦ</span> <span class='ocrx_word' id='word_1_312' title='bbox 914 3015 975 3067; x_wconf 86' lang='grc' dir='ltr'><strong>τὸ</strong></span> <span class='ocrx_word' id='word_1_313' title='bbox 1021 3013 1286 3083; x_wconf 88' lang='grc' dir='ltr'>σύμϐολον</span> <span class='ocrx_word' id='word_1_314' title='bbox 1344 3012 1678 3082; x_wconf 79' lang='grc' dir='ltr'>βαστάζομεν</span> 
     </span>
    </p>
   </div>
   <div class='ocr_carea' id='block_1_43' title="bbox 1781 1827 3339 1910">
    <p class='ocr_par' dir='ltr' id='par_1_43' title="bbox 1781 1827 3339 1910">
     <span class='ocr_line' id='line_1_43' title="bbox 1781 1827 3339 1910; baseline 0.009 -26"><span class='ocrx_word' id='word_1_315' title='bbox 1781 1845 1942 1884; x_wconf 84' lang='lat' dir='ltr'><strong>renes</strong></span> <span class='ocrx_word' id='word_1_316' title='bbox 1970 1839 2202 1883; x_wconf 90' lang='lat' dir='ltr'><strong>nostros.</strong></span> <span class='ocrx_word' id='word_1_317' title='bbox 2229 1827 2284 1883; x_wconf 82' lang='lat' dir='ltr'><strong>Id</strong></span> <span class='ocrx_word' id='word_1_318' title='bbox 2311 1830 2521 1899; x_wconf 83' lang='lat' dir='ltr'><strong>signum</strong></span> <span class='ocrx_word' id='word_1_319' title='bbox 2542 1840 2644 1898; x_wconf 91' lang='lat' dir='ltr'><strong>est,</strong></span> <span class='ocrx_word' id='word_1_320' title='bbox 2674 1835 2740 1888; x_wconf 87' lang='lat' dir='ltr'><strong>ad</strong></span> <span class='ocrx_word' id='word_1_321' title='bbox 2783 1851 2921 1905; x_wconf 88' lang='lat' dir='ltr'><strong>opus</strong></span> <span class='ocrx_word' id='word_1_322' title='bbox 2961 1839 3212 1910; x_wconf 89' lang='lat' dir='ltr'><strong>quodque</strong></span> <span class='ocrx_word' id='word_1_323' title='bbox 3242 1859 3339 1899; x_wconf 90' lang='lat' dir='ltr'><strong>ac-</strong></span> 
     </span>
    </p>
   </div>
   <div class='ocr_carea' id='block_1_44' title="bbox 1777 1923 3339 1997">
    <p class='ocr_par' dir='ltr' id='par_1_44' title="bbox 1777 1923 3339 1997">
     <span class='ocr_line' id='line_1_44' title="bbox 1777 1923 3339 1997; baseline 0.008 -20"><span class='ocrx_word' id='word_1_324' title='bbox 1777 1923 1956 1988; x_wconf 89' lang='lat' dir='ltr'><strong>cincti,</strong></span> <span class='ocrx_word' id='word_1_325' title='bbox 1991 1931 2051 1975; x_wconf 91' lang='lat' dir='ltr'><strong>ut</strong></span> <span class='ocrx_word' id='word_1_326' title='bbox 2080 1937 2240 1991; x_wconf 87' lang='lat' dir='ltr'><strong>quam</strong></span> <span class='ocrx_word' id='word_1_327' title='bbox 2271 1923 2503 1990; x_wconf 86' lang='lat' dir='ltr'><strong>primum</strong></span> <span class='ocrx_word' id='word_1_328' title='bbox 2533 1923 2705 1979; x_wconf 89' lang='lat' dir='ltr'><strong>simus</strong></span> <span class='ocrx_word' id='word_1_329' title='bbox 2729 1935 2783 1979; x_wconf 91' lang='lat' dir='ltr'><strong>et</strong></span> <span class='ocrx_word' id='word_1_330' title='bbox 2819 1931 3014 1997; x_wconf 85' lang='lat' dir='ltr'><strong>parati.</strong></span> <span class='ocrx_word' id='word_1_331' title='bbox 3044 1931 3339 1989; x_wconf 84' lang='lat' dir='ltr'><strong>Laboratu-</strong></span> 
     </span>
    </p>
   </div>
   <div class='ocr_carea' id='block_1_45' title="bbox 1778 2012 3339 2096">
    <p class='ocr_par' dir='ltr' id='par_1_45' title="bbox 1778 2012 3339 2096">
     <span class='ocr_line' id='line_1_45' title="bbox 1778 2012 3339 2096; baseline 0.01 -30"><span class='ocrx_word' id='word_1_332' title='bbox 1778 2028 1872 2067; x_wconf 89' lang='lat' dir='ltr'><strong>rus</strong></span> <span class='ocrx_word' id='word_1_333' title='bbox 1903 2012 2045 2067; x_wconf 89' lang='lat' dir='ltr'><strong>enim</strong></span> <span class='ocrx_word' id='word_1_334' title='bbox 2072 2012 2193 2082; x_wconf 86' lang='lat' dir='ltr'><strong>quis</strong></span> <span class='ocrx_word' id='word_1_335' title='bbox 2215 2012 2388 2081; x_wconf 85' lang='lat' dir='ltr'><strong>primo</strong></span> <span class='ocrx_word' id='word_1_336' title='bbox 2416 2012 2735 2083; x_wconf 77' lang='lat' dir='ltr'><strong>accingitur,</strong></span> <span class='ocrx_word' id='word_1_337' title='bbox 2765 2025 2818 2071; x_wconf 92' lang='lat' dir='ltr'><strong>et</strong></span> <span class='ocrx_word' id='word_1_338' title='bbox 2839 2019 2920 2073; x_wconf 91' lang='lat' dir='ltr'><strong>sic</strong></span> <span class='ocrx_word' id='word_1_339' title='bbox 2951 2022 3166 2078; x_wconf 86' lang='lat' dir='ltr'><strong>demum</strong></span> <span class='ocrx_word' id='word_1_340' title='bbox 3203 2041 3339 2096; x_wconf 87' lang='lat' dir='ltr'><strong>opus</strong></span> 
     </span>
    </p>
   </div>
   <div class='ocr_carea' id='block_1_46' title="bbox 1778 2103 3334 2185">
    <p class='ocr_par' dir='ltr' id='par_1_46' title="bbox 1778 2103 3334 2185">
     <span class='ocr_line' id='line_1_46' title="bbox 1778 2103 3334 2185; baseline 0.009 -26"><span class='ocrx_word' id='word_1_341' title='bbox 1778 2103 2104 2176; x_wconf 81' lang='lat' dir='ltr'><strong>aggreditur,</strong></span> <span class='ocrx_word' id='word_1_342' title='bbox 2135 2112 2196 2158; x_wconf 89' lang='lat' dir='ltr'><strong>ut</strong></span> <span class='ocrx_word' id='word_1_343' title='bbox 2225 2104 2445 2185; x_wconf 83' lang='lat' dir='ltr'><strong>dicitur,</strong></span> <span class='ocrx_word' id='word_1_344' title='bbox 2476 2104 2822 2185; x_wconf 78' lang='lat' dir='ltr'><strong>Accingimini</strong></span> <span class='ocrx_word' id='word_1_345' title='bbox 2854 2127 2998 2168; x_wconf 72' lang='lat' dir='ltr'><strong>renes</strong></span> <span class='ocrx_word' id='word_1_346' title='bbox 3042 2126 3237 2172; x_wconf 75' lang='lat' dir='ltr'><strong>uestros</strong></span> <span class='ocrx_word' id='word_1_347' title='bbox 3265 2119 3292 2159; x_wconf 68' lang='grc' dir='ltr'>ι</span> <span class='ocrx_word' id='word_1_348' title='bbox 3319 2138 3334 2174; x_wconf 91' lang='lat'><strong>:</strong></span> 
     </span>
    </p>
   </div>
   <div class='ocr_carea' id='block_1_47' title="bbox 1777 2182 3337 2271">
    <p class='ocr_par' dir='ltr' id='par_1_47' title="bbox 1777 2182 3337 2271">
     <span class='ocr_line' id='line_1_47' title="bbox 1777 2182 3337 2271; baseline 0.01 -22"><span class='ocrx_word' id='word_1_349' title='bbox 1777 2195 2084 2250; x_wconf 85' lang='lat' dir='ltr'><strong>mortiﬁcati</strong></span> <span class='ocrx_word' id='word_1_350' title='bbox 2117 2182 2349 2266; x_wconf 33' lang='lat' dir='ltr'><strong>quoque.</strong></span> <span class='ocrx_word' id='word_1_351' title='bbox 2373 2182 2616 2267; x_wconf 88' lang='lat' dir='ltr'><strong>corporis</strong></span> <span class='ocrx_word' id='word_1_352' title='bbox 2662 2200 2876 2271; x_wconf 85' lang='lat' dir='ltr'><strong>signum</strong></span> <span class='ocrx_word' id='word_1_353' title='bbox 2925 2213 3028 2259; x_wconf 89' lang='lat' dir='ltr'><strong>est.</strong></span> <span class='ocrx_word' id='word_1_354' title='bbox 3057 2205 3167 2262; x_wconf 85' lang='lat' dir='ltr'><strong>Nos</strong></span> <span class='ocrx_word' id='word_1_355' title='bbox 3194 2210 3337 2264; x_wconf 92' lang='lat' dir='ltr'><strong>enim</strong></span> 
     </span>
    </p>
   </div>
   <div class='ocr_carea' id='block_1_48' title="bbox 1775 2286 3339 2370">
    <p class='ocr_par' dir='ltr' id='par_1_48' title="bbox 1775 2286 3339 2370">
     <span class='ocr_line' id='line_1_48' title="bbox 1775 2286 3339 2370; baseline 0.01 -30"><span class='ocrx_word' id='word_1_356' title='bbox 1775 2286 2038 2341; x_wconf 87' lang='lat' dir='ltr'><strong>desideria</strong></span> <span class='ocrx_word' id='word_1_357' title='bbox 2065 2294 2248 2341; x_wconf 87' lang='lat' dir='ltr'><strong>nostra</strong></span> <span class='ocrx_word' id='word_1_358' title='bbox 2269 2288 2589 2344; x_wconf 88' lang='lat' dir='ltr'><strong>mortilicare</strong></span> <span class='ocrx_word' id='word_1_359' title='bbox 2609 2291 2865 2347; x_wconf 88' lang='lat' dir='ltr'><strong>debemus</strong></span> <span class='ocrx_word' id='word_1_360' title='bbox 2893 2312 2908 2348; x_wconf 91' lang='lat'><strong>:</strong></span> <span class='ocrx_word' id='word_1_361' title='bbox 2933 2299 3339 2370; x_wconf 65' lang='lat' dir='ltr'><strong>praesertimque</strong></span> 
     </span>
    </p>
   </div>
   <div class='ocr_carea' id='block_1_49' title="bbox 1775 2378 3336 2456">
    <p class='ocr_par' dir='ltr' id='par_1_49' title="bbox 1775 2378 3336 2456">
     <span class='ocr_line' id='line_1_49' title="bbox 1775 2378 3336 2456; baseline 0.01 -24"><span class='ocrx_word' id='word_1_362' title='bbox 1775 2393 1839 2432; x_wconf 88' lang='lat' dir='ltr'><strong>ea</strong></span> <span class='ocrx_word' id='word_1_363' title='bbox 1876 2393 1997 2447; x_wconf 62' lang='lat' dir='ltr'><strong>quae</strong></span> <span class='ocrx_word' id='word_1_364' title='bbox 2043 2391 2074 2432; x_wconf 89' lang='lat' dir='ltr'><strong>a</strong></span> <span class='ocrx_word' id='word_1_365' title='bbox 2105 2378 2328 2434; x_wconf 78' lang='lat' dir='ltr'><strong>renibus</strong></span> <span class='ocrx_word' id='word_1_366' title='bbox 2358 2382 2676 2448; x_wconf 88' lang='lat' dir='ltr'><strong>procedunt,</strong></span> <span class='ocrx_word' id='word_1_367' title='bbox 2707 2382 2764 2438; x_wconf 85' lang='lat' dir='ltr'><strong>in</strong></span> <span class='ocrx_word' id='word_1_368' title='bbox 2800 2387 2996 2456; x_wconf 89' lang='lat' dir='ltr'><strong>quibus</strong></span> <span class='ocrx_word' id='word_1_369' title='bbox 3020 2390 3209 2447; x_wconf 59' lang='lat' dir='ltr'><strong>animae</strong></span> <span class='ocrx_word' id='word_1_370' title='bbox 3240 2408 3336 2447; x_wconf 83' lang='lat' dir='ltr'><strong>vo-</strong></span> 
     </span>
    </p>
   </div>
   <div class='ocr_carea' id='block_1_50' title="bbox 1775 2467 3426 2557">
    <p class='ocr_par' dir='ltr' id='par_1_50' title="bbox 1775 2467 3426 2557">
     <span class='ocr_line' id='line_1_50' title="bbox 1775 2467 3426 2557; baseline 0.012 -36"><span class='ocrx_word' id='word_1_371' title='bbox 1775 2469 1951 2538; x_wconf 89' lang='lat' dir='ltr'><strong>luptas</strong></span> <span class='ocrx_word' id='word_1_372' title='bbox 1999 2483 2121 2524; x_wconf 90' lang='lat' dir='ltr'><strong>esse</strong></span> <span class='ocrx_word' id='word_1_373' title='bbox 2154 2467 2371 2523; x_wconf 86' lang='lat' dir='ltr'><strong>dicitur.</strong></span> <span class='ocrx_word' id='word_1_374' title='bbox 2405 2467 2567 2524; x_wconf 79' lang='lat' dir='ltr'><strong>Juxta</strong></span> <span class='ocrx_word' id='word_1_375' title='bbox 2591 2474 2735 2541; x_wconf 91' lang='lat' dir='ltr'><strong>quod</strong></span> <span class='ocrx_word' id='word_1_376' title='bbox 2784 2477 2963 2557; x_wconf 77' lang='lat' dir='ltr'><strong>aiebat</strong></span> <span class='ocrx_word' id='word_1_377' title='bbox 3008 2484 3331 2552; x_wconf 86' lang='lat' dir='ltr'><strong>Apostolus:</strong></span> <span class='ocrx_word' id='word_1_378' title='bbox 3417 2480 3426 2488; x_wconf 61' lang='grc'><strong><em>“</em></strong></span> 
     </span>
    </p>
   </div>
   <div class='ocr_carea' id='block_1_51' title="bbox 1778 2559 3332 2645">
    <p class='ocr_par' dir='ltr' id='par_1_51' title="bbox 1778 2559 3332 2645">
     <span class='ocr_line' id='line_1_51' title="bbox 1778 2559 3332 2645; baseline 0.013 -33"><span class='ocrx_word' id='word_1_379' title='bbox 1778 2559 2095 2628; x_wconf 74' lang='lat' dir='ltr'><strong>Mortiﬁcate</strong></span> <span class='ocrx_word' id='word_1_380' title='bbox 2142 2562 2371 2616; x_wconf 86' lang='lat' dir='ltr'><strong>membra</strong></span> <span class='ocrx_word' id='word_1_381' title='bbox 2416 2571 2587 2616; x_wconf 78' lang='lat' dir='ltr'><strong>vestra</strong></span> <span class='ocrx_word' id='word_1_382' title='bbox 2612 2579 2727 2633; x_wconf 64' lang='lat' dir='ltr'><strong>quae</strong></span> <span class='ocrx_word' id='word_1_383' title='bbox 2771 2579 2894 2620; x_wconf 71' lang='lat' dir='ltr'><strong>sunt</strong></span> <span class='ocrx_word' id='word_1_384' title='bbox 2935 2587 3091 2641; x_wconf 72' lang='lat' dir='ltr'><strong>super</strong></span> <span class='ocrx_word' id='word_1_385' title='bbox 3120 2585 3332 2645; x_wconf 84' lang='lat' dir='ltr'><strong>terram,</strong></span> 
     </span>
    </p>
   </div>
   <div class='ocr_carea' id='block_1_52' title="bbox 1777 2653 3333 2736">
    <p class='ocr_par' dir='ltr' id='par_1_52' title="bbox 1777 2653 3333 2736">
     <span class='ocr_line' id='line_1_52' title="bbox 1777 2653 3333 2736; baseline 0.012 -33"><span class='ocrx_word' id='word_1_386' title='bbox 1777 2653 2204 2722; x_wconf 75' lang='lat' dir='ltr'><strong>fornicationem,</strong></span> <span class='ocrx_word' id='word_1_387' title='bbox 2235 2657 2624 2710; x_wconf 84' lang='lat' dir='ltr'><strong>immunditiam</strong></span> <span class='ocrx_word' id='word_1_388' title='bbox 2661 2656 2677 2696; x_wconf 73' lang='grc' dir='ltr'><strong>ἶ</strong></span> <span class='ocrx_word' id='word_1_389' title='bbox 2708 2677 2721 2712; x_wconf 90' lang='lat'>:</span> <span class='ocrx_word' id='word_1_390' title='bbox 2753 2675 2978 2731; x_wconf 57' lang='lat' dir='ltr'><strong>quaeque</strong></span> <span class='ocrx_word' id='word_1_391' title='bbox 3014 2681 3333 2736; x_wconf 85' lang='lat' dir='ltr'><strong>sequuntur.</strong></span> 
     </span>
    </p>
   </div>
   <div class='ocr_carea' id='block_1_53' title="bbox 1736 2739 3334 2812">
    <p class='ocr_par' dir='ltr' id='par_1_53' title="bbox 1736 2739 3334 2812">
     <span class='ocr_line' id='line_1_53' title="bbox 1736 2739 3334 2812; baseline 0.013 -20"><span class='ocrx_word' id='word_1_392' title='bbox 1736 2785 1740 2790; x_wconf 88' lang='lat'><strong>.</strong></span> <span class='ocrx_word' id='word_1_393' title='bbox 1776 2739 2050 2796; x_wconf 82' lang='lat' dir='ltr'><strong>Habemus</strong></span> <span class='ocrx_word' id='word_1_394' title='bbox 2092 2751 2147 2796; x_wconf 92' lang='lat' dir='ltr'><strong>et</strong></span> <span class='ocrx_word' id='word_1_395' title='bbox 2198 2744 2509 2798; x_wconf 89' lang='lat' dir='ltr'><strong>analabum.</strong></span> <span class='ocrx_word' id='word_1_396' title='bbox 2558 2746 2852 2811; x_wconf 83' lang='lat' dir='ltr'><strong>Analahus.</strong></span> <span class='ocrx_word' id='word_1_397' title='bbox 2890 2765 2983 2804; x_wconf 89' lang='lat' dir='ltr'><strong>seu</strong></span> <span class='ocrx_word' id='word_1_398' title='bbox 3029 2758 3334 2812; x_wconf 84' lang='lat' dir='ltr'><strong>succincto-</strong></span> 
     </span>
    </p>
   </div>
   <div class='ocr_carea' id='block_1_54' title="bbox 1776 2831 3334 2908">
    <p class='ocr_par' dir='ltr' id='par_1_54' title="bbox 1776 2831 3334 2908">
     <span class='ocr_line' id='line_1_54' title="bbox 1776 2831 3334 2908; baseline 0.012 -25"><span class='ocrx_word' id='word_1_399' title='bbox 1776 2831 1939 2894; x_wconf 82' lang='lat' dir='ltr'><strong>rium,</strong></span> <span class='ocrx_word' id='word_1_400' title='bbox 1961 2832 2014 2885; x_wconf 91' lang='lat' dir='ltr'><strong>in</strong></span> <span class='ocrx_word' id='word_1_401' title='bbox 2044 2832 2221 2887; x_wconf 91' lang='lat' dir='ltr'><strong>crucis</strong></span> <span class='ocrx_word' id='word_1_402' title='bbox 2247 2834 2464 2888; x_wconf 87' lang='lat' dir='ltr'><strong>modum</strong></span> <span class='ocrx_word' id='word_1_403' title='bbox 2492 2837 2729 2904; x_wconf 89' lang='lat' dir='ltr'><strong>ponitur.</strong></span> <span class='ocrx_word' id='word_1_404' title='bbox 2754 2837 2928 2908; x_wconf 84' lang='lat' dir='ltr'><strong>Super</strong></span> <span class='ocrx_word' id='word_1_405' title='bbox 2955 2841 3208 2900; x_wconf 82' lang='lat' dir='ltr'><strong>humeros</strong></span> <span class='ocrx_word' id='word_1_406' title='bbox 3234 2864 3301 2900; x_wconf 89' lang='lat' dir='ltr'><strong>au</strong></span> <span class='ocrx_word' id='word_1_407' title='bbox 3321 2877 3334 2888; x_wconf 70' lang='grc' dir='ltr'><strong>ο</strong></span> 
     </span>
    </p>
   </div>
   <div class='ocr_carea' id='block_1_55' title="bbox 1776 2925 3330 3007">
    <p class='ocr_par' dir='ltr' id='par_1_55' title="bbox 1776 2925 3330 3007">
     <span class='ocr_line' id='line_1_55' title="bbox 1776 2925 3330 3007; baseline 0.01 -31"><span class='ocrx_word' id='word_1_408' title='bbox 1776 2931 1882 2976; x_wconf 88' lang='lat' dir='ltr'><strong>tem</strong></span> <span class='ocrx_word' id='word_1_409' title='bbox 1931 2933 2143 2980; x_wconf 81' lang='lat' dir='ltr'><strong>nostros</strong></span> <span class='ocrx_word' id='word_1_410' title='bbox 2183 2925 2363 2981; x_wconf 90' lang='lat' dir='ltr'><strong>crucis</strong></span> <span class='ocrx_word' id='word_1_411' title='bbox 2409 2927 2621 2997; x_wconf 87' lang='lat' dir='ltr'><strong>signum</strong></span> <span class='ocrx_word' id='word_1_412' title='bbox 2665 2929 2976 2996; x_wconf 80' lang='lat' dir='ltr'><strong>deferimus,</strong></span> <span class='ocrx_word' id='word_1_413' title='bbox 3006 2949 3155 2989; x_wconf 78' lang='lat' dir='ltr'><strong>exeo</strong></span> <span class='ocrx_word' id='word_1_414' title='bbox 3188 2941 3330 3007; x_wconf 87' lang='lat' dir='ltr'><strong>quod</strong></span> 
     </span>
    </p>
   </div>
   <div class='ocr_carea' id='block_1_56' title="bbox 1775 3014 3329 3096">
    <p class='ocr_par' dir='ltr' id='par_1_56' title="bbox 1775 3014 3329 3096">
     <span class='ocr_line' id='line_1_56' title="bbox 1775 3014 3329 3096; baseline 0.011 -29"><span class='ocrx_word' id='word_1_415' title='bbox 1775 3014 1976 3070; x_wconf 88' lang='lat' dir='ltr'><strong>dicitur</strong></span> <span class='ocrx_word' id='word_1_416' title='bbox 2004 3034 2019 3071; x_wconf 93' lang='lat'><strong>:</strong></span> <span class='ocrx_word' id='word_1_417' title='bbox 2053 3015 2196 3072; x_wconf 87' lang='lat' dir='ltr'><strong>Tolle</strong></span> <span class='ocrx_word' id='word_1_418' title='bbox 2233 3035 2437 3073; x_wconf 84' lang='lat' dir='ltr'><strong>crucem</strong></span> <span class='ocrx_word' id='word_1_419' title='bbox 2469 3030 2631 3087; x_wconf 86' lang='lat' dir='ltr'><strong>tuam,</strong></span> <span class='ocrx_word' id='word_1_420' title='bbox 2660 3032 2708 3076; x_wconf 90' lang='lat' dir='ltr'><strong>et</strong></span> <span class='ocrx_word' id='word_1_421' title='bbox 2736 3040 2946 3093; x_wconf 75' lang='lat' dir='ltr'><strong>sequere</strong></span> <span class='ocrx_word' id='word_1_422' title='bbox 2978 3044 3057 3080; x_wconf 86' lang='lat' dir='ltr'><strong>me</strong></span> <span class='ocrx_word' id='word_1_423' title='bbox 3083 3038 3118 3059; x_wconf 69' lang='grc' dir='ltr'>ω</span> <span class='ocrx_word' id='word_1_424' title='bbox 3145 3069 3160 3082; x_wconf 94' lang='grc'><strong>.</strong></span> <span class='ocrx_word' id='word_1_425' title='bbox 3191 3031 3329 3096; x_wconf 77' lang='lat' dir='ltr'><strong>Quid</strong></span> 
     </span>
    </p>
   </div>
   <div class='ocr_carea' id='block_1_57' title="bbox 117 3101 1680 3188">
    <p class='ocr_par' dir='ltr' id='par_1_57' title="bbox 117 3101 1680 3180">
     <span class='ocr_line' id='line_1_57' title="bbox 117 3101 1680 3180; baseline -0.004 -16"><span class='ocrx_word' id='word_1_426' title='bbox 117 3113 199 3175; x_wconf 87' lang='grc' dir='ltr'>εἰς</span> <span class='ocrx_word' id='word_1_427' title='bbox 237 3111 366 3174; x_wconf 78' lang='grc' dir='ltr'>τοὺς</span> <span class='ocrx_word' id='word_1_428' title='bbox 392 3108 575 3180; x_wconf 81' lang='grc' dir='ltr'>ὤμους</span> <span class='ocrx_word' id='word_1_429' title='bbox 635 3108 811 3179; x_wconf 82' lang='grc' dir='ltr'>ἡμῶν,</span> <span class='ocrx_word' id='word_1_430' title='bbox 859 3106 1042 3170; x_wconf 86' lang='grc' dir='ltr'>καθὼς</span> <span class='ocrx_word' id='word_1_431' title='bbox 1111 3107 1279 3174; x_wconf 83' lang='grc' dir='ltr'>λέγει,</span> <span class='ocrx_word' id='word_1_432' title='bbox 1338 3101 1527 3173; x_wconf 64' lang='grc' dir='ltr'>*Αρον</span> <span class='ocrx_word' id='word_1_433' title='bbox 1573 3104 1680 3157; x_wconf 83' lang='grc' dir='ltr'><strong>τὸν</strong></span> 
     </span>
    </p>
   </div>
   <div class='ocr_carea' id='block_1_58' title="bbox 1777 3101 3333 3188">
    <p class='ocr_par' dir='ltr' id='par_1_58' title="bbox 1780 3106 3333 3188">
     <span class='ocr_line' id='line_1_58' title="bbox 1780 3106 3333 3188; baseline 0.013 -29"><span class='ocrx_word' id='word_1_434' title='bbox 1780 3120 1863 3160; x_wconf 82' lang='lat' dir='ltr'><strong>eSt</strong></span> <span class='ocrx_word' id='word_1_435' title='bbox 1897 3106 2042 3162; x_wconf 91' lang='lat' dir='ltr'><strong>aliud</strong></span> <span class='ocrx_word' id='word_1_436' title='bbox 2073 3124 2206 3163; x_wconf 81' lang='lat' dir='ltr'><strong>crux</strong></span> <span class='ocrx_word' id='word_1_437' title='bbox 2227 3126 2388 3180; x_wconf 90' lang='lat' dir='ltr'><strong>quam</strong></span> <span class='ocrx_word' id='word_1_438' title='bbox 2424 3126 2547 3167; x_wconf 73' lang='lat' dir='ltr'><strong>vera</strong></span> <span class='ocrx_word' id='word_1_439' title='bbox 2573 3116 2934 3181; x_wconf 84' lang='lat' dir='ltr'><strong>mortilicatio,</strong></span> <span class='ocrx_word' id='word_1_440' title='bbox 2975 3134 3096 3188; x_wconf 68' lang='lat' dir='ltr'><strong>qua:</strong></span> <span class='ocrx_word' id='word_1_441' title='bbox 3123 3137 3151 3174; x_wconf 93' lang='lat' dir='ltr'><strong>a</strong></span> <span class='ocrx_word' id='word_1_442' title='bbox 3178 3124 3333 3179; x_wconf 87' lang='lat' dir='ltr'><strong>nobis</strong></span> 
     </span>
    </p>
   </div>
   <div class='ocr_carea' id='block_1_59' title="bbox 115 3198 1681 3271">
    <p class='ocr_par' dir='ltr' id='par_1_59' title="bbox 115 3198 1681 3271">
     <span class='ocr_line' id='line_1_59' title="bbox 115 3198 1681 3271; baseline -0.004 -16"><span class='ocrx_word' id='word_1_443' title='bbox 115 3202 388 3271; x_wconf 80' lang='grc' dir='ltr'>σταυρόν</span> <span class='ocrx_word' id='word_1_444' title='bbox 417 3217 532 3256; x_wconf 86' lang='grc' dir='ltr'>σου</span> <span class='ocrx_word' id='word_1_445' title='bbox 558 3201 657 3255; x_wconf 78' lang='grc' dir='ltr'>καὶ</span> <span class='ocrx_word' id='word_1_446' title='bbox 686 3201 998 3255; x_wconf 73' lang='grc' dir='ltr'>ἀκολούθει</span> <span class='ocrx_word' id='word_1_447' title='bbox 1034 3215 1153 3268; x_wconf 81' lang='grc' dir='ltr'>μοι.</span> <span class='ocrx_word' id='word_1_448' title='bbox 1185 3198 1249 3250; x_wconf 89' lang='grc' dir='ltr'><strong>Τί</strong></span> <span class='ocrx_word' id='word_1_449' title='bbox 1270 3198 1327 3251; x_wconf 80' lang='grc' dir='ltr'>δέ</span> <span class='ocrx_word' id='word_1_450' title='bbox 1375 3200 1491 3250; x_wconf 83' lang='grc' dir='ltr'>ἐστι</span> <span class='ocrx_word' id='word_1_451' title='bbox 1521 3214 1681 3249; x_wconf 81' lang='grc' dir='ltr'>σταυο</span> 
     </span>
    </p>
   </div>
   <div class='ocr_carea' id='block_1_60' title="bbox 119 3290 1680 3365">
    <p class='ocr_par' dir='ltr' id='par_1_60' title="bbox 119 3290 1680 3365">
     <span class='ocr_line' id='line_1_60' title="bbox 119 3290 1680 3365; baseline -0.004 -17"><span class='ocrx_word' id='word_1_452' title='bbox 119 3296 215 3365; x_wconf 83' lang='grc' dir='ltr'><strong>ρὺς</strong></span> <span class='ocrx_word' id='word_1_453' title='bbox 267 3293 381 3347; x_wconf 84' lang='grc' dir='ltr'>ἀλλ’</span> <span class='ocrx_word' id='word_1_454' title='bbox 412 3294 447 3362; x_wconf 79' lang='grc' dir='ltr'><strong>ἢ</strong></span> <span class='ocrx_word' id='word_1_455' title='bbox 491 3293 668 3345; x_wconf 88' lang='grc' dir='ltr'>τελεία</span> <span class='ocrx_word' id='word_1_456' title='bbox 693 3293 956 3362; x_wconf 87' lang='grc' dir='ltr'>νέκρωσις</span> <span class='ocrx_word' id='word_1_457' title='bbox 994 3293 1114 3362; x_wconf 77' lang='grc' dir='ltr'>ἥτις</span> <span class='ocrx_word' id='word_1_458' title='bbox 1152 3290 1505 3361; x_wconf 79' lang='grc' dir='ltr'>κατορθοῦται</span> <span class='ocrx_word' id='word_1_459' title='bbox 1550 3291 1680 3358; x_wconf 75' lang='grc' dir='ltr'>ἡμῖν</span> 
     </span>
    </p>
   </div>
   <div class='ocr_carea' id='block_1_61' title="bbox 114 3380 1678 3455">
    <p class='ocr_par' dir='ltr' id='par_1_61' title="bbox 114 3380 1678 3455">
     <span class='ocr_line' id='line_1_61' title="bbox 114 3380 1678 3455; baseline -0.006 -15"><span class='ocrx_word' id='word_1_460' title='bbox 114 3387 209 3440; x_wconf 74' lang='grc' dir='ltr'><strong>διὰ</strong></span> <span class='ocrx_word' id='word_1_461' title='bbox 251 3386 352 3455; x_wconf 86' lang='grc' dir='ltr'><strong>τῆς</strong></span> <span class='ocrx_word' id='word_1_462' title='bbox 393 3385 473 3446; x_wconf 83' lang='grc' dir='ltr'><strong>είς</strong></span> <span class='ocrx_word' id='word_1_463' title='bbox 512 3383 747 3454; x_wconf 83' lang='grc' dir='ltr'>Χριστὸν</span> <span class='ocrx_word' id='word_1_464' title='bbox 774 3382 1050 3450; x_wconf 54' lang='grc' dir='ltr'>πίστεωςλ</span> <span class='ocrx_word' id='word_1_465' title='bbox 1111 3384 1173 3434; x_wconf 88' lang='grc' dir='ltr'><strong>Ἦ</strong></span> <span class='ocrx_word' id='word_1_466' title='bbox 1198 3382 1308 3451; x_wconf 88' lang='grc' dir='ltr'><strong>γάρ</strong></span> <span class='ocrx_word' id='word_1_467' title='bbox 1365 3380 1563 3443; x_wconf 80' lang='grc' dir='ltr'>πίστις,</span> <span class='ocrx_word' id='word_1_468' title='bbox 1604 3380 1678 3443; x_wconf 88' lang='grc' dir='ltr'>ὡς</span> 
     </span>
    </p>
   </div>
   <div class='ocr_carea' id='block_1_62' title="bbox 115 3470 1681 3546">
    <p class='ocr_par' dir='ltr' id='par_1_62' title="bbox 115 3470 1681 3546">
     <span class='ocr_line' id='line_1_62' title="bbox 115 3470 1681 3546; baseline -0.003 -17"><span class='ocrx_word' id='word_1_469' title='bbox 115 3477 272 3546; x_wconf 83' lang='grc' dir='ltr'>λέγει</span> <span class='ocrx_word' id='word_1_470' title='bbox 325 3473 487 3530; x_wconf 80' lang='grc' dir='ltr'>πάλιν</span> <span class='ocrx_word' id='word_1_471' title='bbox 537 3475 617 3538; x_wconf 85' lang='grc' dir='ltr'><strong>είς</strong></span> <span class='ocrx_word' id='word_1_472' title='bbox 653 3474 714 3527; x_wconf 77' lang='grc' dir='ltr'>τὸ</span> <span class='ocrx_word' id='word_1_473' title='bbox 743 3473 1076 3544; x_wconf 83' lang='grc' dir='ltr'>γεροντικὸν,</span> <span class='ocrx_word' id='word_1_474' title='bbox 1135 3470 1477 3542; x_wconf 79' lang='grc' dir='ltr'>περιστέλλει</span> <span class='ocrx_word' id='word_1_475' title='bbox 1507 3471 1592 3522; x_wconf 79' lang='grc' dir='ltr'>ἀεὶ</span> <span class='ocrx_word' id='word_1_476' title='bbox 1611 3471 1681 3524; x_wconf 86' lang='grc' dir='ltr'><strong>τά</strong></span> 
     </span>
    </p>
   </div>
   <div class='ocr_carea' id='block_1_63' title="bbox 117 3559 1678 3637">
    <p class='ocr_par' dir='ltr' id='par_1_63' title="bbox 117 3559 1678 3637">
     <span class='ocr_line' id='line_1_63' title="bbox 117 3559 1678 3637; baseline -0.004 -14"><span class='ocrx_word' id='word_1_477' title='bbox 117 3559 422 3633; x_wconf 74' lang='grc' dir='ltr'>κ’ωλύοντα,</span> <span class='ocrx_word' id='word_1_478' title='bbox 472 3567 563 3621; x_wconf 63' lang='grc' dir='ltr'><strong>καὶ⁸</strong></span> <span class='ocrx_word' id='word_1_479' title='bbox 601 3566 990 3637; x_wconf 77' lang='grc' dir='ltr'>ἀνεμπόδιστον</span> <span class='ocrx_word' id='word_1_480' title='bbox 1017 3568 1160 3618; x_wconf 87' lang='grc' dir='ltr'>ποιεῖ</span> <span class='ocrx_word' id='word_1_481' title='bbox 1203 3566 1336 3636; x_wconf 79' lang='grc' dir='ltr'>ἡμῖν</span> <span class='ocrx_word' id='word_1_482' title='bbox 1362 3564 1461 3636; x_wconf 78' lang='grc' dir='ltr'><strong>τὴν</strong></span> <span class='ocrx_word' id='word_1_483' title='bbox 1524 3565 1678 3635; x_wconf 85' lang='grc' dir='ltr'>ὲνερ-</span> 
     </span>
    </p>
   </div>
   <div class='ocr_carea' id='block_1_64' title="bbox 117 3656 1680 3734">
    <p class='ocr_par' dir='ltr' id='par_1_64' title="bbox 117 3656 1680 3734">
     <span class='ocr_line' id='line_1_64' title="bbox 117 3656 1680 3734; baseline -0.008 -14"><span class='ocrx_word' id='word_1_484' title='bbox 117 3659 342 3733; x_wconf 72' lang='grc' dir='ltr'>γασίαν,</span> <span class='ocrx_word' id='word_1_485' title='bbox 373 3661 471 3734; x_wconf 77' lang='grc' dir='ltr'><strong>τὴν</strong></span> <span class='ocrx_word' id='word_1_486' title='bbox 518 3659 788 3732; x_wconf 82' lang='grc' dir='ltr'>φέρουσαν</span> <span class='ocrx_word' id='word_1_487' title='bbox 827 3659 972 3730; x_wconf 76' lang='grc' dir='ltr'>ἡμᾶς</span> <span class='ocrx_word' id='word_1_488' title='bbox 1043 3659 1122 3722; x_wconf 85' lang='grc' dir='ltr'><strong>είς</strong></span> <span class='ocrx_word' id='word_1_489' title='bbox 1160 3657 1417 3727; x_wconf 83' lang='grc' dir='ltr'>τοιαύτην</span> <span class='ocrx_word' id='word_1_490' title='bbox 1472 3656 1680 3710; x_wconf 85' lang='grc' dir='ltr'>τελείαν</span> 
     </span>
    </p>
   </div>
   <div class='ocr_carea' id='block_1_65' title="bbox 117 3749 1680 3827">
    <p class='ocr_par' dir='ltr' id='par_1_65' title="bbox 117 3749 1680 3827">
     <span class='ocr_line' id='line_1_65' title="bbox 117 3749 1680 3827; baseline -0.005 -18"><span class='ocrx_word' id='word_1_491' title='bbox 117 3757 432 3827; x_wconf 76' lang='grc' dir='ltr'>νέκρωσινο</span> <span class='ocrx_word' id='word_1_492' title='bbox 497 3752 642 3807; x_wconf 87' lang='grc' dir='ltr'>τοῦτ’</span> <span class='ocrx_word' id='word_1_493' title='bbox 688 3753 852 3814; x_wconf 76' lang='grc' dir='ltr'>ἐστιν,</span> <span class='ocrx_word' id='word_1_494' title='bbox 911 3753 995 3805; x_wconf 84' lang='grc' dir='ltr'><strong>ἵνα</strong></span> <span class='ocrx_word' id='word_1_495' title='bbox 1043 3752 1292 3823; x_wconf 82' lang='grc' dir='ltr'>νεκρώσῃ</span> <span class='ocrx_word' id='word_1_496' title='bbox 1342 3767 1427 3814; x_wconf 83' lang='grc' dir='ltr'><strong>τις</strong></span> <span class='ocrx_word' id='word_1_497' title='bbox 1492 3749 1680 3802; x_wconf 78' lang='grc' dir='ltr'>ἑαυτὸν</span> 
     </span>
    </p>
   </div>
   <div class='ocr_carea' id='block_1_66' title="bbox 115 3838 1678 3913">
    <p class='ocr_par' dir='ltr' id='par_1_66' title="bbox 115 3838 1678 3913">
     <span class='ocr_line' id='line_1_66' title="bbox 115 3838 1678 3913; baseline -0.007 -12"><span class='ocrx_word' id='word_1_498' title='bbox 115 3847 230 3900; x_wconf 76' lang='grc' dir='ltr'><strong>ἀπὸ</strong></span> <span class='ocrx_word' id='word_1_499' title='bbox 259 3846 476 3900; x_wconf 73' lang='grc' dir='ltr'>πάντων</span> <span class='ocrx_word' id='word_1_500' title='bbox 504 3844 614 3898; x_wconf 82' lang='grc' dir='ltr'>τῶν</span> <span class='ocrx_word' id='word_1_501' title='bbox 656 3843 750 3897; x_wconf 88' lang='grc' dir='ltr'><strong>τοῦ</strong></span> <span class='ocrx_word' id='word_1_502' title='bbox 778 3842 981 3913; x_wconf 85' lang='grc' dir='ltr'>κόσμου</span> <span class='ocrx_word' id='word_1_503' title='bbox 1007 3841 1194 3894; x_wconf 88' lang='grc' dir='ltr'>τούτου</span> <span class='ocrx_word' id='word_1_504' title='bbox 1213 3857 1227 3870; x_wconf 89' lang='grc'><strong>·</strong></span> <span class='ocrx_word' id='word_1_505' title='bbox 1264 3845 1358 3893; x_wconf 74' lang='grc' dir='ltr'><strong>κα1⁵</strong></span> <span class='ocrx_word' id='word_1_506' title='bbox 1385 3839 1477 3893; x_wconf 83' lang='grc' dir='ltr'><strong>ἐὰν</strong></span> <span class='ocrx_word' id='word_1_507' title='bbox 1500 3838 1678 3906; x_wconf 82' lang='grc' dir='ltr'>ἀφῆκε</span> 
     </span>
    </p>
   </div>
   <div class='ocr_carea' id='block_1_67' title="bbox 116 3930 1675 4007">
    <p class='ocr_par' dir='ltr' id='par_1_67' title="bbox 116 3930 1675 4007">
     <span class='ocr_line' id='line_1_67' title="bbox 116 3930 1675 4007; baseline -0.008 -14"><span class='ocrx_word' id='word_1_508' title='bbox 116 3941 337 4007; x_wconf 80' lang='grc' dir='ltr'>γονεῖς,</span> <span class='ocrx_word' id='word_1_509' title='bbox 368 3937 451 3989; x_wconf 81' lang='grc' dir='ltr'>ἵνα</span> <span class='ocrx_word' id='word_1_510' title='bbox 497 3936 828 4006; x_wconf 81' lang='grc' dir='ltr'>ἀγωνίσηται</span> <span class='ocrx_word' id='word_1_511' title='bbox 877 3935 972 3990; x_wconf 78' lang='grc' dir='ltr'>καὶ</span> <span class='ocrx_word' id='word_1_512' title='bbox 999 3935 1132 4006; x_wconf 79' lang='grc' dir='ltr'>πρὸς</span> <span class='ocrx_word' id='word_1_513' title='bbox 1158 3935 1258 4004; x_wconf 86' lang='grc' dir='ltr'><strong>τὴν</strong></span> <span class='ocrx_word' id='word_1_514' title='bbox 1285 3930 1675 4004; x_wconf 65' lang='grc' dir='ltr'>προσπαίὶειαν,</span> 
     </span>
    </p>
   </div>
   <div class='ocr_carea' id='block_1_68' title="bbox 114 4023 1678 4102">
    <p class='ocr_par' dir='ltr' id='par_1_68' title="bbox 114 4023 1678 4102">
     <span class='ocr_line' id='line_1_68' title="bbox 114 4023 1678 4102; baseline -0.006 -21"><span class='ocrx_word' id='word_1_515' title='bbox 114 4031 328 4102; x_wconf 80' lang='grc' dir='ltr'>ὁμοίως</span> <span class='ocrx_word' id='word_1_516' title='bbox 358 4030 450 4082; x_wconf 79' lang='grc' dir='ltr'>καὶ</span> <span class='ocrx_word' id='word_1_517' title='bbox 477 4031 730 4099; x_wconf 81' lang='grc' dir='ltr'>χρήματα</span> <span class='ocrx_word' id='word_1_518' title='bbox 761 4028 1088 4097; x_wconf 80' lang='grc' dir='ltr'>ἢκτήματα,</span> <span class='ocrx_word' id='word_1_519' title='bbox 1119 4026 1214 4078; x_wconf 82' lang='grc' dir='ltr'>καὶ</span> <span class='ocrx_word' id='word_1_520' title='bbox 1242 4026 1469 4077; x_wconf 76' lang='grc' dir='ltr'>ἕκαστον</span> <span class='ocrx_word' id='word_1_521' title='bbox 1499 4023 1678 4091; x_wconf 82' lang='grc' dir='ltr'>πρᾶγ-</span> 
     </span>
    </p>
   </div>
   <div class='ocr_carea' id='block_1_69' title="bbox 118 4113 1680 4191">
    <p class='ocr_par' dir='ltr' id='par_1_69' title="bbox 118 4113 1680 4191">
     <span class='ocr_line' id='line_1_69' title="bbox 118 4113 1680 4191; baseline -0.008 -19"><span class='ocrx_word' id='word_1_522' title='bbox 118 4138 200 4191; x_wconf 84' lang='grc' dir='ltr'><strong>μα</strong></span> <span class='ocrx_word' id='word_1_523' title='bbox 227 4119 260 4172; x_wconf 79' lang='grc' dir='ltr'><strong>ὃ</strong></span> <span class='ocrx_word' id='word_1_524' title='bbox 281 4117 328 4170; x_wconf 85' lang='grc' dir='ltr'><strong>δ’</strong></span> <span class='ocrx_word' id='word_1_525' title='bbox 362 4117 427 4171; x_wconf 81' lang='grc' dir='ltr'>ἂν</span> <span class='ocrx_word' id='word_1_526' title='bbox 463 4115 795 4183; x_wconf 79' lang='grc' dir='ltr'>ἀποτάξηταί</span> <span class='ocrx_word' id='word_1_527' title='bbox 819 4132 922 4179; x_wconf 90' lang='grc' dir='ltr'>τις,</span> <span class='ocrx_word' id='word_1_528' title='bbox 953 4113 1081 4184; x_wconf 78' lang='grc' dir='ltr'>θέλῃ</span> <span class='ocrx_word' id='word_1_529' title='bbox 1117 4113 1210 4165; x_wconf 78' lang='grc' dir='ltr'><strong>καὶ</strong></span> <span class='ocrx_word' id='word_1_530' title='bbox 1239 4113 1373 4182; x_wconf 81' lang='grc' dir='ltr'>αὐτῇ</span> <span class='ocrx_word' id='word_1_531' title='bbox 1417 4114 1485 4181; x_wconf 77' lang='grc' dir='ltr'>τῇ</span> <span class='ocrx_word' id='word_1_532' title='bbox 1515 4125 1680 4179; x_wconf 88' lang='grc' dir='ltr'>προσ-</span> 
     </span>
    </p>
   </div>
   <div class='ocr_carea' id='block_1_70' title="bbox 120 4201 1678 4282">
    <p class='ocr_par' dir='ltr' id='par_1_70' title="bbox 120 4201 1678 4282">
     <span class='ocr_line' id='line_1_70' title="bbox 120 4201 1678 4282; baseline -0.008 -17"><span class='ocrx_word' id='word_1_533' title='bbox 120 4211 338 4282; x_wconf 80' lang='grc' dir='ltr'>παθείᾳ</span> <span class='ocrx_word' id='word_1_534' title='bbox 397 4208 561 4263; x_wconf 86' lang='grc' dir='ltr'>αὑτοῦ</span> <span class='ocrx_word' id='word_1_535' title='bbox 603 4205 997 4272; x_wconf 80' lang='grc' dir='ltr'>ἀποτάξασθαι,</span> <span class='ocrx_word' id='word_1_536' title='bbox 1029 4203 1211 4267; x_wconf 84' lang='grc' dir='ltr'>καθὼς</span> <span class='ocrx_word' id='word_1_537' title='bbox 1257 4203 1352 4257; x_wconf 78' lang='grc' dir='ltr'>καὶ</span> <span class='ocrx_word' id='word_1_538' title='bbox 1387 4203 1485 4274; x_wconf 73' lang='grc' dir='ltr'>ἥδη</span> <span class='ocrx_word' id='word_1_539' title='bbox 1529 4201 1678 4253; x_wconf 81' lang='grc' dir='ltr'>εἴπο-</span> 
     </span>
    </p>
   </div>
   <div class='ocr_carea' id='block_1_71' title="bbox 117 4293 1678 4378">
    <p class='ocr_par' dir='ltr' id='par_1_71' title="bbox 117 4293 1678 4378">
     <span class='ocr_line' id='line_1_71' title="bbox 117 4293 1678 4378; baseline -0.01 -18"><span class='ocrx_word' id='word_1_540' title='bbox 117 4322 224 4378; x_wconf 83' lang='grc' dir='ltr'><strong>μεν</strong></span> <span class='ocrx_word' id='word_1_541' title='bbox 266 4318 282 4335; x_wconf 78' lang='grc'><strong><em>⁸</em></strong></span> <span class='ocrx_word' id='word_1_542' title='bbox 308 4301 403 4356; x_wconf 82' lang='grc' dir='ltr'>καὶ</span> <span class='ocrx_word' id='word_1_543' title='bbox 431 4301 565 4371; x_wconf 77' lang='grc' dir='ltr'>αὕτη</span> <span class='ocrx_word' id='word_1_544' title='bbox 594 4301 738 4353; x_wconf 69' lang='grc' dir='ltr'>ἐστὶν</span> <span class='ocrx_word' id='word_1_545' title='bbox 777 4301 810 4369; x_wconf 78' lang='grc' dir='ltr'>ἡ</span> <span class='ocrx_word' id='word_1_546' title='bbox 855 4298 1035 4353; x_wconf 86' lang='grc' dir='ltr'>τελεία</span> <span class='ocrx_word' id='word_1_547' title='bbox 1059 4296 1330 4366; x_wconf 84' lang='grc' dir='ltr'>ἀποταγή.</span> <span class='ocrx_word' id='word_1_548' title='bbox 1385 4293 1678 4364; x_wconf 75' lang='grc' dir='ltr'>Λαμϐἀνο-</span> 
     </span>
    </p>
   </div>
   <div class='ocr_carea' id='block_1_72' title="bbox 115 4385 1675 4468">
    <p class='ocr_par' dir='ltr' id='par_1_72' title="bbox 115 4385 1675 4468">
     <span class='ocr_line' id='line_1_72' title="bbox 115 4385 1675 4468; baseline -0.006 -20"><span class='ocrx_word' id='word_1_549' title='bbox 115 4413 223 4468; x_wconf 85' lang='grc' dir='ltr'><strong>μεν</strong></span> <span class='ocrx_word' id='word_1_550' title='bbox 281 4394 342 4448; x_wconf 85' lang='grc' dir='ltr'><strong>δὲ</strong></span> <span class='ocrx_word' id='word_1_551' title='bbox 385 4391 696 4446; x_wconf 85' lang='grc' dir='ltr'>κουκούλιον</span> <span class='ocrx_word' id='word_1_552' title='bbox 717 4407 731 4422; x_wconf 74' lang='grc' dir='ltr'><strong>ο</strong></span> <span class='ocrx_word' id='word_1_553' title='bbox 787 4391 945 4444; x_wconf 89' lang='grc' dir='ltr'>τοῦτο</span> <span class='ocrx_word' id='word_1_554' title='bbox 982 4389 1040 4443; x_wconf 88' lang='grc' dir='ltr'>δέ</span> <span class='ocrx_word' id='word_1_555' title='bbox 1087 4391 1201 4442; x_wconf 78' lang='grc' dir='ltr'>ἐστι</span> <span class='ocrx_word' id='word_1_556' title='bbox 1272 4385 1536 4458; x_wconf 89' lang='grc' dir='ltr'>σύμϐολον</span> <span class='ocrx_word' id='word_1_557' title='bbox 1578 4386 1675 4457; x_wconf 79' lang='grc' dir='ltr'>τῆς</span> 
     </span>
    </p>
   </div>
   <div class='ocr_carea' id='block_1_73' title="bbox 110 4478 1676 4554">
    <p class='ocr_par' dir='ltr' id='par_1_73' title="bbox 110 4478 1676 4554">
     <span class='ocr_line' id='line_1_73' title="bbox 110 4478 1676 4554; baseline -0.008 -13"><span class='ocrx_word' id='word_1_558' title='bbox 110 4485 525 4548; x_wconf 71' lang='grc' dir='ltr'>ταπεινώσεως.</span> <span class='ocrx_word' id='word_1_559' title='bbox 562 4484 641 4537; x_wconf 85' lang='grc' dir='ltr'><strong>Τὰ</strong></span> <span class='ocrx_word' id='word_1_560' title='bbox 691 4484 856 4554; x_wconf 88' lang='grc' dir='ltr'>νήπια</span> <span class='ocrx_word' id='word_1_561' title='bbox 901 4481 1009 4552; x_wconf 87' lang='grc' dir='ltr'>γὰρ</span> <span class='ocrx_word' id='word_1_562' title='bbox 1057 4479 1128 4533; x_wconf 87' lang='grc' dir='ltr'><strong>τά</strong></span> <span class='ocrx_word' id='word_1_563' title='bbox 1170 4479 1339 4551; x_wconf 86' lang='grc' dir='ltr'>μικρά</span> <span class='ocrx_word' id='word_1_564' title='bbox 1382 4479 1452 4531; x_wconf 89' lang='grc' dir='ltr'><strong>τά</strong></span> <span class='ocrx_word' id='word_1_565' title='bbox 1495 4478 1676 4532; x_wconf 79' lang='grc' dir='ltr'>ἅκακα</span> 
     </span>
    </p>
   </div>
   <div class='ocr_carea' id='block_1_74' title="bbox 111 4567 1674 4649">
    <p class='ocr_par' dir='ltr' id='par_1_74' title="bbox 111 4567 1674 4649">
     <span class='ocr_line' id='line_1_74' title="bbox 111 4567 1674 4649; baseline -0.005 -20"><span class='ocrx_word' id='word_1_566' title='bbox 111 4577 355 4649; x_wconf 82' lang='grc' dir='ltr'>φοροῦσι</span> <span class='ocrx_word' id='word_1_567' title='bbox 394 4574 687 4627; x_wconf 88' lang='grc' dir='ltr'>κουκούλια</span> <span class='ocrx_word' id='word_1_568' title='bbox 711 4589 725 4604; x_wconf 72' lang='grc' dir='ltr'><strong>ο</strong></span> <span class='ocrx_word' id='word_1_569' title='bbox 779 4572 1062 4644; x_wconf 75' lang='grc' dir='ltr'>ἄνθρωπος</span> <span class='ocrx_word' id='word_1_570' title='bbox 1093 4572 1151 4624; x_wconf 85' lang='grc' dir='ltr'><strong>δὲ</strong></span> <span class='ocrx_word' id='word_1_571' title='bbox 1193 4570 1394 4632; x_wconf 84' lang='grc' dir='ltr'>τέλειος</span> <span class='ocrx_word' id='word_1_572' title='bbox 1444 4567 1674 4622; x_wconf 88' lang='grc' dir='ltr'>κουκού-</span> 
     </span>
    </p>
   </div>
   <div class='ocr_carea' id='block_1_75' title="bbox 110 4659 1675 4735">
    <p class='ocr_par' dir='ltr' id='par_1_75' title="bbox 110 4659 1675 4735">
     <span class='ocr_line' id='line_1_75' title="bbox 110 4659 1675 4735; baseline -0.006 -13"><span class='ocrx_word' id='word_1_573' title='bbox 110 4670 228 4722; x_wconf 88' lang='grc' dir='ltr'>λιον</span> <span class='ocrx_word' id='word_1_574' title='bbox 260 4667 328 4720; x_wconf 84' lang='grc' dir='ltr'>οὐ</span> <span class='ocrx_word' id='word_1_575' title='bbox 361 4667 534 4735; x_wconf 82' lang='grc' dir='ltr'>φορεῖ.</span> <span class='ocrx_word' id='word_1_576' title='bbox 577 4666 767 4733; x_wconf 79' lang='grc' dir='ltr'>Ἡμεῖς</span> <span class='ocrx_word' id='word_1_577' title='bbox 794 4661 888 4719; x_wconf 80' lang='grc' dir='ltr'><strong>οὖν</strong></span> <span class='ocrx_word' id='word_1_578' title='bbox 936 4663 1023 4716; x_wconf 84' lang='grc' dir='ltr'><strong>διὰ</strong></span> <span class='ocrx_word' id='word_1_579' title='bbox 1048 4661 1209 4715; x_wconf 86' lang='grc' dir='ltr'>τοῦτο</span> <span class='ocrx_word' id='word_1_580' title='bbox 1250 4659 1542 4730; x_wconf 82' lang='grc' dir='ltr'>φοροῦμεν,</span> <span class='ocrx_word' id='word_1_581' title='bbox 1589 4659 1675 4712; x_wconf 76' lang='grc' dir='ltr'><strong>ἵνα</strong></span> 
     </span>
    </p>
   </div>
   <div class='ocr_carea' id='block_1_76' title="bbox 108 4747 1672 4828">
    <p class='ocr_par' dir='ltr' id='par_1_76' title="bbox 108 4747 1672 4828">
     <span class='ocr_line' id='line_1_76' title="bbox 108 4747 1672 4828; baseline -0.01 -15"><span class='ocrx_word' id='word_1_582' title='bbox 108 4755 500 4828; x_wconf 77' lang='grc' dir='ltr'>νηπιὰζωμεν</span> <span class='ocrx_word' id='word_1_583' title='bbox 531 4754 605 4825; x_wconf 76' lang='grc' dir='ltr'><strong>τῇ</strong></span> <span class='ocrx_word' id='word_1_584' title='bbox 629 4755 828 4820; x_wconf 80' lang='grc' dir='ltr'>κακίᾳ,</span> <span class='ocrx_word' id='word_1_585' title='bbox 870 4755 945 4816; x_wconf 85' lang='grc' dir='ltr'>ὡς</span> <span class='ocrx_word' id='word_1_586' title='bbox 996 4751 1142 4818; x_wconf 86' lang='grc' dir='ltr'>λέγει</span> <span class='ocrx_word' id='word_1_587' title='bbox 1206 4750 1237 4801; x_wconf 86' lang='grc' dir='ltr'><strong>ό</strong></span> <span class='ocrx_word' id='word_1_588' title='bbox 1313 4747 1629 4810; x_wconf 78' lang='grc' dir='ltr'>’Δπόστολος</span> <span class='ocrx_word' id='word_1_589' title='bbox 1656 4761 1672 4776; x_wconf 78' lang='grc' dir='ltr'><strong>ο</strong></span> 
     </span>
    </p>
   </div>
   <div class='ocr_carea' id='block_1_77' title="bbox 108 4836 1674 4920">
    <p class='ocr_par' dir='ltr' id='par_1_77' title="bbox 108 4836 1674 4920">
     <span class='ocr_line' id='line_1_77' title="bbox 108 4836 1674 4920; baseline -0.01 -14"><span class='ocrx_word' id='word_1_590' title='bbox 108 4851 211 4920; x_wconf 70' lang='grc' dir='ltr'><strong>Μὴ</strong></span> <span class='ocrx_word' id='word_1_591' title='bbox 270 4846 484 4902; x_wconf 72' lang='grc' dir='ltr'>παιδία</span> <span class='ocrx_word' id='word_1_592' title='bbox 524 4846 762 4914; x_wconf 79' lang='grc' dir='ltr'>γίνεσθε</span> <span class='ocrx_word' id='word_1_593' title='bbox 801 4844 933 4910; x_wconf 84' lang='grc' dir='ltr'>ταῖς</span> <span class='ocrx_word' id='word_1_594' title='bbox 978 4841 1214 4912; x_wconf 74' lang='grc' dir='ltr'>φρεσίν,</span> <span class='ocrx_word' id='word_1_595' title='bbox 1270 4839 1439 4897; x_wconf 73' lang='grc' dir='ltr'>ἀλλὰ.</span> <span class='ocrx_word' id='word_1_596' title='bbox 1463 4836 1538 4906; x_wconf 80' lang='grc' dir='ltr'><strong>τῇ</strong></span> <span class='ocrx_word' id='word_1_597' title='bbox 1568 4854 1674 4899; x_wconf 79' lang='grc' dir='ltr'>κα-</span> 
     </span>
    </p>
   </div>
   <div class='ocr_carea' id='block_1_78' title="bbox 108 4933 1671 5015">
    <p class='ocr_par' dir='ltr' id='par_1_78' title="bbox 108 4933 1671 5015">
     <span class='ocr_line' id='line_1_78' title="bbox 108 4933 1671 5015; baseline -0.012 -13"><span class='ocrx_word' id='word_1_598' title='bbox 108 4948 212 5015; x_wconf 74' lang='grc' dir='ltr'>κίᾳ</span> <span class='ocrx_word' id='word_1_599' title='bbox 255 4941 590 5011; x_wconf 65' lang='grc' dir='ltr'>νηπιάζετε.</span> <span class='ocrx_word' id='word_1_600' title='bbox 637 4941 706 4994; x_wconf 85' lang='grc' dir='ltr'>Τί</span> <span class='ocrx_word' id='word_1_601' title='bbox 742 4940 800 4994; x_wconf 81' lang='grc' dir='ltr'>δέ</span> <span class='ocrx_word' id='word_1_602' title='bbox 825 4941 952 5008; x_wconf 34' lang='grc' dir='ltr'>ἐστι,</span> <span class='ocrx_word' id='word_1_603' title='bbox 985 4938 1046 4990; x_wconf 82' lang='grc' dir='ltr'>τὸ</span> <span class='ocrx_word' id='word_1_604' title='bbox 1074 4935 1355 5007; x_wconf 82' lang='grc' dir='ltr'>νηπιάζειν</span> <span class='ocrx_word' id='word_1_605' title='bbox 1374 4937 1441 5006; x_wconf 81' lang='grc' dir='ltr'>τῇ</span> <span class='ocrx_word' id='word_1_606' title='bbox 1468 4933 1671 5003; x_wconf 65' lang='lat' dir='ltr'><strong>uitia;</strong></span> 
     </span>
    </p>
   </div>
   <div class='ocr_carea' id='block_1_79' title="bbox 107 5018 1731 5108">
    <p class='ocr_par' dir='ltr' id='par_1_79' title="bbox 107 5018 1731 5108">
     <span class='ocr_line' id='line_1_79' title="bbox 107 5018 1731 5108; baseline -0.007 -20"><span class='ocrx_word' id='word_1_607' title='bbox 107 5041 184 5096; x_wconf 79' lang='grc' dir='ltr'><strong>τὸ</strong></span> <span class='ocrx_word' id='word_1_608' title='bbox 235 5037 437 5108; x_wconf 83' lang='grc' dir='ltr'>νήπιον</span> <span class='ocrx_word' id='word_1_609' title='bbox 460 5073 476 5098; x_wconf 88' lang='grc'><strong>,</strong></span> <span class='ocrx_word' id='word_1_610' title='bbox 529 5033 589 5108; x_wconf 75' lang='grc' dir='ltr'><strong>τὸ</strong></span> <span class='ocrx_word' id='word_1_611' title='bbox 633 5018 732 5104; x_wconf 46' lang='grc' dir='ltr'><strong>μὴ”ε</strong></span> <span class='ocrx_word' id='word_1_612' title='bbox 768 5030 890 5102; x_wconf 76' lang='grc' dir='ltr'>ἔχον</span> <span class='ocrx_word' id='word_1_613' title='bbox 944 5029 1175 5093; x_wconf 85' lang='grc' dir='ltr'>κακίαν,</span> <span class='ocrx_word' id='word_1_614' title='bbox 1229 5027 1323 5080; x_wconf 84' lang='grc' dir='ltr'><strong>ὲάν</strong></span> <span class='ocrx_word' id='word_1_615' title='bbox 1369 5024 1671 5095; x_wconf 75' lang='grc' dir='ltr'>ἀτιμασθῇ,</span> <span class='ocrx_word' id='word_1_616' title='bbox 1728 5096 1731 5097; x_wconf 14' lang='grc' dir='ltr'><em>ν</em></span> 
     </span>
    </p>
   </div>
   <div class='ocr_carea' id='block_1_80' title="bbox 105 5104 1673 5199">
    <p class='ocr_par' dir='ltr' id='par_1_80' title="bbox 105 5104 1673 5199">
     <span class='ocr_line' id='line_1_80' title="bbox 105 5104 1673 5199; baseline -0.011 -13"><span class='ocrx_word' id='word_1_617' title='bbox 105 5133 212 5186; x_wconf 67' lang='grc' dir='ltr'>οὐκ</span> <span class='ocrx_word' id='word_1_618' title='bbox 254 5104 562 5199; x_wconf 62' lang='grc' dir='ltr'>ὀργίζεταζ</span> <span class='ocrx_word' id='word_1_619' title='bbox 605 5125 700 5178; x_wconf 76' lang='grc' dir='ltr'><strong>καὶ</strong></span> <span class='ocrx_word' id='word_1_620' title='bbox 727 5124 821 5178; x_wconf 68' lang='grc' dir='ltr'><strong>ἐὰν</strong></span> <span class='ocrx_word' id='word_1_621' title='bbox 846 5120 1073 5192; x_wconf 79' lang='grc' dir='ltr'>τιμηθῇ,</span> <span class='ocrx_word' id='word_1_622' title='bbox 1117 5120 1179 5173; x_wconf 82' lang='grc' dir='ltr'>οὐ</span> <span class='ocrx_word' id='word_1_623' title='bbox 1227 5115 1530 5180; x_wconf 82' lang='grc' dir='ltr'>κενοδοξεῖ·</span> <span class='ocrx_word' id='word_1_624' title='bbox 1577 5115 1673 5169; x_wconf 80' lang='grc' dir='ltr'><strong>ἐὰν</strong></span> 
     </span>
    </p>
   </div>
   <div class='ocr_carea' id='block_1_81' title="bbox 107 5207 1672 5291">
    <p class='ocr_par' dir='ltr' id='par_1_81' title="bbox 107 5207 1672 5291">
     <span class='ocr_line' id='line_1_81' title="bbox 107 5207 1672 5291; baseline -0.011 -15"><span class='ocrx_word' id='word_1_625' title='bbox 107 5221 256 5291; x_wconf 74' lang='grc' dir='ltr'><strong>λάϐη</strong></span> <span class='ocrx_word' id='word_1_626' title='bbox 290 5235 378 5281; x_wconf 87' lang='grc' dir='ltr'><strong>τις</strong></span> <span class='ocrx_word' id='word_1_627' title='bbox 413 5215 480 5268; x_wconf 78' lang='grc' dir='ltr'><strong>τὰ</strong></span> <span class='ocrx_word' id='word_1_628' title='bbox 538 5215 724 5281; x_wconf 78' lang='grc' dir='ltr'>αὑτοῦ,</span> <span class='ocrx_word' id='word_1_629' title='bbox 767 5215 830 5278; x_wconf 49' lang='grc' dir='ltr'><strong>οὐ,</strong></span> <span class='ocrx_word' id='word_1_630' title='bbox 874 5213 1154 5267; x_wconf 86' lang='grc' dir='ltr'>θλίϐεται·</span> <span class='ocrx_word' id='word_1_631' title='bbox 1192 5207 1445 5280; x_wconf 82' lang='grc' dir='ltr'>νηπιάζει</span> <span class='ocrx_word' id='word_1_632' title='bbox 1476 5207 1582 5278; x_wconf 88' lang='grc' dir='ltr'>γὰρ</span> <span class='ocrx_word' id='word_1_633' title='bbox 1607 5211 1672 5280; x_wconf 85' lang='grc' dir='ltr'>τῇ</span> 
     </span>
    </p>
   </div>
   <div class='ocr_carea' id='block_1_82' title="bbox 107 5300 1675 5381">
    <p class='ocr_par' dir='ltr' id='par_1_82' title="bbox 107 5300 1675 5381">
     <span class='ocr_line' id='line_1_82' title="bbox 107 5300 1675 5381; baseline -0.01 -15"><span class='ocrx_word' id='word_1_634' title='bbox 107 5313 320 5381; x_wconf 70' lang='grc' dir='ltr'>κακίᾳ,</span> <span class='ocrx_word' id='word_1_635' title='bbox 349 5309 449 5362; x_wconf 84' lang='grc' dir='ltr'>οὐκ</span> <span class='ocrx_word' id='word_1_636' title='bbox 485 5303 760 5357; x_wconf 82' lang='grc' dir='ltr'>ὲπεκδικεῖ</span> <span class='ocrx_word' id='word_1_637' title='bbox 796 5303 989 5366; x_wconf 81' lang='grc' dir='ltr'>πάθος,</span> <span class='ocrx_word' id='word_1_638' title='bbox 1041 5303 1141 5354; x_wconf 82' lang='grc' dir='ltr'>οὐκ</span> <span class='ocrx_word' id='word_1_639' title='bbox 1186 5301 1538 5353; x_wconf 87' lang='grc' dir='ltr'>ἀντιποιεῖται</span> <span class='ocrx_word' id='word_1_640' title='bbox 1589 5300 1675 5352; x_wconf 80' lang='grc' dir='ltr'><strong>δό-</strong></span> 
     </span>
    </p>
   </div>
   <div class='ocr_carea' id='block_1_83' title="bbox 109 5393 1675 5474">
    <p class='ocr_par' dir='ltr' id='par_1_83' title="bbox 109 5393 1675 5474">
     <span class='ocr_line' id='line_1_83' title="bbox 109 5393 1675 5474; baseline -0.005 -18"><span class='ocrx_word' id='word_1_641' title='bbox 109 5401 233 5474; x_wconf 80' lang='grc' dir='ltr'>ξης.</span> <span class='ocrx_word' id='word_1_642' title='bbox 272 5402 435 5454; x_wconf 83' lang='grc' dir='ltr'>Ἐστι</span> <span class='ocrx_word' id='word_1_643' title='bbox 458 5398 616 5452; x_wconf 80' lang='grc' dir='ltr'>πάλιν</span> <span class='ocrx_word' id='word_1_644' title='bbox 631 5399 690 5450; x_wconf 81' lang='grc' dir='ltr'><strong>τὸ</strong></span> <span class='ocrx_word' id='word_1_645' title='bbox 709 5398 1020 5452; x_wconf 87' lang='grc' dir='ltr'>κουκούλιον</span> <span class='ocrx_word' id='word_1_646' title='bbox 1044 5395 1305 5466; x_wconf 84' lang='grc' dir='ltr'>σύμϐολον</span> <span class='ocrx_word' id='word_1_647' title='bbox 1331 5393 1430 5462; x_wconf 77' lang='grc' dir='ltr'>τῆς</span> <span class='ocrx_word' id='word_1_648' title='bbox 1459 5395 1675 5465; x_wconf 80' lang='grc' dir='ltr'>χάριτος</span> 
     </span>
    </p>
   </div>
   <div class='ocr_carea' id='block_1_84' title="bbox 108 5486 1676 5557">
    <p class='ocr_par' dir='ltr' id='par_1_84' title="bbox 108 5486 1676 5557">
     <span class='ocr_line' id='line_1_84' title="bbox 108 5486 1676 5557; baseline -0.004 -10"><span class='ocrx_word' id='word_1_649' title='bbox 108 5493 206 5547; x_wconf 65' lang='grc' dir='ltr'><strong>τοῦ</strong></span> <span class='ocrx_word' id='word_1_650' title='bbox 236 5491 401 5546; x_wconf 84' lang='grc' dir='ltr'>Θεοῦ.</span> <span class='ocrx_word' id='word_1_651' title='bbox 440 5492 560 5545; x_wconf 87' lang='grc' dir='ltr'>Ὅτι</span> <span class='ocrx_word' id='word_1_652' title='bbox 605 5489 792 5557; x_wconf 80' lang='grc' dir='ltr'>ὥσπερ</span> <span class='ocrx_word' id='word_1_653' title='bbox 828 5490 890 5542; x_wconf 83' lang='grc' dir='ltr'>τὸ</span> <span class='ocrx_word' id='word_1_654' title='bbox 935 5489 1245 5542; x_wconf 86' lang='grc' dir='ltr'>κουκού).ιον</span> <span class='ocrx_word' id='word_1_655' title='bbox 1277 5486 1534 5549; x_wconf 77' lang='grc' dir='ltr'>σκεπάζει</span> <span class='ocrx_word' id='word_1_656' title='bbox 1582 5489 1676 5541; x_wconf 79' lang='grc' dir='ltr'><strong>καὶ</strong></span> 
     </span>
    </p>
   </div>
   <div class='ocr_carea' id='block_1_85' title="bbox 1775 3198 3333 3279">
    <p class='ocr_par' dir='ltr' id='par_1_85' title="bbox 1775 3198 3333 3279">
     <span class='ocr_line' id='line_1_85' title="bbox 1775 3198 3333 3279; baseline 0.01 -27"><span class='ocrx_word' id='word_1_657' title='bbox 1775 3198 1998 3267; x_wconf 79' lang='lat' dir='ltr'><strong>erigitur</strong></span> <span class='ocrx_word' id='word_1_658' title='bbox 2022 3214 2117 3268; x_wconf 87' lang='lat' dir='ltr'><strong>per</strong></span> <span class='ocrx_word' id='word_1_659' title='bbox 2135 3201 2291 3254; x_wconf 80' lang='lat' dir='ltr'><strong>tidem</strong></span> <span class='ocrx_word' id='word_1_660' title='bbox 2313 3217 2472 3270; x_wconf 90' lang='lat' dir='ltr'><strong>quam</strong></span> <span class='ocrx_word' id='word_1_661' title='bbox 2494 3203 2752 3260; x_wconf 81' lang='lat' dir='ltr'><strong>habemus</strong></span> <span class='ocrx_word' id='word_1_662' title='bbox 2775 3207 2827 3259; x_wconf 92' lang='lat' dir='ltr'><strong>in</strong></span> <span class='ocrx_word' id='word_1_663' title='bbox 2853 3206 3333 3279; x_wconf 54' lang='lat' dir='ltr'><strong>ChristumﬂFides</strong></span> 
     </span>
    </p>
   </div>
   <div class='ocr_carea' id='block_1_86' title="bbox 1776 3289 3331 3362">
    <p class='ocr_par' dir='ltr' id='par_1_86' title="bbox 1776 3289 3331 3362">
     <span class='ocr_line' id='line_1_86' title="bbox 1776 3289 3331 3362; baseline 0.012 -20"><span class='ocrx_word' id='word_1_664' title='bbox 1776 3289 1941 3353; x_wconf 90' lang='lat' dir='ltr'><strong>enim,</strong></span> <span class='ocrx_word' id='word_1_665' title='bbox 1969 3299 2027 3342; x_wconf 94' lang='lat' dir='ltr'><strong>ut</strong></span> <span class='ocrx_word' id='word_1_666' title='bbox 2048 3290 2244 3345; x_wconf 89' lang='lat' dir='ltr'><strong>dicitur</strong></span> <span class='ocrx_word' id='word_1_667' title='bbox 2264 3307 2454 3346; x_wconf 89' lang='lat' dir='ltr'><strong>rursus</strong></span> <span class='ocrx_word' id='word_1_668' title='bbox 2483 3293 2534 3345; x_wconf 91' lang='lat' dir='ltr'><strong>in</strong></span> <span class='ocrx_word' id='word_1_669' title='bbox 2563 3293 2700 3347; x_wconf 89' lang='lat' dir='ltr'><strong>libro</strong></span> <span class='ocrx_word' id='word_1_670' title='bbox 2728 3312 2940 3362; x_wconf 89' lang='lat' dir='ltr'><strong>senum,</strong></span> <span class='ocrx_word' id='word_1_671' title='bbox 2970 3315 3178 3357; x_wconf 86' lang='lat' dir='ltr'><strong>amovet</strong></span> <span class='ocrx_word' id='word_1_672' title='bbox 3199 3322 3331 3360; x_wconf 83' lang='lat' dir='ltr'><strong>sem-</strong></span> 
     </span>
    </p>
   </div>
   <div class='ocr_carea' id='block_1_87' title="bbox 1776 3377 3330 3451">
    <p class='ocr_par' dir='ltr' id='par_1_87' title="bbox 1776 3377 3330 3451">
     <span class='ocr_line' id='line_1_87' title="bbox 1776 3377 3330 3451; baseline 0.008 -22"><span class='ocrx_word' id='word_1_673' title='bbox 1776 3391 1872 3445; x_wconf 86' lang='lat' dir='ltr'><strong>per</strong></span> <span class='ocrx_word' id='word_1_674' title='bbox 1901 3385 1956 3430; x_wconf 89' lang='lat' dir='ltr'><strong>et</strong></span> <span class='ocrx_word' id='word_1_675' title='bbox 1998 3377 2205 3445; x_wconf 86' lang='lat' dir='ltr'><strong>repellit</strong></span> <span class='ocrx_word' id='word_1_676' title='bbox 2236 3393 2570 3447; x_wconf 62' lang='lat' dir='ltr'><strong>quacunque</strong></span> <span class='ocrx_word' id='word_1_677' title='bbox 2597 3389 2723 3434; x_wconf 89' lang='lat' dir='ltr'><strong>sunt</strong></span> <span class='ocrx_word' id='word_1_678' title='bbox 2763 3383 3162 3451; x_wconf 88' lang='lat' dir='ltr'><strong>impedimento.</strong></span> <span class='ocrx_word' id='word_1_679' title='bbox 3191 3400 3243 3442; x_wconf 89' lang='lat' dir='ltr'><strong>et</strong></span> <span class='ocrx_word' id='word_1_680' title='bbox 3269 3391 3330 3442; x_wconf 88' lang='lat' dir='ltr'><strong>li-</strong></span> 
     </span>
    </p>
   </div>
   <div class='ocr_carea' id='block_1_88' title="bbox 1775 3468 3328 3548">
    <p class='ocr_par' dir='ltr' id='par_1_88' title="bbox 1775 3468 3328 3548">
     <span class='ocr_line' id='line_1_88' title="bbox 1775 3468 3328 3548; baseline 0.005 -24"><span class='ocrx_word' id='word_1_681' title='bbox 1775 3468 1959 3524; x_wconf 82' lang='lat' dir='ltr'><strong>beram</strong></span> <span class='ocrx_word' id='word_1_682' title='bbox 1990 3468 2148 3523; x_wconf 89' lang='lat' dir='ltr'><strong>nobis</strong></span> <span class='ocrx_word' id='word_1_683' title='bbox 2184 3469 2358 3523; x_wconf 87' lang='lat' dir='ltr'><strong>reddit</strong></span> <span class='ocrx_word' id='word_1_684' title='bbox 2403 3473 2791 3539; x_wconf 88' lang='lat' dir='ltr'><strong>operationem,</strong></span> <span class='ocrx_word' id='word_1_685' title='bbox 2831 3490 2950 3543; x_wconf 78' lang='lat' dir='ltr'><strong>qua:</strong></span> <span class='ocrx_word' id='word_1_686' title='bbox 2984 3491 3083 3532; x_wconf 89' lang='lat' dir='ltr'><strong>nos</strong></span> <span class='ocrx_word' id='word_1_687' title='bbox 3106 3478 3170 3530; x_wconf 88' lang='lat' dir='ltr'><strong>ad</strong></span> <span class='ocrx_word' id='word_1_688' title='bbox 3207 3496 3328 3548; x_wconf 82' lang='lat' dir='ltr'><strong>per-</strong></span> 
     </span>
    </p>
   </div>
   <div class='ocr_carea' id='block_1_89' title="bbox 1778 3559 3329 3630">
    <p class='ocr_par' dir='ltr' id='par_1_89' title="bbox 1778 3559 3329 3630">
     <span class='ocr_line' id='line_1_89' title="bbox 1778 3559 3329 3630; baseline 0.006 -16"><span class='ocrx_word' id='word_1_689' title='bbox 1778 3559 1975 3617; x_wconf 80' lang='lat' dir='ltr'><strong>fectam</strong></span> <span class='ocrx_word' id='word_1_690' title='bbox 2002 3559 2141 3614; x_wconf 82' lang='lat' dir='ltr'><strong>hanc</strong></span> <span class='ocrx_word' id='word_1_691' title='bbox 2173 3560 2636 3614; x_wconf 90' lang='lat' dir='ltr'><strong>mortilicationem</strong></span> <span class='ocrx_word' id='word_1_692' title='bbox 2677 3562 2928 3630; x_wconf 89' lang='lat' dir='ltr'><strong>deducit;</strong></span> <span class='ocrx_word' id='word_1_693' title='bbox 2967 3564 3019 3618; x_wconf 91' lang='lat' dir='ltr'><strong>id</strong></span> <span class='ocrx_word' id='word_1_694' title='bbox 3051 3577 3152 3629; x_wconf 86' lang='lat' dir='ltr'><strong>est,</strong></span> <span class='ocrx_word' id='word_1_695' title='bbox 3192 3578 3247 3621; x_wconf 94' lang='lat' dir='ltr'><strong>ut</strong></span> <span class='ocrx_word' id='word_1_696' title='bbox 3275 3585 3329 3623; x_wconf 88' lang='lat' dir='ltr'><strong>se</strong></span> 
     </span>
    </p>
   </div>
   <div class='ocr_carea' id='block_1_90' title="bbox 1779 3651 3328 3723">
    <p class='ocr_par' dir='ltr' id='par_1_90' title="bbox 1779 3651 3328 3723">
     <span class='ocr_line' id='line_1_90' title="bbox 1779 3651 3328 3723; baseline 0.002 -14"><span class='ocrx_word' id='word_1_697' title='bbox 1779 3654 1955 3723; x_wconf 89' lang='lat' dir='ltr'><strong>ipsum</strong></span> <span class='ocrx_word' id='word_1_698' title='bbox 2005 3652 2244 3722; x_wconf 85' lang='lat' dir='ltr'><strong>quisque</strong></span> <span class='ocrx_word' id='word_1_699' title='bbox 2285 3651 2466 3707; x_wconf 64' lang='lat' dir='ltr'><strong>salculi</strong></span> <span class='ocrx_word' id='word_1_700' title='bbox 2505 3653 2667 3707; x_wconf 87' lang='lat' dir='ltr'><strong>rebus</strong></span> <span class='ocrx_word' id='word_1_701' title='bbox 2694 3654 2916 3708; x_wconf 88' lang='lat' dir='ltr'><strong>omnino</strong></span> <span class='ocrx_word' id='word_1_702' title='bbox 2946 3667 3128 3720; x_wconf 79' lang='lat' dir='ltr'><strong>exuat,</strong></span> <span class='ocrx_word' id='word_1_703' title='bbox 3161 3671 3213 3711; x_wconf 92' lang='lat' dir='ltr'><strong>et</strong></span> <span class='ocrx_word' id='word_1_704' title='bbox 3240 3677 3328 3713; x_wconf 84' lang='lat' dir='ltr'><strong>ca-</strong></span> 
     </span>
    </p>
   </div>
   <div class='ocr_carea' id='block_1_91' title="bbox 1779 3747 3330 3821">
    <p class='ocr_par' dir='ltr' id='par_1_91' title="bbox 1779 3747 3330 3821">
     <span class='ocr_line' id='line_1_91' title="bbox 1779 3747 3330 3821; baseline 0.005 -21"><span class='ocrx_word' id='word_1_705' title='bbox 1779 3748 2026 3802; x_wconf 90' lang='lat' dir='ltr'><strong>rumdem</strong></span> <span class='ocrx_word' id='word_1_706' title='bbox 2065 3748 2266 3817; x_wconf 88' lang='lat' dir='ltr'><strong>pariter</strong></span> <span class='ocrx_word' id='word_1_707' title='bbox 2297 3761 2482 3800; x_wconf 89' lang='lat' dir='ltr'><strong>amore</strong></span> <span class='ocrx_word' id='word_1_708' title='bbox 2527 3755 2689 3815; x_wconf 85' lang='lat' dir='ltr'><strong>atque</strong></span> <span class='ocrx_word' id='word_1_709' title='bbox 2734 3747 3034 3803; x_wconf 79' lang='lat' dir='ltr'><strong>all‘ectione.</strong></span> <span class='ocrx_word' id='word_1_710' title='bbox 3086 3749 3330 3821; x_wconf 79' lang='lat' dir='ltr'><strong>Reliqui-</strong></span> 
     </span>
    </p>
   </div>
   <div class='ocr_carea' id='block_1_92' title="bbox 1778 3839 3329 3913">
    <p class='ocr_par' dir='ltr' id='par_1_92' title="bbox 1778 3839 3329 3913">
     <span class='ocr_line' id='line_1_92' title="bbox 1778 3839 3329 3913; baseline 0.003 -20"><span class='ocrx_word' id='word_1_711' title='bbox 1778 3854 1901 3893; x_wconf 87' lang='lat' dir='ltr'><strong>mus</strong></span> <span class='ocrx_word' id='word_1_712' title='bbox 1943 3839 2086 3893; x_wconf 89' lang='lat' dir='ltr'><strong>enim</strong></span> <span class='ocrx_word' id='word_1_713' title='bbox 2134 3840 2378 3893; x_wconf 89' lang='lat' dir='ltr'><strong>certatim</strong></span> <span class='ocrx_word' id='word_1_714' title='bbox 2432 3847 2708 3906; x_wconf 80' lang='lat' dir='ltr'><strong>parentes,</strong></span> <span class='ocrx_word' id='word_1_715' title='bbox 2762 3842 3080 3910; x_wconf 83' lang='lat' dir='ltr'><strong>reliquimus</strong></span> <span class='ocrx_word' id='word_1_716' title='bbox 3131 3859 3329 3913; x_wconf 82' lang='lat' dir='ltr'><strong>agros,</strong></span> 
     </span>
    </p>
   </div>
   <div class='ocr_carea' id='block_1_93' title="bbox 1766 3928 3328 4002">
    <p class='ocr_par' dir='ltr' id='par_1_93' title="bbox 1766 3928 3328 4002">
     <span class='ocr_line' id='line_1_93' title="bbox 1766 3928 3328 4002; baseline 0.001 -17"><span class='ocrx_word' id='word_1_717' title='bbox 1766 3928 2164 4002; x_wconf 74' lang='lat' dir='ltr'><strong>possessiones,</strong></span> <span class='ocrx_word' id='word_1_718' title='bbox 2216 3929 2471 3997; x_wconf 86' lang='lat' dir='ltr'><strong>pecunias</strong></span> <span class='ocrx_word' id='word_1_719' title='bbox 2519 3939 2575 3982; x_wconf 92' lang='lat' dir='ltr'><strong>et</strong></span> <span class='ocrx_word' id='word_1_720' title='bbox 2623 3945 2957 3999; x_wconf 56' lang='lat' dir='ltr'><strong>quaecunque</strong></span> <span class='ocrx_word' id='word_1_721' title='bbox 3017 3934 3171 3988; x_wconf 83' lang='lat' dir='ltr'><strong>nobis</strong></span> <span class='ocrx_word' id='word_1_722' title='bbox 3218 3933 3328 3987; x_wconf 77' lang='lat' dir='ltr'><strong>lue-</strong></span> 
     </span>
    </p>
   </div>
   <div class='ocr_carea' id='block_1_94' title="bbox 1775 4018 3326 4088">
    <p class='ocr_par' dir='ltr' id='par_1_94' title="bbox 1775 4018 3326 4088">
     <span class='ocr_line' id='line_1_94' title="bbox 1775 4018 3326 4088; baseline 0 -12"><span class='ocrx_word' id='word_1_723' title='bbox 1775 4030 1898 4077; x_wconf 85' lang='lat' dir='ltr'><strong>rant</strong></span> <span class='ocrx_word' id='word_1_724' title='bbox 1940 4019 2470 4082; x_wconf 85' lang='lat' dir='ltr'><strong>ahrenuntiavimus;</strong></span> <span class='ocrx_word' id='word_1_725' title='bbox 2531 4018 2972 4072; x_wconf 88' lang='lat' dir='ltr'><strong>abrenuntiemus</strong></span> <span class='ocrx_word' id='word_1_726' title='bbox 3026 4021 3227 4088; x_wconf 84' lang='lat' dir='ltr'><strong>pariter</strong></span> <span class='ocrx_word' id='word_1_727' title='bbox 3275 4032 3326 4076; x_wconf 90' lang='lat' dir='ltr'><strong>et</strong></span> 
     </span>
    </p>
   </div>
   <div class='ocr_carea' id='block_1_95' title="bbox 1776 4109 3318 4182">
    <p class='ocr_par' dir='ltr' id='par_1_95' title="bbox 1776 4109 3318 4182">
     <span class='ocr_line' id='line_1_95' title="bbox 1776 4109 3318 4182; baseline 0.001 -13"><span class='ocrx_word' id='word_1_728' title='bbox 1776 4114 2038 4178; x_wconf 77' lang='lat' dir='ltr'><strong>aﬂ‘ectui,</strong></span> <span class='ocrx_word' id='word_1_729' title='bbox 2106 4113 2294 4182; x_wconf 86' lang='lat' dir='ltr'><strong>sicque</strong></span> <span class='ocrx_word' id='word_1_730' title='bbox 2359 4109 2572 4180; x_wconf 79' lang='lat' dir='ltr'><strong>perfecti</strong></span> <span class='ocrx_word' id='word_1_731' title='bbox 2644 4112 2848 4165; x_wconf 90' lang='lat' dir='ltr'><strong>erimus</strong></span> <span class='ocrx_word' id='word_1_732' title='bbox 2928 4112 3318 4170; x_wconf 82' lang='lat' dir='ltr'><strong>abrenuntiato—</strong></span> 
     </span>
    </p>
   </div>
   <div class='ocr_carea' id='block_1_96' title="bbox 1775 4203 3325 4270">
    <p class='ocr_par' dir='ltr' id='par_1_96' title="bbox 1775 4203 3325 4270">
     <span class='ocr_line' id='line_1_96' title="bbox 1775 4203 3325 4270; baseline -0.006 -8"><span class='ocrx_word' id='word_1_733' title='bbox 1775 4223 1884 4262; x_wconf 86' lang='lat' dir='ltr'><strong>res.</strong></span> <span class='ocrx_word' id='word_1_734' title='bbox 1945 4205 2191 4260; x_wconf 89' lang='lat' dir='ltr'><strong>Ferimus</strong></span> <span class='ocrx_word' id='word_1_735' title='bbox 2252 4212 2303 4259; x_wconf 90' lang='lat' dir='ltr'><strong>et</strong></span> <span class='ocrx_word' id='word_1_736' title='bbox 2352 4203 2644 4265; x_wconf 88' lang='lat' dir='ltr'><strong>cucullum,</strong></span> <span class='ocrx_word' id='word_1_737' title='bbox 2690 4203 2830 4270; x_wconf 92' lang='lat' dir='ltr'><strong>quod</strong></span> <span class='ocrx_word' id='word_1_738' title='bbox 2871 4203 3185 4259; x_wconf 66' lang='lat' dir='ltr'><strong>innocentia!</strong></span> <span class='ocrx_word' id='word_1_739' title='bbox 3249 4211 3325 4264; x_wconf 87' lang='lat' dir='ltr'><strong>si-</strong></span> 
     </span>
    </p>
   </div>
   <div class='ocr_carea' id='block_1_97' title="bbox 1778 4294 3317 4369">
    <p class='ocr_par' dir='ltr' id='par_1_97' title="bbox 1778 4294 3317 4369">
     <span class='ocr_line' id='line_1_97' title="bbox 1778 4294 3317 4369; baseline 0.002 -19"><span class='ocrx_word' id='word_1_740' title='bbox 1778 4313 1941 4369; x_wconf 88' lang='lat' dir='ltr'><strong>gnum</strong></span> <span class='ocrx_word' id='word_1_741' title='bbox 1985 4306 2068 4352; x_wconf 88' lang='lat' dir='ltr'><strong>est</strong></span> <span class='ocrx_word' id='word_1_742' title='bbox 2119 4305 2174 4350; x_wconf 90' lang='lat' dir='ltr'><strong>et</strong></span> <span class='ocrx_word' id='word_1_743' title='bbox 2222 4294 2489 4364; x_wconf 89' lang='lat' dir='ltr'><strong>puritatis.</strong></span> <span class='ocrx_word' id='word_1_744' title='bbox 2534 4295 2692 4348; x_wconf 84' lang='lat' dir='ltr'><strong>Pueri</strong></span> <span class='ocrx_word' id='word_1_745' title='bbox 2724 4295 2862 4345; x_wconf 73' lang='lat' dir='ltr'><strong>eiiim</strong></span> <span class='ocrx_word' id='word_1_746' title='bbox 2900 4296 3104 4362; x_wconf 87' lang='lat' dir='ltr'><strong>parvuli</strong></span> <span class='ocrx_word' id='word_1_747' title='bbox 3146 4300 3317 4352; x_wconf 90' lang='lat' dir='ltr'><strong>cucul-</strong></span> 
     </span>
    </p>
   </div>
   <div class='ocr_carea' id='block_1_98' title="bbox 1779 4380 3325 4454">
    <p class='ocr_par' dir='ltr' id='par_1_98' title="bbox 1779 4380 3325 4454">
     <span class='ocr_line' id='line_1_98' title="bbox 1779 4380 3325 4454; baseline -0.003 -9"><span class='ocrx_word' id='word_1_748' title='bbox 1779 4391 1889 4444; x_wconf 90' lang='lat' dir='ltr'><strong>lum</strong></span> <span class='ocrx_word' id='word_1_749' title='bbox 1931 4388 2146 4449; x_wconf 80' lang='lat' dir='ltr'><strong>l‘erunt,</strong></span> <span class='ocrx_word' id='word_1_750' title='bbox 2195 4401 2319 4441; x_wconf 82' lang='lat' dir='ltr'><strong>non,</strong></span> <span class='ocrx_word' id='word_1_751' title='bbox 2351 4385 2450 4438; x_wconf 77' lang='lat' dir='ltr'><strong>viri</strong></span> <span class='ocrx_word' id='word_1_752' title='bbox 2511 4383 2752 4452; x_wconf 79' lang='lat' dir='ltr'><strong>perfecti.</strong></span> <span class='ocrx_word' id='word_1_753' title='bbox 2817 4380 2924 4436; x_wconf 88' lang='lat' dir='ltr'><strong>Nos</strong></span> <span class='ocrx_word' id='word_1_754' title='bbox 2980 4385 3141 4454; x_wconf 81' lang='lat' dir='ltr'><strong>igitur</strong></span> <span class='ocrx_word' id='word_1_755' title='bbox 3213 4389 3325 4441; x_wconf 87' lang='lat' dir='ltr'><strong>ideo</strong></span> 
     </span>
    </p>
   </div>
   <div class='ocr_carea' id='block_1_99' title="bbox 1777 4473 3325 4547">
    <p class='ocr_par' dir='ltr' id='par_1_99' title="bbox 1777 4473 3325 4547">
     <span class='ocr_line' id='line_1_99' title="bbox 1777 4473 3325 4547; baseline -0.004 -11"><span class='ocrx_word' id='word_1_756' title='bbox 1777 4480 2046 4536; x_wconf 91' lang='lat' dir='ltr'><strong>cucullum</strong></span> <span class='ocrx_word' id='word_1_757' title='bbox 2091 4477 2334 4538; x_wconf 78' lang='lat' dir='ltr'><strong>ferimus,</strong></span> <span class='ocrx_word' id='word_1_758' title='bbox 2373 4473 2656 4541; x_wconf 82' lang='lat' dir='ltr'><strong>utparruli</strong></span> <span class='ocrx_word' id='word_1_759' title='bbox 2685 4475 2854 4527; x_wconf 88' lang='lat' dir='ltr'><strong>simus</strong></span> <span class='ocrx_word' id='word_1_760' title='bbox 2881 4476 3106 4539; x_wconf 84' lang='lat' dir='ltr'><strong>malitia,</strong></span> <span class='ocrx_word' id='word_1_761' title='bbox 3142 4494 3325 4547; x_wconf 76' lang='lat' dir='ltr'><strong>qm’lll-</strong></span> 
     </span>
    </p>
   </div>
   <div class='ocr_carea' id='block_1_100' title="bbox 1776 4565 3326 4636">
    <p class='ocr_par' dir='ltr' id='par_1_100' title="bbox 1776 4565 3326 4636">
     <span class='ocr_line' id='line_1_100' title="bbox 1776 4565 3326 4636; baseline -0.003 -11"><span class='ocrx_word' id='word_1_762' title='bbox 1776 4571 2062 4625; x_wconf 88' lang='lat' dir='ltr'><strong>admodum</strong></span> <span class='ocrx_word' id='word_1_763' title='bbox 2113 4578 2296 4624; x_wconf 91' lang='lat' dir='ltr'><strong>monet</strong></span> <span class='ocrx_word' id='word_1_764' title='bbox 2331 4565 2616 4636; x_wconf 81' lang='lat' dir='ltr'><strong>Apostolus</strong></span> <span class='ocrx_word' id='word_1_765' title='bbox 2660 4583 2673 4617; x_wconf 91' lang='lat'><strong>:</strong></span> <span class='ocrx_word' id='word_1_766' title='bbox 2729 4565 2910 4621; x_wconf 77' lang='lat' dir='ltr'><strong>Nolite</strong></span> <span class='ocrx_word' id='word_1_767' title='bbox 2950 4572 3176 4622; x_wconf 77' lang='lat' dir='ltr'><strong>sensibus</strong></span> <span class='ocrx_word' id='word_1_768' title='bbox 3199 4586 3326 4635; x_wconf 79' lang='lat' dir='ltr'><strong>par-</strong></span> 
     </span>
    </p>
   </div>
   <div class='ocr_carea' id='block_1_101' title="bbox 1777 4656 3327 4726">
    <p class='ocr_par' dir='ltr' id='par_1_101' title="bbox 1777 4656 3327 4726">
     <span class='ocr_line' id='line_1_101' title="bbox 1777 4656 3327 4726; baseline -0.001 -11"><span class='ocrx_word' id='word_1_769' title='bbox 1777 4663 1886 4716; x_wconf 81' lang='lat' dir='ltr'><strong>vuli</strong></span> <span class='ocrx_word' id='word_1_770' title='bbox 1936 4678 2086 4726; x_wconf 71' lang='lat' dir='ltr'><strong>esse,</strong></span> <span class='ocrx_word' id='word_1_771' title='bbox 2138 4659 2347 4714; x_wconf 86' lang='lat' dir='ltr'><strong>malitia</strong></span> <span class='ocrx_word' id='word_1_772' title='bbox 2401 4656 2609 4721; x_wconf 71' lang='lat' dir='ltr'><strong>parvuli</strong></span> <span class='ocrx_word' id='word_1_773' title='bbox 2660 4668 2821 4712; x_wconf 78' lang='lat' dir='ltr'><strong>estote</strong></span> <span class='ocrx_word' id='word_1_774' title='bbox 2866 4669 2913 4713; x_wconf 77' lang='grc' dir='ltr'>ιι.</span> <span class='ocrx_word' id='word_1_775' title='bbox 2964 4659 3103 4725; x_wconf 86' lang='lat' dir='ltr'><strong>Quid</strong></span> <span class='ocrx_word' id='word_1_776' title='bbox 3147 4669 3327 4714; x_wconf 78' lang='lat' dir='ltr'><strong>autem</strong></span> 
     </span>
    </p>
   </div>
   <div class='ocr_carea' id='block_1_102' title="bbox 1778 4750 3326 4825">
    <p class='ocr_par' dir='ltr' id='par_1_102' title="bbox 1778 4750 3326 4825">
     <span class='ocr_line' id='line_1_102' title="bbox 1778 4750 3326 4825; baseline -0.001 -17"><span class='ocrx_word' id='word_1_777' title='bbox 1778 4754 2050 4825; x_wconf 83' lang='lat' dir='ltr'><strong>signillcat</strong></span> <span class='ocrx_word' id='word_1_778' title='bbox 2097 4753 2297 4808; x_wconf 84' lang='lat' dir='ltr'><strong>malitia</strong></span> <span class='ocrx_word' id='word_1_779' title='bbox 2358 4750 2638 4817; x_wconf 79' lang='lat' dir='ltr'><strong>parvulum</strong></span> <span class='ocrx_word' id='word_1_780' title='bbox 2701 4758 2864 4806; x_wconf 78' lang='lat' dir='ltr'><strong>esse?</strong></span> <span class='ocrx_word' id='word_1_781' title='bbox 2907 4751 3168 4805; x_wconf 75' lang='lat' dir='ltr'><strong>Parvulos</strong></span> <span class='ocrx_word' id='word_1_782' title='bbox 3209 4755 3326 4808; x_wconf 84' lang='lat' dir='ltr'><strong>sine</strong></span> 
     </span>
    </p>
   </div>
   <div class='ocr_carea' id='block_1_103' title="bbox 1777 4845 3323 4915">
    <p class='ocr_par' dir='ltr' id='par_1_103' title="bbox 1777 4845 3323 4915">
     <span class='ocr_line' id='line_1_103' title="bbox 1777 4845 3323 4915; baseline -0.005 -12"><span class='ocrx_word' id='word_1_783' title='bbox 1777 4849 2024 4913; x_wconf 87' lang='lat' dir='ltr'><strong>malitia,</strong></span> <span class='ocrx_word' id='word_1_784' title='bbox 2069 4863 2100 4901; x_wconf 90' lang='lat' dir='ltr'><strong>a</strong></span> <span class='ocrx_word' id='word_1_785' title='bbox 2143 4858 2465 4915; x_wconf 82' lang='lat' dir='ltr'><strong>quocunque</strong></span> <span class='ocrx_word' id='word_1_786' title='bbox 2521 4855 2845 4912; x_wconf 86' lang='lat' dir='ltr'><strong>spernatur,</strong></span> <span class='ocrx_word' id='word_1_787' title='bbox 2889 4861 2993 4897; x_wconf 92' lang='lat' dir='ltr'><strong>non</strong></span> <span class='ocrx_word' id='word_1_788' title='bbox 3038 4845 3323 4911; x_wconf 84' lang='lat' dir='ltr'><strong>irascitur;</strong></span> 
     </span>
    </p>
   </div>
   <div class='ocr_carea' id='block_1_104' title="bbox 1775 4934 3325 5004">
    <p class='ocr_par' dir='ltr' id='par_1_104' title="bbox 1775 4934 3325 5004">
     <span class='ocr_line' id='line_1_104' title="bbox 1775 4934 3325 5004; baseline -0.005 -8"><span class='ocrx_word' id='word_1_789' title='bbox 1775 4941 2106 5000; x_wconf 84' lang='lat' dir='ltr'><strong>honoratus,</strong></span> <span class='ocrx_word' id='word_1_790' title='bbox 2155 4951 2260 4988; x_wconf 87' lang='lat' dir='ltr'><strong>non</strong></span> <span class='ocrx_word' id='word_1_791' title='bbox 2302 4934 2522 4988; x_wconf 83' lang='lat' dir='ltr'><strong>eﬂ&#39;ertur</strong></span> <span class='ocrx_word' id='word_1_792' title='bbox 2568 4937 2619 4988; x_wconf 92' lang='lat' dir='ltr'><strong>in</strong></span> <span class='ocrx_word' id='word_1_793' title='bbox 2676 4936 2896 5004; x_wconf 83' lang='lat' dir='ltr'><strong>gloriam</strong></span> <span class='ocrx_word' id='word_1_794' title='bbox 2941 4951 3171 5000; x_wconf 68' lang='lat' dir='ltr'><strong>ranam;</strong></span> <span class='ocrx_word' id='word_1_795' title='bbox 3218 4938 3325 5004; x_wconf 83' lang='lat' dir='ltr'><strong>pri-</strong></span> 
     </span>
    </p>
   </div>
   <div class='ocr_carea' id='block_1_105' title="bbox 1776 5013 3320 5100">
    <p class='ocr_par' dir='ltr' id='par_1_105' title="bbox 1776 5013 3320 5100">
     <span class='ocr_line' id='line_1_105' title="bbox 1776 5013 3320 5100; baseline -0.005 -14"><span class='ocrx_word' id='word_1_796' title='bbox 1776 5045 1930 5088; x_wconf 82' lang='lat' dir='ltr'><strong>vatus</strong></span> <span class='ocrx_word' id='word_1_797' title='bbox 1978 5038 2070 5084; x_wconf 89' lang='lat' dir='ltr'><strong>aut</strong></span> <span class='ocrx_word' id='word_1_798' title='bbox 2116 5027 2378 5096; x_wconf 88' lang='lat' dir='ltr'><strong>spoliatus</strong></span> <span class='ocrx_word' id='word_1_799' title='bbox 2418 5013 2653 5100; x_wconf 79' lang='lat' dir='ltr'><strong>propriis</strong></span> <span class='ocrx_word' id='word_1_800' title='bbox 2679 5066 2694 5089; x_wconf 91' lang='lat'><strong>,</strong></span> <span class='ocrx_word' id='word_1_801' title='bbox 2755 5043 2856 5079; x_wconf 91' lang='lat' dir='ltr'><strong>non</strong></span> <span class='ocrx_word' id='word_1_802' title='bbox 2895 5025 3161 5093; x_wconf 78' lang='lat' dir='ltr'><strong>alnigitur.</strong></span> <span class='ocrx_word' id='word_1_803' title='bbox 3193 5026 3320 5079; x_wconf 80' lang='lat' dir='ltr'><strong>Par-</strong></span> 
     </span>
    </p>
   </div>
   <div class='ocr_carea' id='block_1_106' title="bbox 1777 5116 3317 5183">
    <p class='ocr_par' dir='ltr' id='par_1_106' title="bbox 1777 5116 3317 5183">
     <span class='ocr_line' id='line_1_106' title="bbox 1777 5116 3317 5183; baseline -0.003 -7"><span class='ocrx_word' id='word_1_804' title='bbox 1777 5124 1935 5176; x_wconf 85' lang='lat' dir='ltr'><strong>vulus</strong></span> <span class='ocrx_word' id='word_1_805' title='bbox 1983 5121 2124 5173; x_wconf 88' lang='lat' dir='ltr'><strong>enim</strong></span> <span class='ocrx_word' id='word_1_806' title='bbox 2167 5117 2401 5180; x_wconf 90' lang='lat' dir='ltr'><strong>malitia,</strong></span> <span class='ocrx_word' id='word_1_807' title='bbox 2445 5133 2551 5171; x_wconf 92' lang='lat' dir='ltr'><strong>non</strong></span> <span class='ocrx_word' id='word_1_808' title='bbox 2590 5118 2750 5171; x_wconf 86' lang='lat' dir='ltr'><strong>etiam</strong></span> <span class='ocrx_word' id='word_1_809' title='bbox 2806 5116 3055 5183; x_wconf 84' lang='lat' dir='ltr'><strong>injuriam</strong></span> <span class='ocrx_word' id='word_1_810' title='bbox 3110 5117 3317 5171; x_wconf 57' lang='lat' dir='ltr'><strong>ulcisci.</strong></span> 
     </span>
    </p>
   </div>
   <div class='ocr_carea' id='block_1_107' title="bbox 1780 5207 3317 5279">
    <p class='ocr_par' dir='ltr' id='par_1_107' title="bbox 1780 5207 3317 5279">
     <span class='ocr_line' id='line_1_107' title="bbox 1780 5207 3317 5279; baseline -0.002 -12"><span class='ocrx_word' id='word_1_811' title='bbox 1780 5226 1900 5276; x_wconf 92' lang='lat' dir='ltr'><strong>tur,</strong></span> <span class='ocrx_word' id='word_1_812' title='bbox 1969 5226 2073 5263; x_wconf 84' lang='lat' dir='ltr'><strong>non</strong></span> <span class='ocrx_word' id='word_1_813' title='bbox 2127 5209 2343 5263; x_wconf 72' lang='lat' dir='ltr'><strong>allectat</strong></span> <span class='ocrx_word' id='word_1_814' title='bbox 2395 5207 2652 5279; x_wconf 83' lang='lat' dir='ltr'><strong>gloriam.</strong></span> <span class='ocrx_word' id='word_1_815' title='bbox 2714 5209 2806 5263; x_wconf 87' lang='lat' dir='ltr'><strong>Est</strong></span> <span class='ocrx_word' id='word_1_816' title='bbox 2848 5218 2901 5260; x_wconf 89' lang='lat' dir='ltr'><strong>et</strong></span> <span class='ocrx_word' id='word_1_817' title='bbox 2939 5209 3183 5265; x_wconf 83' lang='lat' dir='ltr'><strong>cucullus</strong></span> <span class='ocrx_word' id='word_1_818' title='bbox 3251 5213 3317 5264; x_wconf 58' lang='lat' dir='ltr'><strong>sic</strong></span> 
     </span>
    </p>
   </div>
   <div class='ocr_carea' id='block_1_108' title="bbox 1780 5299 3315 5378">
    <p class='ocr_par' dir='ltr' id='par_1_108' title="bbox 1780 5299 3315 5378">
     <span class='ocr_line' id='line_1_108' title="bbox 1780 5299 3315 5378; baseline -0.002 -20"><span class='ocrx_word' id='word_1_819' title='bbox 1780 5319 1941 5378; x_wconf 78' lang='lat' dir='ltr'><strong>gnum</strong></span> <span class='ocrx_word' id='word_1_820' title='bbox 1999 5303 2182 5371; x_wconf 69' lang='lat' dir='ltr'><strong>gratim</strong></span> <span class='ocrx_word' id='word_1_821' title='bbox 2238 5301 2354 5357; x_wconf 90' lang='lat' dir='ltr'><strong>Dei.</strong></span> <span class='ocrx_word' id='word_1_822' title='bbox 2431 5300 2696 5366; x_wconf 82' lang='lat' dir='ltr'><strong>Quoniam</strong></span> <span class='ocrx_word' id='word_1_823' title='bbox 2750 5299 3204 5367; x_wconf 87' lang='lat' dir='ltr'><strong>quemadmodum</strong></span> <span class='ocrx_word' id='word_1_824' title='bbox 3232 5317 3315 5355; x_wconf 55' lang='lat' dir='ltr'><strong>cu.</strong></span> 
     </span>
    </p>
   </div>
   <div class='ocr_carea' id='block_1_109' title="bbox 1771 5393 3313 5466">
    <p class='ocr_par' dir='ltr' id='par_1_109' title="bbox 1771 5393 3313 5466">
     <span class='ocr_line' id='line_1_109' title="bbox 1771 5393 3313 5466; baseline -0.005 -12"><span class='ocrx_word' id='word_1_825' title='bbox 1771 5400 1944 5454; x_wconf 90' lang='lat' dir='ltr'><strong>cullus</strong></span> <span class='ocrx_word' id='word_1_826' title='bbox 1992 5408 2169 5450; x_wconf 90' lang='lat' dir='ltr'><strong>tuetur</strong></span> <span class='ocrx_word' id='word_1_827' title='bbox 2213 5404 2267 5448; x_wconf 82' lang='lat' dir='ltr'><strong>ct</strong></span> <span class='ocrx_word' id='word_1_828' title='bbox 2319 5396 2460 5448; x_wconf 81' lang='lat' dir='ltr'><strong>fovet</strong></span> <span class='ocrx_word' id='word_1_829' title='bbox 2503 5395 2652 5464; x_wconf 77' lang='lat' dir='ltr'><strong>pueri</strong></span> <span class='ocrx_word' id='word_1_830' title='bbox 2691 5400 2869 5460; x_wconf 87' lang='lat' dir='ltr'><strong>caput,</strong></span> <span class='ocrx_word' id='word_1_831' title='bbox 2926 5393 3007 5466; x_wconf 82' lang='lat' dir='ltr'><strong>sic</strong></span> <span class='ocrx_word' id='word_1_832' title='bbox 3055 5405 3110 5447; x_wconf 89' lang='lat' dir='ltr'><strong>et</strong></span> <span class='ocrx_word' id='word_1_833' title='bbox 3153 5395 3313 5464; x_wconf 77' lang='lat' dir='ltr'><strong>grati:</strong></span> 
     </span>
    </p>
   </div>
   <div class='ocr_carea' id='block_1_110' title="bbox 1775 5475 3311 5546">
    <p class='ocr_par' dir='ltr' id='par_1_110' title="bbox 1775 5475 3311 5546">
     <span class='ocr_line' id='line_1_110' title="bbox 1775 5475 3311 5546; baseline -0.005 -10"><span class='ocrx_word' id='word_1_834' title='bbox 1775 5483 1867 5536; x_wconf 89' lang='lat' dir='ltr'><strong>Dei</strong></span> <span class='ocrx_word' id='word_1_835' title='bbox 1898 5492 2102 5534; x_wconf 88' lang='lat' dir='ltr'><strong>mentes</strong></span> <span class='ocrx_word' id='word_1_836' title='bbox 2138 5491 2350 5533; x_wconf 89' lang='lat' dir='ltr'><strong>nostras</strong></span> <span class='ocrx_word' id='word_1_837' title='bbox 2378 5477 2628 5532; x_wconf 78' lang='lat' dir='ltr'><strong>defendit.</strong></span> <span class='ocrx_word' id='word_1_838' title='bbox 2665 5475 2757 5528; x_wconf 88' lang='lat' dir='ltr'><strong>Est</strong></span> <span class='ocrx_word' id='word_1_839' title='bbox 2788 5476 2951 5546; x_wconf 85' lang='lat' dir='ltr'><strong>igitur</strong></span> <span class='ocrx_word' id='word_1_840' title='bbox 2979 5477 3220 5531; x_wconf 90' lang='lat' dir='ltr'><strong>cucullus</strong></span> <span class='ocrx_word' id='word_1_841' title='bbox 3250 5477 3311 5529; x_wconf 89' lang='lat' dir='ltr'><strong>si-</strong></span> 
     </span>
    </p>
   </div>
   <div class='ocr_carea' id='block_1_111' title="bbox 108 5564 1680 5654">
    <p class='ocr_par' dir='ltr' id='par_1_111' title="bbox 108 5576 1673 5654">
     <span class='ocr_line' id='line_1_111' title="bbox 108 5576 1673 5654; baseline -0.001 -23"><span class='ocrx_word' id='word_1_842' title='bbox 108 5585 317 5643; x_wconf 72' lang='grc' dir='ltr'>θάλπει</span> <span class='ocrx_word' id='word_1_843' title='bbox 345 5582 442 5654; x_wconf 77' lang='grc' dir='ltr'>τὴν</span> <span class='ocrx_word' id='word_1_844' title='bbox 477 5581 718 5652; x_wconf 68' lang='grc' dir='ltr'>κεφαλὴν</span> <span class='ocrx_word' id='word_1_845' title='bbox 765 5579 859 5632; x_wconf 79' lang='grc' dir='ltr'><strong>τοῦ</strong></span> <span class='ocrx_word' id='word_1_846' title='bbox 907 5579 1143 5643; x_wconf 84' lang='grc' dir='ltr'>παιδίου,</span> <span class='ocrx_word' id='word_1_847' title='bbox 1188 5576 1359 5639; x_wconf 75' lang='grc' dir='ltr'>οὕτως</span> <span class='ocrx_word' id='word_1_848' title='bbox 1395 5577 1489 5629; x_wconf 75' lang='grc' dir='ltr'>καὶ</span> <span class='ocrx_word' id='word_1_849' title='bbox 1514 5579 1547 5648; x_wconf 80' lang='grc' dir='ltr'>ἡ</span> <span class='ocrx_word' id='word_1_850' title='bbox 1574 5578 1673 5647; x_wconf 79' lang='grc' dir='ltr'>χά-</span> 
     </span>
    </p>
   </div>
   <div class='ocr_carea' id='block_1_112' title="bbox 1777 5564 3311 5654">
    <p class='ocr_par' dir='ltr' id='par_1_112' title="bbox 1777 5564 3311 5643">
     <span class='ocr_line' id='line_1_112' title="bbox 1777 5564 3311 5643; baseline -0.007 -17"><span class='ocrx_word' id='word_1_851' title='bbox 1777 5588 1932 5643; x_wconf 79' lang='lat' dir='ltr'><strong>gnum</strong></span> <span class='ocrx_word' id='word_1_852' title='bbox 1974 5571 2158 5640; x_wconf 78' lang='lat' dir='ltr'><strong>gratia:</strong></span> <span class='ocrx_word' id='word_1_853' title='bbox 2191 5569 2483 5624; x_wconf 81' lang='lat' dir='ltr'><strong>Salvatoris</strong></span> <span class='ocrx_word' id='word_1_854' title='bbox 2507 5566 2676 5621; x_wconf 90' lang='lat' dir='ltr'><strong>nostri</strong></span> <span class='ocrx_word' id='word_1_855' title='bbox 2699 5564 2793 5621; x_wconf 88' lang='lat' dir='ltr'><strong>Dei</strong></span> <span class='ocrx_word' id='word_1_856' title='bbox 2823 5569 3026 5624; x_wconf 88' lang='lat' dir='ltr'><strong>tuentis</strong></span> <span class='ocrx_word' id='word_1_857' title='bbox 3045 5574 3204 5633; x_wconf 87' lang='lat' dir='ltr'><strong>caput</strong></span> <span class='ocrx_word' id='word_1_858' title='bbox 3228 5579 3311 5618; x_wconf 84' lang='lat' dir='ltr'><strong>no-</strong></span> 
     </span>
    </p>
   </div>
   <div class='ocr_carea' id='block_1_113' title="bbox 187 5759 641 5820">
    <p class='ocr_par' dir='ltr' id='par_1_113' title="bbox 187 5759 641 5820">
     <span class='ocr_line' id='line_1_113' title="bbox 187 5759 641 5820; baseline -0.009 -2"><span class='ocrx_word' id='word_1_859' title='bbox 187 5767 207 5808; x_wconf 76' lang='grc' dir='ltr'><strong>ί</strong></span> <span class='ocrx_word' id='word_1_860' title='bbox 242 5762 289 5818; x_wconf 90' lang='grc'><strong>11</strong></span> <span class='ocrx_word' id='word_1_861' title='bbox 325 5759 468 5816; x_wconf 86' lang='lat' dir='ltr'><strong>Tim.</strong></span> <span class='ocrx_word' id='word_1_862' title='bbox 496 5776 555 5820; x_wconf 86' lang='lat' dir='ltr'><strong>ll,</strong></span> <span class='ocrx_word' id='word_1_863' title='bbox 590 5759 641 5814; x_wconf 77' lang='grc'><strong>4.</strong></span> 
     </span>
    </p>
   </div>
   <div class='ocr_carea' id='block_1_114' title="bbox 111 5825 1192 5904">
    <p class='ocr_par' dir='ltr' id='par_1_114' title="bbox 111 5825 1192 5904">
     <span class='ocr_line' id='line_1_114' title="bbox 111 5825 1192 5904; baseline -0.014 -10"><span class='ocrx_word' id='word_1_864' title='bbox 111 5837 204 5904; x_wconf 56' lang='grc'><strong>⁸58,</strong></span> <span class='ocrx_word' id='word_1_865' title='bbox 245 5836 380 5890; x_wconf 85' lang='lat' dir='ltr'><strong>Luc.</strong></span> <span class='ocrx_word' id='word_1_866' title='bbox 416 5847 470 5884; x_wconf 73' lang='lat' dir='ltr'><strong>Ix</strong></span> <span class='ocrx_word' id='word_1_867' title='bbox 523 5831 610 5883; x_wconf 69' lang='lat'><strong>9.5.</strong></span> <span class='ocrx_word' id='word_1_868' title='bbox 684 5828 773 5893; x_wconf 79' lang='grc'><strong>1³1,</strong></span> <span class='ocrx_word' id='word_1_869' title='bbox 810 5825 934 5879; x_wconf 81' lang='lat' dir='ltr'><strong>Cor.</strong></span> <span class='ocrx_word' id='word_1_870' title='bbox 969 5837 1078 5886; x_wconf 75' lang='lat' dir='ltr'><strong>xw,</strong></span> <span class='ocrx_word' id='word_1_871' title='bbox 1103 5825 1192 5879; x_wconf 72' lang='lat'><strong>20.</strong></span> 
     </span>
    </p>
   </div>
   <div class='ocr_carea' id='block_1_115' title="bbox 719 5741 1680 5816">
    <p class='ocr_par' dir='ltr' id='par_1_115' title="bbox 719 5751 1673 5816">
     <span class='ocr_line' id='line_1_115' title="bbox 719 5751 1673 5816; baseline 0 -10"><span class='ocrx_word' id='word_1_872' title='bbox 719 5753 734 5806; x_wconf 70' lang='grc' dir='ltr'><strong>ἑ</strong></span> <span class='ocrx_word' id='word_1_873' title='bbox 771 5754 808 5810; x_wconf 93' lang='grc'><strong>1.</strong></span> <span class='ocrx_word' id='word_1_874' title='bbox 839 5752 965 5807; x_wconf 87' lang='lat' dir='ltr'><strong>Cor.</strong></span> <span class='ocrx_word' id='word_1_875' title='bbox 1002 5770 1100 5813; x_wconf 80' lang='lat' dir='ltr'><strong>vn.</strong></span> <span class='ocrx_word' id='word_1_876' title='bbox 1135 5754 1223 5808; x_wconf 62' lang='lat'><strong>34.</strong></span> <span class='ocrx_word' id='word_1_877' title='bbox 1299 5753 1323 5791; x_wconf 75' lang='grc' dir='ltr'>ιι</span> <span class='ocrx_word' id='word_1_878' title='bbox 1352 5751 1520 5807; x_wconf 83' lang='lat' dir='ltr'><strong>Exod.</strong></span> <span class='ocrx_word' id='word_1_879' title='bbox 1575 5769 1673 5816; x_wconf 79' lang='lat' dir='ltr'><strong>xu,</strong></span> 
     </span>
    </p>
   </div>
   <div class='ocr_carea' id='block_1_116' title="bbox 1777 5741 3305 5816">
    <p class='ocr_par' dir='ltr' id='par_1_116' title="bbox 1777 5741 3305 5813">
     <span class='ocr_line' id='line_1_116' title="bbox 1777 5741 3305 5813; baseline -0.001 -11"><span class='ocrx_word' id='word_1_880' title='bbox 1777 5788 1782 5802; x_wconf 84' lang='lat'>.</span> <span class='ocrx_word' id='word_1_881' title='bbox 1860 5748 1878 5785; x_wconf 75' lang='grc'><strong>1</strong></span> <span class='ocrx_word' id='word_1_882' title='bbox 1917 5747 2122 5802; x_wconf 77' lang='lat' dir='ltr'><strong>Coloss.</strong></span> <span class='ocrx_word' id='word_1_883' title='bbox 2163 5763 2242 5813; x_wconf 87' lang='grc' dir='ltr'>ιιι,</span> <span class='ocrx_word' id='word_1_884' title='bbox 2273 5748 2323 5802; x_wconf 81' lang='lat'><strong>5.</strong></span> <span class='ocrx_word' id='word_1_885' title='bbox 2475 5743 2661 5799; x_wconf 75' lang='lat' dir='ltr'><strong>Matth.</strong></span> <span class='ocrx_word' id='word_1_886' title='bbox 2710 5761 2819 5812; x_wconf 73' lang='lat' dir='ltr'><strong>xw,</strong></span> <span class='ocrx_word' id='word_1_887' title='bbox 2858 5745 2950 5810; x_wconf 61' lang='grc'><strong>21,</strong></span> <span class='ocrx_word' id='word_1_888' title='bbox 2995 5741 3160 5798; x_wconf 80' lang='lat' dir='ltr'><strong>Marc.</strong></span> <span class='ocrx_word' id='word_1_889' title='bbox 3201 5758 3305 5800; x_wconf 69' lang='lat' dir='ltr'><strong>rm</strong></span> 
     </span>
    </p>
   </div>
  </div>
