4042 6334
174 369 310 436 1637

1510 373 1887 432 ΒΟΩΤΠΙΝᾹ
1945 375 1990 432 ῐ.

3261 380 3278 442 1
3293 379 3396 442 i333

171 483 255 544 εἰς
295 479 468 552 λήθην
491 481 664 534 ἐλθεῖν
691 479 789 550 τὴν
827 479 1079 549 τοιαύτην
1123 479 1285 533 αύτοῦ
1315 483 1549 552 ἀρετήντ
1598 483 1732 535 ἀλλᾶ

1842 485 2006 550 Quem
2041 486 2254 541 tandem
2311 487 2941 559 Densgloriosissimum
2994 493 3248 557 ostendit,
3302 511 3400 551 nec

169 574 489 642 ἀπεκάλυψε
515 575 592 644 τῷ
621 572 760 641 ἁγιῳ
786 571 1020 642 γέροντι,
1059 572 1152 624 καὶ
1183 567 1318 624 εἶδεν
1342 575 1505 626 αὑτὸν
1532 573 1734 642 μεταξὺ

167 665 310 717 ὅλων
337 664 574 730 ⁸ἐκείνων
607 662 714 715 τῶν
743 662 914 730 ἁγίων
946 661 1287 716 ἀπολαύοντα
1332 665 1429 734 τῆς
1475 665 1738 734 μακαριό-

168 773 335 827 τητος
369 754 565 809 αὐτῶν.
599 755 757 822 Λέγω
781 754 911 823 ὑμῖν
957 755 1049 807 καὶ
1093 753 1220 806 ἄλλο
1266 756 1498 826 πρᾶγμα
1539 755 1741 824 ὁμοίως

169 848 270 899 καὶ
315 845 408 898 ἐπὶ
439 845 571 916 ἐμοῦ
621 846 932 915 γινόμενον·
983 845 1068 897 ἵνα
1117 844 1319 914 μάθητε
1364 845 1447 897 ὃτι
1491 848 1585 898 καὶ
1631 845 1740 898 ἀπὸ

170 937 403 990 θανάτου
461 937 646 1008 ῥύεται
694 937 976 1008 ἄνθρωπον
1019 939 1052 1005 ἠ
1102 936 1349 1004 ὑπακοὴ,
1410 936 1505 991 καὶ
1552 936 1613 988 τὸ
1667 921 1742 1006 μῆ

169 1027 321 1097 ἔχειν
348 1028 410 1081 τὸ
451 1029 579 1080 ἴδιον
606 1027 834 1097 θέλημα.
884 1027 1020 1080 Ποτὲ
1049 1027 1199 1090 ὄντος
1249 1044 1348 1096 μου
1389 1029 1448 1080 ἐν
1495 1030 1607 1090 τοῖς
1647 1027 1739 1080 τοῦ

168 1117 322 1170 ἀϐϐἆ
349 1118 587 1188 Σερεδου,
619 1114 782 1186 ἦλθεν
807 1118 924 1168 ἐκεῖ
950 1115 1210 1186 μαθητὴς·
1227 1116 1458 1185 μεγάλου
1492 1116 1741 1187 γέροντος

171 1211 241 1261 ἐκ
287 1209 393 1262 τῶν
445 1209 624 1281 μερῶν
674 1208 1007 1270 ’Ἀσκάλωνος
1047 1207 1126 1269 εἷς
1152 1224 1275 1261 τινα
1309 1208 1415 1264 ἀπὸ
1455 1205 1550 1258 τοῦ
1597 1205 1742 1260 ἀϐϐἅ

176 1300 368 1354 αὑτοῦ.
402 1297 528 1370 Εἶχε
571 1299 627 1352 δὲ
657 1299 870 1369 ἐντολὴν
901 1298 1048 1368 παρὰ
1076 1296 1168 1349 τοῦ
1201 1296 1450 1367 γέροντος
1478 1297 1742 1366 ὑποστρέο

182 1389 288 1457 ψαι
312 1391 420 1443 ἀπὸ
445 1390 684 1459 ἑσπέρας
713 1391 791 1452 εἰς
819 1389 880 1442 τὸ
922 1388 1052 1441 ἴδιον
1073 1388 1298 1440 κελλεον.
1339 1387 1426 1438 Ἐν
1456 1385 1534 1456 τῷ
1569 1387 1742 1455 τούτῳ

171 1481 233 1534 δὲ
265 1482 470 1550 γίνεται
496 1480 703 1551 χειμὼν
729 1479 1085 1550 σφοδρότατος
1112 1478 1206 1532 καὶ
1242 1476 1459 1548 ὄμϐροι,
1488 1476 1582 1528 καὶ
1608 1471 1675 1546 ἦν
1713 1475 1742 1527 ό

170 1573 558 1644 παραπλήσιος
608 1572 906 1642 χείμαρρος
953 1573 1033 1634 εἰς
1087 1569 1215 1640 ὅλην
1260 1569 1357 1640 τὴν
1407 1567 1744 1639 πλημμύραν

171 1665 377 1718 αὑτοῦ·
429 1661 545 1716 εἷτα
590 1665 792 1725 ἐκεῖνος
843 1662 1032 1732 ἧθελεν
1073 1659 1327 1715 ἀπελθεῖν
1368 1658 1454 1712 διὰ
1491 1659 1552 1712 τὸ
1593 1659 1746 1729 ῥῆμα

169 1755 272 1810 τοῦ
299 1756 570 1826 γέροντος.
613 1755 802 1823 Ἡμεῖς
847 1753 903 1805 δὲ
951 1751 1366 1822 παρεκαλοῦμεν
1417 1750 1579 1803 αὑτὸν
1627 1753 1745 1819 μεῖ-

1837 593 2030 645 passus
2068 588 2150 632 est
2198 578 2369 647 ipsius
2416 580 2666 634 virtutem
2717 581 2768 634 in
2819 580 3050 636 obscuro
3105 599 3244 640 esse.
3298 584 3399 641 Uni

1835 670 1979 722 enim
2007 687 2071 725 ex
2101 671 2460 726 sanctissimis
2500 672 2604 726 illis
2645 674 2953 728 senioribus
2984 675 3255 731 revelatus
3299 688 3401 738 est.

1837 769 1889 812 et
1921 761 2069 817 visus
2103 763 2242 816 inter
2272 763 2518 816 divorum
2562 765 2791 818 aliorum
2842 776 3080 828 caterva,
3130 783 3236 821 una
3280 783 3402 822 cum

1839 853 1945 908 illis
1975 851 2258 922 perfruens
2305 853 2653 908 beatitudine.
2700 851 2933 908 Narrare
2978 855 3102 909 licet
3147 835 3202 910 et
3253 858 3408 909 vobis

1841 945 2162 998 miraculum
2209 943 2457 1008 alterum,
2497 944 2639 1012 quod
2687 951 2843 998 aetate
2891 960 3009 997 mea
3055 945 3252 999 factum
3302 959 3405 1011 eSI,

1843 1044 1900 1088 ut
1933 1035 2242 1104 intelligatis
2273 1045 2473 1088 tantam
2514 1049 2636 1089 esse
2677 1036 2997 1090 obedientia:
3043 1047 3096 1090 ct
3135 1036 3409 1107 abnegata:

1841 1124 2132 1177 voluntatis
2183 1124 2310 1187 vim,
2355 1139 2476 1194 qure
2525 1140 2553 1177 a
2603 1137 2772 1178 morte
2827 1141 3045 1194 quoque
3099 1129 3305 1196 eripere
3356 1137 3411 1181 et

1843 1216 2072 1269 liberare
2137 1215 2408 1269 ltomlnem
2461 1218 2653 1284 possit.
2709 1216 2845 1270 Cum
2913 1233 3089 1271 essem
3161 1219 3409 1288 quando-

1842 1322 1946 1375 que
1994 1306 2133 1374 apud
2181 1307 2422 1360 abbatem
2476 1305 2766 1370 Set-idum,
2825 1325 2890 1362 an
2945 1325 3070 1363 eum
3136 1313 3409 1380 profectus

1841 1407 1925 1452 est
1968 1397 2036 1450 ab
2078 1396 2189 1450 oris
2227 1397 2558 1451 Ascalonieis
2610 1399 2908 1453 monachus
2955 1403 3020 1452 ab
3070 1401 3264 1456 abbate
3313 1417 3414 1457 suo

1843 1503 1966 1542 cum
1999 1489 2266 1542 mandatis
2297 1490 2517 1542 missus.
2558 1487 2882 1556 Imperatum
2921 1502 3100 1546 autem
3147 1494 3196 1546 ei
3247 1509 3276 1545 a
3325 1509 3437 1552 se-.

1843 1581 1991 1634 niore
2014 1578 2207 1644 fuerat,
2229 1579 2390 1650 382
2421 1589 2478 1633 ut
2511 1580 2576 1632 ad
2609 1594 2888 1648 vesperam
2920 1584 3143 1636 omnino
3187 1584 3405 1637 rediret.

1845 1669 2062 1723 Interim
2087 1669 2277 1723 oborta
2306 1680 2388 1722 est
2420 1668 2680 1722 immensa
2706 1677 3017 1736 tempestas,
3050 1670 3224 1724 imber
3250 1671 3413 1724 maxi-

1845 1778 1989 1826 mus,
2019 1761 2251 1815 tonitrua
2286 1761 2572 1825 horrenda,
2615 1759 3008 1828 videbaturque
3059 1763 3283 1816 torrenti
3336 1763 3412 1815 si-

173 1863 288 1911 ναι,
341 1846 552 1915 ἔχοντες
604 1847 686 1898 ὅτι
734 1843 991 1897 ἀδύνατόν
1041 1846 1156 1896 ἐστι
1201 1843 1441 1913 σωθῆναι
1475 1842 1634 1895 αὐτὸν
1681 1843 1743 1894 ἐκ

1847 1852 1988 1906 milis
2021 1866 2082 1905 ea
2115 1850 2415 1904 inundatio.
2451 1850 2674 1905 Volebat
2709 1851 2796 1904 ille
2825 1852 3019 1905 reverti
3065 1860 3286 1921 urgente
3323 1868 3411 1905 se-

171 1935 276 1989 τοῦ
312 1933 578 2004 ποταμοῦ.
620 1934 855 1996 Ἐκεῖνος
886 1934 942 1986 δὲ
971 1933 1070 1986 οὐκ
1103 1933 1348 1988 ἐπείθετο
1379 1935 1512 2003 ἡμῖν
1542 1934 1742 2002 μεῖναι.

175 2025 427 2095 Λέγομεν
472 2025 717 2096 ὕστερον,
781 2023 1126 2095 Ἀπέλοωμεν
1147 2025 1273 2094 μετ’
1306 2023 1469 2077 αὐτοῦ
1496 2024 1600 2086 ἕως
1652 2023 1745 2077 τοῦ

174 2114 460 2184 ποταμοῦ·
497 2115 588 2168 ἐὰν
620 2115 728 2184 γὰρ
762 2114 843 2184 ἴδῃ
886 2113 1066 2174 αὑτὸν,
1115 2113 1208 2182 ἀφ’
1236 2111 1429 2166 ἑαυτοῦ
1466 2112 1577 2183 ἔχει
1618 2114 1747 2168 ἀνα-

171 2206 415 2276 κάμψαι.
466 2206 804 2275 Ἀπήλοομεν
836 2202 930 2258 οὖν
963 2206 1079 2274 μετ’
1113 2203 1300 2264 αὑτοῦ,
1334 2203 1427 2257 καὶ
1452 2206 1540 2257 ὅτε
1577 2205 1748 2273 ἐφθά-

175 2313 357 2366 σαμεν
404 2297 495 2349 τὸν
553 2297 813 2365 ποταμὸν,
861 2295 1150 2349 ἀποδύεται
1205 2296 1412 2356 ἐκεῖνος
1451 2295 1519 2348 τὰ
1562 2297 1749 2365 ἱμάτια.

172 2388 371 2452 αὐτοῦ,
406 2388 499 2442 καὶ
527 2389 716 2458 δεσμεῖ
746 2385 882 2440 αὐτὰ
918 2388 994 2449 εἰς
1021 2388 1116 2457 τὴν
1149 2386 1392 2456 κεφαλὴν
1424 2385 1610 2446 αὐτοῦ,
1653 2387 1748 2438 καὶ

172 2480 448 2545 ζώννυται
480 2480 540 2533 τὸ
576 2480 840 2551 μαφόριον
870 2478 1053 2539 αὑτοῦ,
1084 2479 1178 2530 καὶ
1225 2477 1404 2546 βάλλει
1443 2477 1632 2530 ἐαυτὸν
1667 2478 1747 2540 εἰς

170 2571 273 2625 τὸν
321 2571 563 2641 ποταμὸν
624 2572 704 2633 εἰς
752 2568 872 2622 ὅλον
923 2569 984 2620 τὸ
1037 2568 1264 2638 φοϐερὸν
1319 2566 1496 2638 ῥεῦμα
1546 2569 1740 2622 ἐκεῖνο.

183 2664 384 2732 Ἡμεῖς
433 2661 490 2714 δὲ
531 2660 793 2731 ἱστάμεθα
841 2659 1271 2732 ἐκπληττόμενοι
1289 2658 1411 2750 ’καὶ
1454 2659 1747 2730 τρέμοντες

176 2757 384 2826 μήπως
425 2753 702 2826 ἀποθάνῃ·
743 2755 947 2815 ἐκεῖνος
990 2751 1046 2803 δὲ
1090 2749 1249 2820 ἔμενε
1293 2749 1598 2819 κολυμϐῶν,
1650 2751 1747 2803 καὶ

175 2844 496 2916 εὑρίσκεται
544 2842 882 2916 παραχρῆμα
922 2845 1000 2906 εἰς
1039 2842 1103 2895 τὸ
1134 2842 1262 2896 ἄλλο
1295 2843 1487 2912 πέραν,
1525 2842 1620 2894 καὶ
1661 2843 1746 2894 ὲν-

173 2935 367 2990 δύεται
411 2935 482 2988 τὰ
535 2935 724 3005 ἱμάτια
773 2933 959 2997 αὑτοῦ,
990 2934 1083 2986 καὶ
1127 2931 1307 3003 βάλλει
1360 2933 1492 3002 ἡμῖν
1536 2931 1768 2991 ἐκεῖθεν

180 3026 500 3096 μετάνοιαν,
534 3009 629 3080 καὶ
665 3025 930 3094 λαμϐάνει
969 3024 1290 3096 παράθεσιν,
1326 3023 1420 3077 καὶ
1450 3024 1746 3094 ἀπέρχεται

177 3116 429 3189 τρέχων·
463 3119 624 3187 ἡμεῖς
661 3115 719 3169 δὲ
751 3115 1041 3184 ἐμείναμεν
1090 3114 1481 3184 Θαυμάζοντες,
1521 3117 1615 3167 καὶ
1655 3117 1744 3189 ὲκ-

1848 1940 2019 1994 nioris
2071 1947 2334 2006 praecepto
2377 1955 2390 1990 :
2432 1951 2534 1991 nos
2582 1953 2712 1992 vero
2760 1948 2951 1991 contra
2998 1939 3415 1992 cohortabantur

1847 2036 2158 2096 exSpectare
2187 2025 2563 2088 serenitatem,
2599 2034 2907 2080 asserentes
2936 2025 3224 2094 periclitari
3266 2025 3414 2078 illum

1848 2118 2081 2172 maxime
2113 2118 2165 2170 in
2195 2117 2359 2169 tantis
2402 2131 2663 2184 aquarum
2709 2115 3107 2183 eruptionibus.
3160 2114 3276 2168 Non
3325 2132 3412 2170 ac-

1848 2211 2052 2279 quievit
2097 2210 2257 2278 igitur
2307 2209 2396 2262 ille
2443 2207 2597 2260 nobis
2646 2207 2756 2260 ullo
2792 2217 2984 2276 pacto,
3042 2217 3101 2260 ut
3155 2221 3415 2278 maneret.
3515 2215 3519 2218 ’

1849 2302 2195 2356 Decrevimus
2221 2315 2342 2371 eum
2366 2300 2432 2353 ad
2459 2314 2630 2368 usque
2647 2298 2846 2354 flumen
2881 2300 3161 2368 subsequi,
3189 2315 3416 2369 speran-

1847 2404 1928 2450 tes
1978 2396 2176 2464 ipsum,
2211 2409 2334 2447 eum
2368 2393 2495 2446 illud
2529 2393 2772 2453 vidisset,
2821 2395 3233 2446 ernendaturnm
3282 2408 3417 2446 cou-

1847 2488 2028 2543 silium
2082 2495 2136 2540 et
2191 2499 2557 2540 reversurum.
2605 2482 2683 2535 Eo
2735 2493 2914 2538 autem
2970 2495 3258 2554 postquam
3312 2501 3418 2538 una

1846 2579 2210 2648 pervenimus,
2250 2578 2446 2630 exutus
2475 2575 2564 2630 ille
2589 2583 2790 2638 vestes,
2819 2591 2912 2631 eas
2937 2577 3134 2632 cervici
3165 2577 3420 2631 collectas

1845 2669 2124 2738 imposuit,
2190 2679 2244 2722 et
2277 2668 2553 2722 accinctus
2585 2668 2868 2736 scapulare
2894 2682 3078 2732 suum,
3117 2683 3236 2722 sese
3270 2667 3420 2722 dedit.

1844 2753 2170 2824 praecipitem
2209 2753 2260 2805 in
2297 2761 2617 2817 torrentem,
2659 2750 2954 2820 statimque
2998 2761 3185 2806 natare
3235 2752 3419 2819 cmpit.

1857 2843 2298 2912 Formidantibus
2332 2853 2509 2897 autem
2540 2841 2697 2898 nobis
2732 2858 2799 2896 ne
2844 2856 3196 2912 mergeretur,
3245 2843 3422 2900 subito

1810 3007 1814 3010 Ι
1853 2937 1906 2990 in
1938 2935 2093 2989 littus
2127 2934 2353 3007 alterum
2384 2934 2651 3001 (mirabile
2677 2933 2847 3003 dictu)
2879 2936 3205 3004 corispeetus
3241 2944 3344 2997 est,
3369 2945 3424 2990 et

1845 3022 2340 3094 resum'ptis‘denuo
2366 3025 2632 3089 vestibus,
2666 3039 2697 3078 a
2729 3025 2885 3079 nobis
2925 3025 3211 3094 impetrata
3242 3025 3419 3086 venia,

1847 3117 2137 3173 discessit:
2179 3131 2278 3172 nos
2315 3125 2493 3171 autem
2520 3117 2664 3186 plus
2697 3132 2862 3185 quam
2897 3117 3002 3171 diei
3037 3127 3199 3186 queat
3229 3117 3418 3170 obstu—

124 3226 130 3229 '
178 3187 543 3279 ⁶ιιελττιττόμενοι
597 3207 698 3271 τὴν
743 3206 970 3275 δύναμιν
1019 3206 1120 3275 τῆς
1174 3207 1536 3276 ἀρετῆςηὸτι
1585 3187 1743 3275 ἡμεῖς

1847 3205 2084 3279 puimus,
2137 3210 2315 3262 mirati
2362 3209 2580 3264 virtutis
2623 3210 2732 3262 vim
2778 3220 2832 3261 et
2881 3210 3198 3277 potentiam.
3251 3206 3418 3261 Nobis

180 3301 330 3372 μετά
361 3301 548 3368 φόϐου,
593 3297 695 3352 κᾶν
724 3296 1100 3366 προσείχομεν,
1132 3298 1336 3359 ἐκεῖνος
1365 3296 1422 3348 δὲ
1455 3297 1748 3358 ἀκινδύνως

175 3390 369 3462 διῆλθε
399 3390 485 3444 διὰ
527 3388 625 3459 τὴν
654 3387 900 3457 ὑπακοὴν
933 3387 1116 3442 αὐτοῦ.
1148 3387 1258 3442 Καὶ
1288 3389 1314 3440 ὁ
1351 3385 1574 3456 ἀδελφὸς
1603 3388 1744 3440 ἐκεί-

176 3501 296 3546 νος.
325 3481 388 3536 ὃν
420 3480 662 3551 ἐπεμψεν
685 3482 715 3533 ὁ
737 3479 908 3543 ἀϐϐᾶς
934 3472 1100 3548 αὑτοῦ
1125 3478 1211 3532 διὰ
1234 3478 1330 3542 τὰς
1360 3479 1544 3548 χρείας
1569 3478 1749 3536 αὐτῶν

177 3573 324 3646 πρὸς
351 3573 446 3625 τὸν
472 3568 863 3641 ἀποκρισάριον
900 3567 1063 3622 αὑτοῦ
1105 3569 1185 3630 εἰς
1209 3568 1306 3641 τὴν
1355 3567 1546 3637 κώμην
1565 3584 1590 3602 ·-
1630 3567 1746 3630 πῶς

133 3655 142 3661 ’
175 3668 267 3721 ὅτι
299 3659 445 3718 εἶδεν
474 3661 634 3716 αὑτὸν
665 3659 954 3732 ἑλκόμενον
999 3658 1102 3728 ὐπὸ
1149 3659 1248 3727 τῆς
1276 3658 1542 3730 Θυγατρὸς
1579 3659 1745 3712 αὐτοῦ

175 3757 264 3818 εἰς
305 3752 536 3822 αἰσχρὰν
587 3749 764 3821 μίξιν·
819 3749 904 3804 ἶνα
949 3746 1113 3819 μόρον
1142 3749 1256 3819 (sic)
1301 3750 1476 3821 εῐπῃο·
1510 3749 1569 3802 'U
1615 3749 1747 3813 Θεὸς

175 3845 277 3900 τοῦ
304 3842 517 3911 Πατρός
553 3855 674 3911 μους
702 3831 882 3903 ἐξελοῦ
913 3856 982 3909 με
1005 3855 1020 3870 ·
1047 3859 1068 3892 ι
1094 3839 1296 3903 εὐθέως
1326 3840 1521 3911 εὑρέθη
1545 3842 1624 3904 εἰς
1648 3841 1746 3912 τὴν

173 3935 302 3990 ὁδὸν
324 3933 425 4002 τῆς
453 3931 701 4002 Σκήτεως
728 3929 963 3999 ’ὑπάγῳν
994 3928 1132 3999 πρὸς
1173 3929 1266 3983 τὸν
1295 3931 1514 4009 Πατέρα
1553 3932 1741 3988 αὐτοῦ.

242 4159 370 4269 ις).
407 4198 641 4254 Βλέπετε
674 4196 902 4268 δύναμιν
933 4195 1152 4267 ἀρετῆς,
1186 4193 1412 4266 βλέπετε
1459 4196 1738 4269 ἐνέργειαν

171 4296 444 4368 ῥήματος,
497 4275 692 4361 πόσην
721 4289 972 4360 βοήθειαν
1008 4288 1121 4360 ἔχει
1161 4289 1255 4341 καλ⁵
1300 4287 1362 4342 τὸ
1413 4289 1740 4343 ἐπικαλέσα-

1849 3301 1992 3355 enim
2024 3299 2112 3352 vix
2161 3299 2212 3353 in
2242 3314 2366 3353 eum
2401 3299 2518 3353 sine
2564 3307 2800 3353 tremore
2844 3300 3244 3358 contuentibns.
3299 3301 3414 3366 ipse

1851 3393 2001 3468 solus
2029 3391 2330 3460 intrepidus
2362 3392 2567 3459 absque
2599 3389 3026 3446 ulla-formidine
3071 3399 3124 3444 et
3177 3393 3418 3459 periculo

1851 3479 2105 3541 enatavit,
2137 3478 2305 3533 fretus
2332 3479 2655 3532 obedientiu:
2704 3478 2918 3532 merito.
2959 3478 3108 3533 lland
3154 3480 3416 3534 dissimile

1854 3573 1953 3630 fuit
1983 3582 2036 3629 et
2070 3571 2202 3627 illud
2231 3573 2392 3642 qnodi
2415 3571 2568 3624 alteri
2623 3572 2888 3640 discipulo
2934 3571 3176 3639 contigit,
3224 3573 3316 3640 qni
3351 3576 3417 3625 ab

1852 3667 2044 3721 abbate
2073 3665 2126 3720 in
2158 3665 2459 3735 proximam
2488 3663 2728 3718 villulam
2761 3663 2960 3718 missus
2990 3665 3054 3716 ad
3087 3664 3415 3731 expedienda

1850 3771 1971 3826 quae
1996 3771 2134 3825 opus
2165 3753 2397 3817 fuerant,
2425 3769 2548 3808 cum
2579 3769 2637 3806 se
2669 3755 2893 3807 sentiret
2929 3755 2980 3806 in
3027 3756 3416 3822 concupiscen-

1851 3850 1980 3906 tiam
2020 3848 2248 3918 propriae
2284 3829 2461 3900 filiolae
2492 3846 2793 3906 sollicitari,
2833 3846 3150 3900 exclamavit
3201 3847 3412 3898 unicam

1851 3938 1992 3993 hanc
2045 3951 2231 3991 vocem
2285 3953 2300 3986 :
2351 3950 2372 3984 ‹
2415 3933 2558 3987 Deus
2594 3934 2825 4012 patris;
2848 3936 2950 4006 mei
3021 3935 3184 3987 libera
3231 3950 3354 3997 me;
3392 3954 3407 3982 ι

1850 4026 2139 4094 statimque
2168 4037 2288 4077 sese
2317 4022 2457 4090 apud
2496 4023 2639 4074 viam
2673 4021 2902 4076 Sectiam
2939 4026 3176 4091 reperit:
3207 4025 3297 4093 qui
3328 4042 3413 4077 re-

1791 4175 1793 4177 .
1845 4130 2035 4170 versus
2058 4114 2124 4168 ad
2158 4112 2376 4167 Patrem
2405 4127 2564 4167 suum
2605 4123 2709 4167 est.

1914 4203 2058 4260 XVI.
2101 4203 2289 4261 Videte
2333 4204 2630 4275 potentiam
2685 4205 2926 4270 virtutis,
2977 4209 3412 4275 Contemplamini

1844 4298 1952 4352 vim
1980 4297 2129 4352 verbi
2158 4315 2173 4364 ;
2213 4307 2478 4366 quantum
2507 4297 2714 4352 scilicet
2743 4296 2928 4352 aﬂ'erat
2959 4299 3141 4352 auxilii
3174 4302 3412 4368 paternis

171 4386 304 4441 σθαι
327 4400 451 4439 τινα
481 4383 578 4446 τάς
607 4381 890 4452 εὐχάς·εοῦ
908 4379 1115 4461 Πατρρς
1139 4378 1305 4434 αὐτοῦ
1328 4397 1342 4410 ·
1364 4380 1453 4432 ἴνα
1479 4380 1608 4452 εῐπῃ
1627 4397 1642 4411 ο
1685 4381 1743 4435 '0

1846 4391 2097 4460 precibus
2139 4404 2258 4445 sese
2294 4389 2491 4445 dedere
2540 4406 2555 4443 :
2593 4389 2835 4459 ipsorum
2885 4389 3027 4442 enim
3077 4391 3164 4443 ille
3211 4390 3409 4444 similia

167 4477 332 4543 Θεὸς,
369 4476 460 4532 διὰ
492 4475 590 4539 τὰς
620 4473 784 4546 εὐχὰς
810 4473 904 4527 τοῦ
935 4473 1145 4544 Πατρός
1174 4491 1276 4544 μου
1312 4472 1494 4538 ἐξελοῦ
1530 4475 1742 4544 μειεύ-

173 4571 322 4634 θέως
347 4569 546 4641 εὑρέθη
581 4570 661 4633 εἰς
700 4568 797 4640 τὴν
838 4567 976 4626 ὁδόν.
1007 4568 1394 4639 Κατανοήσατε
1434 4569 1491 4624 δὲ
1516 4569 1617 4641 τὴν
1643 4554 1740 4624 ταέ

159 4659 441 4713 κπεῑνωσιν
479 4658 575 4711 καὶ
747 4656 1031 4711 εὐλάϐειαν
1078 4657 1427 4728 ἀμφοτέρων,
1474 4653 1663 4724 Ἦσαν
1683 4659 1741 4726 ἐν

168 4745 462 4814 στενώσει,
508 4747 603 4800 καὶ
628 4745 816 4816 ἢθελεν
855 4748 885 4799 ό
919 4748 1098 4818 γέρων
1134 4746 1344 4818 πέμψαι
1379 4747 1470 4799 τὸν
1516 4746 1741 4818 ἀδελφὸν

169 4840 322 4912 πρὸς
369 4837 460 4892 τὸν
489 4836 744 4891 ποιοῦντα
776 4837 961 4901 αὐτοῖς
1009 4838 1108 4910 τὴν
1152 4838 1467 4908 ἀπόκρισιν,
1505 4839 1600 4894 καὶ
1640 4841 1742 4893 οὐκ

163 4932 368 4998 ἔλεγεν
398 4923 577 4995 αὐτῷ·
618 4925 878 4993 ’Υπαγεον
905 4926 1019 4995 ἀλλ’
1067 4927 1252 4995 ἔλεγεν
1275 4925 1455 4996 αὐτῷ·
1502 4944 1522 4979 ι
1558 4927 1744 4992 Θέλεις

162 5020 469 5084 ἀπελθεῖνὶ
531 5034 550 5069 ⁸
621 5015 854 5083 ὀμοίως
901 5018 999 5070 καὶ
1049 5019 1080 5071 ό
1127 5016 1352 5086 ἀδελφὸς
1397 5018 1497 5070 οὐκ
1549 5013 1738 5072 εἶπεν·

175 5113 449 5179 Ὑπάγω·
495 5107 612 5162 ἀλλ’
653 5105 837 5174 ἔλεγεν
879 5108 1057 5177 αὐτῷ·
1098 5127 1117 5160 ι
1175 5111 1262 5173 Ὠς
1303 5109 1477 5172 Θέλεις
1505 5108 1664 5163 ποιῶ.
1715 5099 1767 5160 ι’

174 5205 467 5274 Ἐφοϐεἰτο
505 5201 611 5270 γὰρ
650 5197 746 5252 καὶ
784 5197 873 5250 διὰ
917 5199 984 5253 τὰ
1033 5201 1301 5256 σκάνδαλα
1328 5201 1421 5255 καὶ
1449 5200 1536 5254 διὰ
1565 5201 1624 5254 τὸ
1663 5201 1738 5274 μὴ

159 5295 526 5368 παρακοῦσαι
543 5291 637 5346 τοῦ
665 5289 877 5359 Πατρὶς
915 5289 1098 5345 αὑτοῦ.
1134 5288 1265 5347 Εἶτα
1298 5293 1372 5356 ὡς
1398 5292 1556 5347 πλέον
1585 5292 1737 5344 ἐστε-

160 5385 448 5456 νώθησαν,
469 5385 616 5452 λέγει
637 5379 783 5450 αὐτῷ
807 5381 834 5432 ὁ
868 5379 1063 5448 γέρων·
1103 5398 1124 5432 r
1167 5382 1432 5450 Ἐγείρου,
1471 5380 1644 5449 ὕπαγε
1666 5397 1680 5411 ·
1711 5399 1731 5432 ο

85 5509 88 5511 -
156 5478 263 5531 καὶ
294 5477 403 5530 οὐκ
433 5473 586 5530 εἶπεν
622 5471 800 5542 αὐτῷ·
842 5465 1073 5533 Ἐλπίζω
1105 5473 1184 5534 εις
1221 5474 1312 5526 τὸν
1347 5472 1482 5528 Θεόν
1515 5489 1616 5542 μου
1657 5473 1738 5526 ὅτι

161 5553 429 5638 σκεπάςῃ
461 5579 558 5620 σε·
591 5563 723 5618 ἀλλά
757 5561 939 5630 λέγει·
984 5578 1002 5612 ι
1053 5559 1287 5627 Ἐλπίζω
1332 5567 1411 5628 εις
1437 5567 1536 5631 τὰς
1573 5563 1738 5637 εύχάς

145 5657 261 5729 ,τοῦ
302 5656 516 5724 Πατρός
549 5644 765 5726 μοοότι
809 5648 1139 5713 σκεπάζουσί
1180 5669 1265 5718 με.
1307 5672 1325 5705 ι
1379 5656 1609 5726 ὀμοίως
1643 5657 1738 5709 καὶ

157 5752 191 5802 ὁ
217 5746 478 5816 ἀδελφὸς,
509 5748 595 5800 ὅτε
642 5743 960 5815 ἐπειράσθη,
997 5742 1095 5796 ούγ
1143 5738 1315 5811 εἶπεν,
1365 5747 1452 5800 ὅτι
1499 5748 1554 5802 '0
1592 5750 1736 5816 Θεός

1846 4480 2062 4537 locutus
2084 4489 2169 4536 est
2193 4479 2374 4534 verba:
2395 4499 2413 4530 ι
2441 4471 2761 4544 Liberame,
2785 4477 2948 4535 Deus.
2978 4493 3071 4548 per
3103 4479 3278 4534 Patris
3308 4483 3412 4535 mei

1845 4573 2155 4627 orationes:
2187 4591 2208 4624 ι
2250 4569 2600 4650 Considerate
2639 4569 2994 4622 humilitatem
3029 4577 3084 4623 et
3117 4572 3410 4627 observan-
3457 4566 3460 4569 ’

1818 4665 1976 4719 .tiam
2022 4665 2352 4719 amborum:
2401 4670 2518 4716 erat
2569 4669 2796 4729 uterque
2847 4661 3044 4716 dubius
3088 4674 3142 4718 et
3194 4667 3409 4728 anxius,

1843 4756 2165 4823 volebatque
2188 4768 2364 4822 senex,
2399 4751 2617 4805 fratrem
2652 4754 2716 4805 ad
2752 4757 3066 4810 monasterii
3106 4760 3408 4820 necessaria

1837 4845 2131 4907 dimittere,
2168 4858 2269 4898 nec
2297 4852 2475 4897 tamen
2507 4853 2566 4896 ut
2612 4843 2732 4910 iret,
2765 4846 3034 4916 imperare
3073 4830 3258 4910 voluit.
3308 4847 3422 4903 sed

1813 4946 2018 5020 utrum
2061 4933 2331 5004 proﬁcisci
2366 4935 2526 4990 vellet
2571 4941 2918 5006 percontatus
2964 4949 3063 4994 est.
3114 4938 3229 4992 Non
3276 4939 3403 4994 item

1840 5025 2009 5081 frater
2033 5024 2332 5092 respondit,
2363 5043 2382 5075 ι
2406 5024 2502 5089 Eo,
2529 5028 2620 5082 sed
2644 5030 2905 5098 quidquid
2927 5029 3158 5096 jusseris
3183 5028 3398 5093 faciam.

1837 5114 2014 5170 Pater.
2045 5135 2064 5166 ι
2109 5114 2245 5172 Hinc
2275 5118 2417 5170 enim
2447 5120 2697 5173 scandala
2726 5120 3028 5181 verebatur,
3065 5119 3192 5173 binc
3221 5119 3397 5177 Patris

1837 5203 2258 5257 inobedientiam
2314 5205 2657 5258 formidabat.
2712 5203 2790 5256 Ad
2835 5207 2948 5256 lucc
2996 5204 3160 5273 igitur
3213 5222 3398 5270 senex.

1843 5313 1860 5345 ι
1892 5293 2152 5367 Exsurge,
2184 5297 2278 5361 ait,
2310 5306 2364 5351 et
2397 5307 2637 5367 actutum
2671 5309 2844 5363 perge.
2877 5313 2894 5342 ›
2924 5291 3200 5350 llecedens
3239 5297 3402 5351 frater

1837 5383 2012 5439 dixit:
2060 5404 2077 5436 ι
2107 5383 2224 5440 Νοη
2258 5401 2416 5455 spero
2451 5387 2502 5438 in
2536 5384 2700 5437 Deum
2732 5383 2858 5450 quia
2895 5388 2977 5437 me
3006 5392 3262 5452 proteget.
3305 5389 3400 5440 sed

1837 5475 1894 5531 in
1946 5477 2285 5532 orationibus
2319 5465 2493 5530 Patris
2543 5473 2666 5534 mei,
2703 5473 2828 5540 quia
2877 5489 2962 5528 me
3013 5476 3336 5530 tuebuntur:
3375 5497 3393 5528 ι

1841 5567 2029 5648 sicque
2069 5585 2191 5624 cum
2243 5566 2680 5622 intentationem
2732 5564 3028 5627 incidisset,
3079 5581 3182 5618 non
3232 5566 3399 5623 Deum

1841 5656 1896 5710 in
1923 5658 2183 5712 auxiliqu
2216 5656 2446 5715 vocavit,
2475 5652 2567 5707 sed
2597 5651 2770 5706 Patris
2798 5655 2893 5707 sui-
2913 5654 3200 5710 orationes.
3226 5657 3399 5728 Atque

1841 5749 1914 5806 ita
1940 5751 2178 5822 paternis
2209 5747 2546 5808 orationibus
2575 5745 2746 5807 fraus
2771 5754 2996 5801 uterque
3020 5749 3254 5806 maxime
3277 5749 3395 5807 fuit.
