4042 6334
599 414 736 482 1639

1774 417 1833 476 S.
1874 411 2262 476 DOROI‘HEI
2291 409 2612 470 ABBATIS

3684 410 3829 473 1640

596 535 675 590 En
704 534 1161 606 quemadmodum
1190 536 1507 613 obedientia:
1533 532 1895 589 humilitatem
1925 531 2149 601 conjun-

2259 544 2403 597 μου,
2422 523 2639 589 ἐξελοῦ
2660 523 2926 593 με,ιᾰλλ⁹,
2953 543 2981 577 ,ι
3027 523 3087 579 '0
3114 524 3265 588 Θεὸς,
3306 526 3387 587 είς
3412 522 3515 587 τὰς
3551 523 3715 593 εὐχάς
3734 525 3857 613 τοῦ)

596 643 758 680 aere:
803 637 863 681 ut
891 627 1035 682 enim
1068 610 1274 683 currus.
1292 642 1402 681 uno
1432 641 1575 696 equo
1606 640 1714 679 non
1747 624 1881 679 satis
1912 637 2159 677 commo-

594 717 663 771 de
693 719 943 780 traltitur,
977 719 1082 776 nisi
1121 729 1177 774 et
1206 719 1433 775 alterum
1462 732 1704 789 apponas
1730 734 1745 771 :
1796 716 1871 769 ita
1902 714 2159 769 obediens

598 809 954 863 humilitatem
996 809 1342 880 coniugatam
1396 809 1497 863 sibi
1544 805 1807 876 deposcit.
1862 806 1981 871 Qua
2027 818 2160 859 sane

523 890 538 914 ⁸
596 901 766 972 gratia
795 910 849 956 et
891 902 1091 956 virtute
1138 902 1321 955 haberi
1364 915 1526 955 nemo
1569 900 1764 968 dignus
1804 905 2003 967 potest,
2050 894 2156 949 nisi

596 999 721 1045 ante
748 1000 1071 1045 consuescat
1109 989 1437 1061 praecludere
1476 996 1531 1042 et
1560 994 1841 1059 amputare
1878 986 2153 1056 propriam

596 1082 948 1148 voluntatem,
978 1096 1038 1136 se
1070 1082 1241 1151 ipsum
1276 1089 1400 1151 post
1439 1080 1606 1135 Deum
1632 1079 1778 1135 Patri
1809 1093 1911 1135 suo
1937 1078 2154 1142 dedere,

593 1181 754 1244 atque
780 1174 849 1228 ab
875 1189 941 1228 eo
988 1174 1134 1228 nulla
1163 1175 1214 1228 in
1256 1189 1315 1228 re
1343 1172 1689 1243 postmodum
1719 1171 2028 1235 dissentire,
2061 1171 2155 1225 sed

595 1265 779 1320 omnia
813 1265 981 1336 ipsius
1010 1266 1237 1321 arbitrio
1275 1264 1471 1331 facere,
1501 1280 1563 1319 ea
1597 1264 1697 1319 fide
1720 1275 1775 1319 et
1810 1263 2154 1327 eertitudine,

596 1369 663 1409 ac
689 1354 734 1408 si
767 1355 906 1410 Deus
936 1356 989 1409 in
1032 1354 1245 1410 cunctis
1291 1370 1396 1408 non
1451 1355 1652 1409 homini
1700 1363 1932 1425 pareret,
1968 1362 2031 1409 ut
2076 1353 2154 1407 illi

592 1456 733 1515 quos
759 1443 1108 1513 praediximus
1136 1443 1488 1498 factitarunt:
1531 1444 1619 1499 hic
1650 1442 1871 1511 salvari,
1920 1442 2010 1499 hic
2050 1444 2154 1498 mi-

590 1534 938 1589 sericordiam
970 1522 1229 1604 consequi
1262 1533 1459 1605 dignus
1494 1543 1597 1589 est.

584 1714 589 1717 '
658 1704 821 1760 XVII.
855 1704 1113 1760 Memoria
1136 1714 1221 1760 est
1241 1705 1309 1760 de
1331 1704 1486 1759 beato
1517 1702 1732 1767 Basilio,
1759 1704 1853 1775 qui
1883 1720 2007 1759 cum
2036 1718 2151 1759 cm-

590 1800 751 1854 nobia
775 1813 874 1853 sua
901 1798 1176 1863 inviseret,
1204 1796 1273 1850 ab
1301 1811 1409 1851 uno
1435 1797 1777 1866 praefatorum
1806 1806 2150 1865 percontatus

2256 618 2467 690 Πατρός
2521 634 2624 688 μου
2675 614 2860 682 ἐξελοῦ
2899 635 2987 685 με.
3032 636 3051 670 ι
3094 619 3205 672 Καὶ
3246 619 3478 680 ἕκαστος
3526 618 3708 671 αὐτῶν
3751 618 3863 680 είς

2252 710 2351 773 τὰς
2401 709 2569 780 εὐχάς
2615 708 2709 763 τοῦ
2750 709 2963 781 Πατρδς
2989 709 3156 763 αὐτοῦ
3187 710 3402 781 ἤλπιζε.
3441 709 3679 763 Βλέπετε
3714 710 3833 774 πῶς

2252 799 2478 866 ἔζευξαν
2518 799 2623 872 τὴν
2655 800 2929 884 ’ὑπακοὴν
2964 803 3033 872 τῇ
3079 801 3439 856 ταπεινώσει·
3486 800 3681 873 ὥσπερ
3720 801 3833 869 γὰρ

2253 893 2544 962 ζεύγνυται
2575 891 2639 945 τὸ
2676 891 2852 962 ἅρμα,
2897 891 2996 946 καὶ
3021 891 3084 945 οὐ
3116 892 3338 946 δύναται
3363 894 3396 946 ὁ
3424 893 3597 957 ῖππος
3622 892 3831 965 προλα-

2252 985 2366 1038 δεῖν
2404 985 2499 1037 τὸν
2530 983 2711 1049 ἄλλον,
2741 982 3028 1037 amittam
3048 996 3065 1012 ⁶
3106 983 3284 1047 οὕτως
3320 984 3515 1056 χρῄζει
3543 986 3580 1055 ἡ

2252 1077 2398 1148 ἔχειν
2428 1076 2865 1147 συνεζευγμένην
2891 1077 3029 1148 αὐτῇ
3055 1074 3159 1147 τὴν
3190 1076 3539 1131 ταπείνωσιν.
3575 1077 3689 1149 Καὶ

2249 1165 2473 1220 δύναταὶ
2505 1183 2591 1231 τις
2622 1164 2918 1236 ἀξιωθῆναι
2962 1165 3168 1239 ταύτης
3202 1169 3302 1237 τῆς
3326 1168 3569 1238 χάριτος.
3600 1167 3697 1222 ἐὰν
3725 1166 3831 1238 μὴ,

2251 1256 2432 1320 καθὼς
2463 1253 2636 1319 εἷπον,
2672 1256 2926 1327 βιάσηται
2956 1257 3120 1329 κόψαι
3146 1256 3219 1311 τὰ
3249 1256 3358 1311 ῖδια
3395 1257 3700 1329 θελήματα,
3734 1260 3834 1313 καὶ

2228 1345 2395 1417 ⁴ἐκδῷ
2420 1347 2614 1401 ἑαυτὸν
2644 1347 2783 1417 μετὰ
2812 1347 2945 1402 Θεὸν
2967 1348 3046 1419 τῷ
3082 1348 3279 1405 ἑαυτοῦ
3312 1350 3514 1421 Πατρὶ,
3547 1351 3609 1403 ιν
3640 1350 3834 1421 μηδενὶ

2249 1439 2535 1505 διστάζων,
2562 1438 2700 1494 ἀλλὰ
2731 1438 2910 1497 πάντα
2941 1440 3132 1508 ποιῶν,
3152 1441 3362 1515 ῶσπερ
3392 1442 3659 1513 κάκείνῳ,
3686 1442 3836 1513 μετὰ

2250 1530 2617 1602 πληροφορίας·
2662 1531 2745 1619 ὡς
2771 1532 2857 1585 ὃτι
2899 1530 2980 1603 τῷ
3023 1532 3144 1605 Θεῷ
3181 1533 3486 1603 ὑπακούεις
3536 1535 3638 1598 Tit;
3678 1534 3834 1602 ἄξιος

2249 1622 2560 1693 ἐλεηθῆναι,
2588 1624 2674 1688 τὶς
2698 1622 2850 1689 ἄξιος
2875 1625 3135 1697 σωθῆναι.
3159 1629 3163 1633 ’
3300 1622 3305 1626 ’

2320 1713 2419 1767 IZ'.
2461 1714 2689 1793 “perat
2726 1732 2859 1770 ποτε
2891 1716 3133 1785 τοιοῦτος
3162 1717 3340 1787 λόγος,
3365 1719 3451 1772 ὅτι
3477 1704 3833 1790 παρερχὸμι-
3948 1746 3955 1754 ο

2249 1804 2340 1867 νός
2363 1821 2493 1871 ποτε
2529 1806 2748 1876 ὀνᾷγιος
2773 1806 3051 1872 Βασίλειος
3077 1806 3300 1862 διὰτῶν
3328 1807 3616 1862 κοινοδίων
3637 1807 3834 1872 αὐτοῦ,

587 1894 689 1952 est,
737 1900 866 1939 num
900 1898 1061 1955 quem
1111 1884 1166 1937 in
1210 1884 1378 1938 choro
1419 1897 1643 1938 suorum
1695 1883 1935 1947 haberet,
1986 1896 2149 1952 quem

2252 1896 2401 1966 λέγει
2438 1897 2521 1951 ἑνὶ
2547 1897 2655 1951 τῶν
2685 1897 3038 1970 ἡγουμένωνο
3081 1916 3102 1953 ι
3142 1899 3328 1970 Ἔχεις
3354 1899 3476 1953 τινὰ
3507 1901 3617 1953 τῶν
3656 1900 3837 1965 σωζο-

588 1977 889 2032 conﬁderet
954 1975 1290 2031 salvandum.
1342 1973 1726 2045 Respondente
1778 1982 1959 2029 autem
2020 1974 2148 2038 illo,

588 2081 805 2137 sperare
832 2079 891 2121 se
916 2080 1105 2119 omnes
1145 2080 1240 2134 per
1284 2080 1416 2120 suas
1462 2065 1739 2119 orationes
1785 2064 1902 2117 fore
1946 2064 2149 2117 salvos.

586 2153 825 2209 Rursum
864 2152 917 2208 id
949 2153 1124 2224 ipsum
1160 2151 1552 2221 interrogavit;
1605 2164 1707 2206 nec
1753 2162 1880 2204 ante
1923 2150 2151 2215 destitit,

570 2262 749 2317 quam
772 2247 859 2302 ille
878 2263 948 2302 ex
974 2246 1193 2317 optimis
1222 2246 1501 2299 meliorem
1528 2245 1632 2300 sibi
1658 2243 1875 2299 offerret
1896 2245 2149 2300 electum.

586 2336 688 2391 Cui
713 2352 838 2392 cum
864 2336 1024 2391 Pater
1053 2338 1427 2392 sanctissimus
1456 2338 1743 2407 imperaret
1769 2346 1829 2390 ut
1856 2351 2051 2405 aquam
2082 2336 2148 2391 ad

588 2429 882 2482 abluendos
930 2429 1092 2498 pedes
1135 2426 1370 2493 afferret,
1418 2428 1553 2483 abiit
1605 2415 1810 2491 statim,
1863 2428 2044 2483 attulit
2096 2438 2151 2483 et

588 2516 757 2570 lavit:
806 2516 973 2585 jussit
1028 2516 1370 2586 postmodum
1418 2519 1605 2571 sedere
1648 2531 1807 2580 eum,
1854 2530 1921 2571 ac
1977 2517 2148 2571 lavari

583 2605 786 2673 pariter
811 2607 1035 2675 :‘paruit
1061 2605 1151 2659 ille
1174 2606 1515 2675 simpliciter,
1544 2613 1600 2658 et
1625 2606 1967 2660 ministrante
1988 2604 2152 2660 Patre

586 2693 727 2747 lotus
748 2706 846 2747 est.
884 2692 1015 2748 Post
1043 2694 1145 2748 hoc
1171 2693 1473 2763 periculum
1497 2693 1839 2758 obedientiae,
1866 2695 2149 2764 ingressus

584 2783 852 2853 eam
887 2784 941 2837 in
982 2784 1352 2839 sanctuarium
1394 2799 1518 2838 cum
1565 2798 1632 2837 eo
1670 2782 1849 2849 Pater,
1896 2793 1953 2838 et
2005 2785 2150 2839 cele-

584 2880 763 2933 branti
810 2879 1073 2947 discipulo
1106 2879 1417 2933 ministrare
1438 2879 1613 2959 Ivoluit
1635 2918 1652 2940 ,
1707 2893 1774 2932 eo
1806 2879 1953 2932 nulla
2002 2880 2058 2932 in
2090 2894 2150 2933 re

588 2961 953 3027 dissentiente,
998 2975 1378 3030 quamcunque
1405 2962 1743 3030 imperasset.
1776 2961 1953 3030 Atque
1996 2962 2148 3015 illum

587 3060 714 3123 post
741 3053 854 3105 haec
885 3051 1094 3106 socium
1119 3050 1221 3105 sibi
1254 3061 1309 3105 et
1337 3054 1653 3120 perpetuum
1703 3053 1953 3107 comitem
2007 3052 2149 3107 asci-

584 3144 681 3198 vit.
721 3142 907 3213 Neque
948 3144 1092 3196 enim
1137 3145 1302 3196 alium
1338 3158 1501 3211 quam
1533 3154 1778 3198 sanctum
1824 3143 2147 3213 discipulum

500 3275 505 3279 .
580 3240 637 3286 et
677 3231 1015 3285 benedictum
1047 3229 1270 3285 decebat
1301 3230 1499 3284 habere
1543 3229 1811 3285 deiferum
1837 3240 2045 3301 patrem
2092 3226 2215 3286 etC

582 3319 1005 3374 sanctissimum.
1056 3316 1165 3373 Vos
1209 3327 1387 3371 autem
1428 3320 1670 3383 omnino,
1706 3318 1919 3383 fratres,
1969 3320 2148 3375 adhuc

580 3415 831 3476 expertes
860 3406 1015 3460 video
1051 3405 1423 3471 hujuscemodi
1453 3406 1773 3460 obedientia:
1817 3406 2143 3471 indiscrete,

583 3511 686 3553 nec
708 3494 875 3554 nosse
901 3506 1102 3567 quanta
1125 3497 1243 3565 ejus
1273 3497 1347 3551 sit
1359 3498 1593 3565 requies.
1612 3494 1831 3551 Memini
1858 3512 1944 3552 me
1967 3513 2143 3567 quan-

488 3571 507 3583 ’
585 3588 765 3656 doque
798 3587 1045 3640 abbatem
1076 3585 1339 3654 Joannem
1387 3585 1529 3639 beati
1569 3583 1925 3652 Barsanuphii
1976 3587 2143 3641 dls‘ci-

585 3676 773 3747 pulum
808 3674 1171 3743 interrogasse
1197 3690 1309 3727 rem
1347 3673 1759 3742 hujuscemodi:
1789 3672 1925 3727 Cum
1958 3672 2145 3745 Scrip-

587 3780 708 3822 tura
735 3776 1123 3820 commemoret
1152 3756 1291 3832 Opus
1317 3764 1474 3818 nobis
1509 3779 1631 3817 esse
1667 3763 1855 3819 multis
1898 3764 2145 3821 aﬂlictio-

583 3859 746 3912 nibus
777 3866 833 3911 et
878 3855 1144 3925 angustiis
1182 3852 1251 3907 ad
1303 3854 1427 3908 vita
1472 3853 1777 3924 ingressum
1827 3862 1883 3909 et
1929 3855 2141 3922 salutis,

583 3949 833 4003 dubitare
872 3961 961 4001 me
1007 3960 1074 4000 ne
1119 3945 1371 4015 perirem,
1412 3944 1507 4015 qui
1561 3944 1709 3998 nulla
1755 3960 1841 4011 me
1887 3947 2143 4001 sentirem

580 4057 713 4096 cura
741 4039 941 4095 moveri
962 4048 1017 4095 et
1052 4037 1374 4094 sollicitari:
1408 4036 1572 4106 idque
1597 4048 1699 4108 per
1719 4037 1926 4093 litteras
1952 4040 2143 4094 scisci-

586 4132 759 4184 tabar.
798 4127 939 4185 lnter
970 4129 1334 4193 scribendum,
1363 4127 1559 4195 fateor,
1606 4129 1793 4199 augeri
1832 4128 1966 4183 mihi
2012 4131 2143 4187 laeti-

591 4220 721 4273 tiam
764 4220 1086 4284 sentiebam,
1131 4218 1498 4287 timebamque
1544 4218 1675 4273 mihi
1719 4219 1822 4289 ipsi
1871 4221 2044 4290 magis
2071 4222 2139 4277 ad

581 4309 961 4365 tribulationes
998 4309 1294 4380 Scriptura:
1320 4309 1628 4371 advertens,
1671 4310 1870 4378 quibus
1917 4313 2139 4367 omnino

578 4414 769 4456 carere
798 4413 884 4452 me
915 4402 1325 4467 cognoscebam.
1372 4398 1443 4451 At
1479 4398 1613 4451 mihi
1645 4413 1807 4453 senex
1837 4402 2136 4469 respondit,

581 4507 637 4549 et
662 4506 862 4546 vanum
896 4490 1141 4545 timorem
1167 4491 1386 4556 ademit,
1428 4489 1669 4545 inferens
1716 4491 1791 4544 ita
1827 4493 2138 4546 necessario

580 4587 830 4649 evenire,
878 4590 937 4636 ut
991 4581 1194 4638 scilicet
1244 4583 1609 4653 pacatissimi,
1652 4581 2037 4653 iucundissimi
2085 4595 2141 4639 et
2172 4564 2215 4639 ξ

580 4686 908 4755 quietissimi
940 4682 1070 4743 sint.
1110 4682 1417 4761 quicunque
1466 4700 1588 4741 sese
1634 4684 1690 4739 in
1739 4682 1963 4739 Patrum
2009 4685 2142 4741 obe-

577 4788 839 4843 dientiam
881 4782 1155 4839 dedidere.

2254 1989 2466 2061 μένωνς
2493 2008 2512 2041 ι
2534 1990 2702 2059 Λέγει
2723 1990 2872 2062 αὐτῷ
2898 1992 2928 2044 ὁ
2954 1990 3157 2055 άϐϐᾶςυ
3185 2010 3206 2045 ι
3236 1991 3337 2045 Διὰ
3364 1991 3475 2045 τῶν
3502 1991 3678 2063 εὐχῶν
3707 1982 3853 2053 σου,

2248 2080 2506 2145 δέσποτα,
2548 2080 2748 2144 πάντες
2793 2080 3025 2152 θέλομεν
3073 2077 3333 2151 σωθῆναι,
3387 2099 3409 2132 ι
3455 2080 3619 2149 Λέγει
3661 2080 3837 2133 πάλιν

2249 2166 2399 2238 αὐτῷ
2438 2170 2467 2223 ὁ
2516 2169 2671 2238 ἅγιος
2716 2171 3036 2235 Βασίλειοςο
3076 2188 3098 2223 ι
3150 2171 3272 2224 Τῶν
3317 2170 3641 2241 σωζομένων
3680 2173 3837 2241 ἔχεις

2246 2261 2411 2325 τινάς
2442 2279 2461 2313 ι
2503 2262 2709 2317 Ἐκεῖνο
2734 2263 2935 2333 νοήσας
2958 2259 3049 2335 [ἦν
3076 2262 3187 2334 γάρ
3214 2264 3307 2317 mi.
3339 2263 3500 2325 αὐτὸς
3520 2279 3836 2331 πνευματι-

2249 2352 2368 2426 κὸς]
2406 2353 2589 2422 λέγει·
2646 2371 2669 2404 ι
2711 2352 2841 2408 Ναί.
2879 2372 2899 2406 ι
2944 2353 3218 2416 Ἐλθόντος
3266 2352 3324 2405 δὲ
3371 2351 3560 2415 αὑτοῦ,
3605 2351 3760 2419 λέγει
3803 2353 3837 2405 6

2249 2446 2406 2514 ἅγιος
2451 2444 2637 2515 αὐτῷ’
2685 2463 2706 2497 ι
2771 2438 2894 2511 Δὸς,
2925 2446 3191 2516 νίψωμαι.
3242 2464 3264 2499 ι
3333 2446 3670 2516 ’Δπέρχεται,
3732 2446 3837 2499 καὶ

2248 2537 2404 2607 φέρει
2434 2537 2581 2608 αὐτῷ
2612 2536 2894 2607 νίψασθαι.
2920 2538 3075 2592 Μετὰ
3099 2538 3157 2591 δὲ
3182 2538 3244 2591 τὸ
3269 2537 3525 2607 νίψασθαι
3550 2539 3641 2590 τὸν
3662 2538 3835 2606 ἅγιον

2249 2626 2545 2695 Βασίλειον,
2577 2629 2848 2699 λαμϐάνει
2886 2632 2979 2684 καὶ
3008 2630 3170 2695 αὐτὸς
3198 2632 3228 2685 ὀ
3254 2631 3410 2699 ἅγιος
3447 2630 3508 2684 τδ
3536 2631 3686 2702 νίμα,
3730 2631 3834 2685 καὶ

2246 2719 2395 2788 λέγει
2426 2719 2506 2790 τῷ
2538 2720 2785 2791 ἁδελφιῖν
2820 2740 2840 2773 ι
2877 2721 3062 2789 Δέξαι,
3106 2723 3202 2776 καὶ
3246 2722 3409 2785 αὐτὸς
3438 2722 3605 2792 νίψαι.
3650 2741 3670 2773 ι
3721 2723 3832 2775 Δέ-

2248 2827 2404 2879 χεται
2451 2808 2547 2863 οὖν
2602 2814 2808 2876 ἐκεῖνος
2851 2812 2913 2865 τὺ
2964 2812 3097 2882 νίμα
3141 2812 3470 2884 άδιακρίτως
3518 2810 3669 2883 παρὰ
3725 2812 3831 2867 τοῦ

2249 2902 2403 2966 ἁγίου
2426 2916 2440 2930 ·
2476 2902 2614 2970 μετὰ
2637 2897 2731 2955 οὖν
2766 2905 2827 2954 τδ
2850 2903 3143 2973 δοκιμάσαι
3174 2904 3339 2957 αὑτὸν
3374 2906 3436 2959 ἐν
3456 2904 3645 2975 τούτῳ,
3664 2904 3832 2974 λέγει

2248 2988 2397 3058 αὐτῷ
2435 2988 2631 3041 πάλιν
2682 3009 2703 3041 ι
2759 2991 2889 3043 Ὀτι
2937 2991 3256 3067 εἰσέρχομαι
3297 2992 3380 3055 είς
3425 2990 3488 3045 τὺ
3528 2991 3831 3063 ίερατεῖον,

2249 3080 2389 3141 ἐλθὲ,
2441 3081 2757 3153 ὑπόμνησόν
2805 3100 2874 3152 με
2921 3083 3011 3137 ἵνα
3052 3087 3413 3155 χειροτονήσω
3457 3101 3537 3139 σε.
3589 3103 3609 3136 ι
3644 3086 3833 3139 Πάλιν

2248 3173 2454 3235 ἐκεῖνος
2489 3170 2819 3241 άδιακρίτως
2848 3173 3133 3228 ὑπακούει.
3168 3154 3280 3227 Καὶ
3414 3170 3520 3228 εἶδε
3548 3173 3635 3228 τὸν
3655 3173 3833 3242 ᾰγιον

2245 3263 2524 3316 Βασίλειον
2555 3262 2665 3317 ἔσω
2693 3265 2773 3326 είς
2796 3263 2859 3317 τὸ
2889 3264 3176 3336 ἱερατεῖον,
3205 3267 3525 3337 ἀπέρχεται,
3559 3267 3653 3319 καὶ
3673 3266 3834 3318 ὑπο-

2248 3356 2547 3427 μιμνήσκει
2589 3355 2775 3422 αὐτὸν,
2826 3356 2923 3425 καὶ
2962 3361 3265 3429 χειροτονεῖ
3303 3358 3501 3424 αὐτον,
3542 3357 3633 3413 καὶ
3669 3358 3833 3429 λαμ-

2243 3444 2396 3497 ϐάνει
2438 3444 2599 3498 αὑτὸν
2632 3444 2749 3515 μετ’
2796 3444 2998 3499 αὐτοῦ’
3036 3448 3143 3500 τίνι
3183 3449 3294 3518 γὰρ
3337 3447 3594 3518 ἔπρεπεν,
3636 3450 3686 3501 εί
3743 3451 3831 3519 μὴ

2246 3535 2385 3604 μετὰ
2429 3535 2523 3588 τοῦ
2567 3536 2727 3604 άγίου
2764 3538 2973 3590 ἐκείνου
3020 3537 3115 3590 τοῦ
3146 3537 3433 3607 θεοφόρου,
3466 3538 3546 3608 τῷ
3584 3540 3830 3611 τοιούτῳ

2244 3621 2592 3692 εὐλογημένῳ
2609 3622 2861 3693 άδελφῷ;
2897 3623 3086 3691 Ὑμεῖς
3129 3625 3233 3677 οὐκ
3272 3624 3423 3694 ἔχετε
3471 3628 3664 3696 πεῖραν
3709 3627 3831 3680 ὕπο
3890 3670 3897 3671 κ

2244 3711 2414 3779 ακοῆς
2444 3710 2755 3783 άδιακρίτου
2773 3727 2789 3743 ο
2817 3710 2938 3765 οὐδὲ
2956 3710 3146 3764 οἴδατε
3175 3715 3275 3782 τὴν
3287 3713 3591 3767 ἀνάπαυσιν
3615 3715 3826 3786 αὐτῆς.
3896 3784 3904 3792 ι

2256 3800 2546 3870 Ἦρώτησά
2574 3817 2707 3854 ποτε
2731 3801 2963 3873 γέροντα
2983 3803 3075 3857 τὸν
3101 3803 3276 3858 άδδᾶν
3314 3802 3565 3876 Ἰωάννην
3592 3805 3683 3859 τὸν
3713 3807 3826 3864 τοῦ

2243 3892 2390 3946 άὸσᾶ
2430 3893 2863 3964 Βαρσανουφίου,
2904 3895 2997 3949 καὶ
3040 3891 3226 3948 εἷπον·
3261 3913 3281 3947 ι
3315 3896 3579 3962 Δέσποτα,
3618 3898 3825 3971 ἐπειδὴ

2241 3983 2277 4052 ἡ
2320 3983 2509 4053 Γραφὴ
2551 3982 2699 4053 λέγει
2746 3984 2828 4037 ὄτι
2880 3984 2970 4039 διὰ
3016 3984 3231 4039 πολλῶν
3263 3985 3496 4055 θλίψεων
3530 3987 3613 4041 δεῖ
3657 3990 3833 4059 ἡμᾶς

2241 4074 2502 4127 εἰσελθεῖν
2530 4076 2610 4138 είς
2646 4075 2744 4146 τὴν
2776 4061 3053 4144 βασιλείαν
3075 4077 3187 4131 τῶν
3215 4077 3483 4150 οὐρανῶν,
3505 4078 3599 4134 καὶ
3623 4078 3822 4149 βλέπω

2238 4164 2324 4217 ὅτι
2345 4165 2463 4219 οὐδὲ
2497 4164 2628 4235 μίαν
2657 4164 2837 4236 θλίψιν
2866 4167 2997 4238 ἔχω,
3020 4168 3074 4220 τί
3102 4169 3300 4238 ὀφείλω
3332 4171 3578 4241 ποιῆσαι,
3608 4170 3823 4242 μήπως

2239 4256 2334 4308 καὶ
2362 4256 2581 4309 άπόλλω
2614 4258 2716 4327 τὴν
2741 4257 2921 4329 ψυχήν
2948 4275 3078 4329 μου,
3104 4260 3188 4312 ὅτι
3219 4259 3320 4314 οὐκ
3343 4256 3489 4330 εῐχον
3514 4260 3636 4313 οὐδὲ
3671 4262 3821 4329 μίαν

2238 4343 2417 4413 θλίψιν
2440 4346 2561 4398 οὐδὲ
2602 4346 2902 4423 μέριμναν;
2941 4366 2960 4399 ι
2998 4349 3064 4401 Ei
3103 4349 3163 4401 δὲ
3197 4352 3293 4403 καὶ
3333 4350 3536 4420 συνέση
3564 4350 3821 4421 pelle"

2238 4434 2517 4503 λογισμὸν,
2538 4435 2860 4506 «ἐλάμβανον
2894 4438 2957 4490 τὸ
2985 4439 3308 4505 πινακίδιον,
3339 4442 3437 4495 καὶ⁵
3465 4440 3698 4513 ἔγραφον
3724 4442 3822 4514 τῷ

2237 4524 2471 4594 γέροντι.
2504 4525 2604 4578 Διὰ
2651 4527 2997 4597 γραμμάτων
3044 4530 3157 4601 γὰρ
3210 4530 3442 4602 ἠρώτων
3497 4518 3600 4587 καί
3641 4533 3819 4589 αὐτὸν

2245 4614 2364 4684 πρδ.
2394 4614 2489 4668 τοῦ
2539 4632 2608 4685 με
2646 4617 2987 4689 ὑπηρετῆσαι
3018 4620 3188 4692 αὐτῷ,
3220 4624 3315 4678 καὶ
3347 4625 3477 4697 πρὶν
3497 4626 3815 4699 κληρώσω.

2244 4704 2473 4777 γράφων
2516 4707 2831 4780 ᾐσθανόμην
2871 4710 3140 4781 ὠφελείας
3181 4715 3279 4769 καὶ
3329 4718 3669 4789 κουφισμοῦέ
3713 4734 3818 4772 το-

2248 4792 2421 4863 σαύτη
2461 4790 2529 4866 ἦν
2560 4797 2596 4866 ἡ
2639 4798 2942 4869 άμεριμνία
2986 4805 3081 4857 καὶ
3118 4806 3153 4875 ἠ
3184 4806 3509 4871 ἀνάπαυσις.
3564 4807 3706 4876 Ἐγὼ
3746 4808 3817 4861 δὲ

584 4882 661 4950 μὴ
690 4879 843 4941 εἰδὼς
882 4876 981 4948 τὴν
1020 4871 1261 4967 δύναμιν
1315 4873 1413 4967 τῆς
1456 4876 1674 4967 ἀρετῆς,
1717 4878 1813 4931 καὶ
1848 4878 2064 4933 ἁκούων
2126 4881 2211 4935 ὅτι
2247 4883 2335 4938 διὰ
2384 4887 2591 4943 πολλῶν
2647 4889 2881 4959 θλίψεων
2931 4893 3012 4947 δεῖ
3061 4871 3211 4967 ἡμας
3260 4896 3521 4953 εἰσελθεῖν
3577 4871 3658 4960 et;
3700 4896 3817 4965 τὴν

587 4971 859 5044 βασιλείαν
905 4967 1014 5021 τῶν
1058 4962 1335 5035 οὐρανῶν.
1383 4964 1688 5039 ἐφοϐούμην
1724 4972 1809 5023 ὅτι
1834 4971 1934 5024 οὐκ
1969 4967 2114 5042 εἶχον
2151 4973 2346 5044 θλίψιν.
2381 4977 2467 5043 Ὠς
2487 4977 2580 5034 οὗν
2601 4980 2843 5051 ἐδήλωσα
2882 4983 2960 5057 τῷ
3011 4962 3247 5059 γέροντι,
3281 4989 3431 5058 δηλοῖ
3464 5003 3557 5060 μοι
3592 4962 3814 5051 οὕτως’

594 5064 822 5141 tamen
861 5062 1047 5132 θλιὸῇς
1065 5076 1079 5090 ο
1121 5061 1187 5113 σὺ
1220 5059 1321 5112 οὐκ
1362 5059 1504 5129 ἔχεις
1539 5068 1801 5135 πρᾶγμα·
1833 5065 1949 5120 ἀλλ’
1988 5066 2219 5133 ἕκαστος
2256 5069 2460 5140 βάλλων
2499 5073 2692 5128 ἑαυτὸν
2734 5077 2815 5140 είς
2853 5076 3099 5149 ὑπακοὴν
3141 5078 3419 5151 Πατέρων.
3448 5070 3668 5147 ταύτην
3704 5076 3816 5148 τὴν

588 5154 917 5226 ἀμεριμνίαν
944 5154 1039 5207 καὶ
1061 5152 1163 5223 τὴν
1202 5150 1507 5205 ἀνάπαυσιν
1545 5153 1676 5224 ἔχει.
1712 5176 1733 5207 ι

1122 5281 1472 5340 DOCTRINA
1538 5282 1603 5338 ll.

1152 5397 1231 5453 De
1268 5394 1587 5453 humilitate.

653 5472 696 5538 i.
733 5482 979 5539 Senioris
1004 5484 1164 5539 unius
1188 5501 1255 5539 ea
1279 5482 1557 5539 memoria:
1582 5482 1793 5552 prodita
1814 5496 1898 5542 est
1922 5498 2143 5545 senten-

586 5571 700 5626 tia:
738 5580 863 5625 ante
894 5570 1077 5624 omnia
1110 5572 1268 5626 nobis
1301 5586 1445 5642 opus
1465 5584 1589 5625 esse
1621 5569 1942 5640 humilitate,
1985 5577 2143 5635 dece-

589 5672 752 5727 reque
782 5676 881 5716 nos
901 5660 969 5718 ad
996 5660 1324 5716 audiendum
1350 5677 1472 5717 esse
1496 5675 1657 5731 quam
1687 5665 2139 5731 promptissimos,

591 5762 921 5819 quaecunque
951 5752 1278 5817 dicerentur,
1328 5753 1711 5807 admittentes:
1752 5754 1933 5807 omnia
1976 5757 2140 5810 etiam

592 5837 763 5895 hosne
811 5850 865 5898 et
910 5842 1203 5900 adversarii
1256 5846 1428 5901 nostri
1483 5846 1587 5901 tela
1639 5860 1735 5914 per
1785 5844 2141 5905 humilitatem

2761 5279 3173 5348 ΔιΔΑΣκΑΑιΑ
3209 5294 3265 5346 B'

2644 5404 2787 5472 Περί
2821 5406 3400 5476 ταπεινοφροσύνης.

2305 5489 2384 5541 Δ’.
2422 5484 2557 5547 Εἷπὲ
2579 5510 2663 5557 τις
2687 5495 2796 5562 ⁴τῶν
2821 5498 3115 5569 γερόντων,
3141 5496 3257 5568 Πρὸ
3293 5494 3493 5559 παντὸς
3534 5497 3813 5569 χρῄζομεν

2238 5581 2337 5651 τῆς
2367 5588 2885 5659 ταπεινοφροσύνης,
2908 5590 3115 5659 ἓτοιμοι
3137 5588 3293 5651 ὄντες
3318 5588 3378 5640 δν
3406 5593 3567 5644 παντὶ
3592 5591 3732 5663 λόγῳ
3758 5587 3814 5662 εἶ’

2236 5671 2542 5742 ἀκούωμεν,
2587 5677 2788 5747 λέγειν,
2818 5680 3199 5751 Συγχώρησον.
3233 5677 3331 5731 Διὰ
3352 5678 3462 5750 γὰρ
3485 5681 3583 5752 τῆς
3613 5700 3812 5738 rant-

2238 5766 2590 5837 νοφροσύνης,
2621 5772 2797 5825 πάντα
2820 5775 2890 5825 τὰ
2918 5773 3014 5824 τοῦ
3060 5769 3255 5841 ἐχθροῦ
3284 5770 3378 5823 καὶ
3420 5774 3808 5845 ἀντικειμένου

2237 5850 2622 5925 διαρθείρεται.
2678 5862 3012 5933 Ζητήσωμεν
3066 5858 3120 5913 τί
3151 5860 3304 5915 ἔστιν
3345 5862 3382 5933 ἠ
3428 5862 3659 5937 δύναμις
3701 5862 3807 5918 τοῦ
