4020 6340
106 399 160 456 ili

134 401 231 463 διδ
1200 354 1203 357 δ
1450 398 1658 460 DOCT]

1758 403 1832 461 t'A
1873 400 1955 463 ΙΙ.

3180 399 3312 465 1646

99 522 207 569 ext
261 512 578 581 Μακάριος;
616 511 828 575 Οὐδεὶς,
858 511 908 563 εἰ
959 508 1034 581 μὴ
1064 493 1338 575 Βασίλειος
1382 516 1475 565 καὶ
1508 514 1650 584 Γρη-

1758 528 2099 575 contemnere
2120 532 2184 572 ac
2217 516 2416 581 dicere,
2449 519 2721 573 neminem
2752 516 2985 586 alicujus
3012 518 3165 589 pretii
3197 536 3321 577 esse

98 606 290 674 γόριος.
326 621 345 654 ι
377 597 511 655 Εἶτα
548 600 685 669 μετὰ
717 598 912 670 μικρὸν
952 598 1156 669 ἤρξατο
1189 604 1283 653 καὶ
1316 600 1541 666 τούτους
1569 603 1656 655 εὑ-

95 696 337 759 τελίζειν,
370 694 562 761 λέγων·
604 710 623 743 ι
663 690 760 752 Τίς
796 692 914 744 ἐστι
954 690 1248 755 Βασίλειος,
1294 694 1388 746 καὶ
1413 694 1498 757 τίς
1541 695 1657 747 ἐστι

97 789 133 841 Γ
138 788 420 859 ρηγόριος;
472 784 681 848 Οὐδεὶς,
724 784 773 835 εί
826 782 901 853 μὴ
946 782 1157 846 Παῦλος
1198 784 1293 837 καὶ
1349 786 1574 856 Πέτρος.
1632 806 1652 839 ι

94 880 245 947 Λέγω
261 876 428 947 αὐτῷ,
465 875 692 939 Ὄντως,
722 875 917 946 άδελφὲ
937 915 952 939 ,
976 875 1071 929 καὶ
1098 876 1321 940 τούτους
1362 877 1474 948 ἔχει
1503 880 1657 945 ἐξου-

93 970 334 1024 δενῶσαι.
387 966 724 1023 Πιστεύσατὲ
780 983 891 1037 μοι,
941 967 1023 1019 ὅτι
1079 968 1198 1038 μετ’
1243 969 1422 1037 ὀλίγον
1466 967 1657 1041 καιρὸν

93 1062 289 1133 ἤρξατο
314 1059 510 1128 λέγειν,
551 1079 570 1112 ι
602 1059 698 1122 Τίς
722 1060 839 1111 ἐστι
867 1048 1074 1130 Πέτρος
1104 1060 1198 1114 καὶ
1222 1062 1309 1124 τίς
1340 1062 1455 1115 ἐστι
1502 1062 1651 1114 Παῦ-

92 1153 202 1215 ).og;
229 1149 436 1216 Οὐδεὶς,
464 1150 513 1201 εἰ
544 1149 620 1221 μὴ
648 1149 682 1219 ἡ
712 1142 840 1216 ἁγία
865 1148 1056 1220 Τριάς.
1091 1147 1280 1214 Οὕτως
1309 1149 1533 1223 ὕστερον
1561 1153 1656 1207 καὶ

92 1241 202 1296 κατ’
253 1239 419 1295 αὑτοῦ
473 1240 565 1294 τοῦ
626 1239 778 1293 Θεοῦ
813 1239 1275 1313 ὑπερηφανεὺθη,
1333 1245 1426 1295 καὶ
1480 1242 1654 1308 οὕτως

91 1332 294 1403 ἐξέστη.
350 1332 448 1386 Διὰ
491 1330 648 1385 τοῦτο
692 1330 978 1400 ὀφείλομεν
1010 1331 1394 1400 ἀγωνίζεσθαι,
1433 1333 1652 1405 ἀδελφοί

96 1443 214 1495 μου,
247 1426 388 1498 πρὸς
430 1423 529 1495 τὴν
572 1422 796 1494 πρώτην
830 1422 1225 1495 ὑπερηφανίαν,
1252 1425 1338 1478 ἵνα
1389 1425 1466 1495 μὴ
1513 1428 1655 1481 κατὰ

96 1517 280 1588 μικρὸν
310 1516 639 1585 ἐμπέσωμεν
674 1519 768 1568 καὶ⁵
808 1517 888 1580 εἰς
912 1516 1127 1569 τελείαν
1158 1517 1555 1586 ὑπερηφανίαν.

167 1608 243 1662 Ε¹.
279 1608 435 1660 Ἔστι
477 1606 535 1660 δὲ
567 1607 662 1660 καὶ
689 1594 937 1678 κοσμικὴ¹
958 1607 1326 1679 ὑπερηφανία,
1359 1610 1454 1662 καὶ
1490 1626 1654 1679 μονα-

94 1700 234 1767 χική.
284 1698 351 1750 Ἠ
381 1695 619 1767 κοσμικὴ
649 1697 997 1767 ὑπερηφανία
1022 1698 1189 1763 ἐστὶν,
1217 1697 1346 1750 ὅταν
1368 1715 1453 1761 τις
1482 1699 1653 1770 ὑπερ-

93 1788 414 1857 ηψνεὺεται
454 1788 595 1843 κατὰ
624 1787 719 1841 τοῦ
755 1787 1109 1857 ἀδελφοῦ,⁷ὠς
1156 1787 1574 1859 πλουσιώτερος,
1613 1786 1648 1860 ἢ

184 1879 583 1949 εὐμορφότερος
612 1878 805 1942 αὑτοῦ,
837 1880 871 1949 ἦ
896 1852 1002 1941 ’ὼς-
1035 1878 1215 1943 καλῶς
1262 1878 1443 1950 φορῶν
1466 1852 1655 1933 ’πλέον
1684 1852 1726 1910 Β

95 1972 272 2035 αὑτοῦ,
308 1970 341 2040 ἢ
384 1970 459 2033 ὡς
490 1970 866 2039 γενναιότερος
908 1969 1092 2022 αὑτοῦ.
1126 1969 1293 2023 Ὅταν
1320 1966 1414 2023 οὖν
1443 1969 1653 2038 βλὲπωο

98 2080 192 2133 μεν
214 2062 439 2124 ἑαυτοὺς
475 2058 885 2126 κενώοξοῦντας
914 2063 971 2114 ὲν
1004 2060 1237 2124 τούτοις,
1266 2061 1300 2129 ἢ
1334 2061 1421 2113 ὅτι
1450 2060 1511 2113 τὸ
1554 2078 1651 2131 μο-

94 2155 377 2224 ναστήριον
416 2152 572 2224 ἡμῶν
608 2153 813 2223 μεῖζον,
854 2151 886 2222 ἢ
931 2150 1324 2222 εὐπορώτερον,
1362 2150 1396 2222 ἢ
1426 2151 1507 2205 ὅτι
1535 2152 1654 2223 ἔχο-

98 2262 192 2315 μεν
221 2244 449 2307 πολλοὺς
479 2243 762 2311 ἀδελφοὺς,
791 2241 1076 2313 ὀφείλομεν
1111 2242 1307 2294 εἰδέναι
1330 2243 1430 2301 ,ὅτι
1470 2243 1654 2315 ἀκμήν

96 2340 257 2406 ἐσμεν
287 2337 349 2390 ὲν
374 2338 442 2406 τῇ
474 2338 711 2406 κοσμικῇ
742 2334 1298 2405 ὑπερηφανίᾳιἜστι
1334 2335 1391 2386 δὲ
1431 2336 1521 2388 ὅτε
1559 2336 1653 2388 καὶ

100 2435 177 2493 εἰς
219 2430 426 2499 φυσικά
456 2445 577 2482 τινα
612 2426 879 2494 κενοδοξεί
910 2444 1015 2490 τις.
1052 2422 1179 2479 Οἶὸν
1205 2443 1255 2477 τι
1285 2426 1455 2493 λέγω·
1488 2428 1653 2480 Κενο-

93 2523 232 2587 δοξεῖ
263 2538 345 2585 τις
398 2523 479 2575 ὅτι
512 2519 840 2588 καλλίφωνός
883 2522 1001 2572 ἐστι
1039 2519 1134 2572 xa‘t
1162 2517 1343 2579 καλῶς
1374 2517 1587 2585 ψάλλει,
1617 2518 1651 2587 ἢ

94 2616 173 2668 ὅτι
200 2616 348 2670 ἐστὶν
379 2613 624 2682 ἐπιεικὴς
671 2612 766 2665 καὶ
798 2609 1076 2680 καθαρίως
1134 2612 1416 2681 ὑπηρετεῖ.
1466 2609 1652 2663 Ταῦτα

97 2708 393 2776 σεμνότερα
425 2704 524 2773 μέν
553 2705 657 2755 εἰσι
681 2702 789 2755 τῶν
814 2702 1066 2773 πρώτωψ
1095 2704 1244 2773 ὅμως
1280 2704 1372 2756 καὶ
1398 2701 1535 2755 αὑτά
1555 2700 1655 2769 τῆς

95 2797 361 2868 κοσμικῆς
387 2793 787 2865 ὑπερηφανίας.
832 2793 896 2845 Ἦ
920 2791 980 2844 δὲ
1007 2793 1278 2863 μοναχικὴ
1310 2792 1655 2863 ὑπερηφανία

93 2890 259 2951 ἐστὶν,
288 2889 379 2941 ὅτε
402 2884 669 2951 κενοδοξεῖ
692 2900 798 2948 τις,
826 2884 901 2947 ὡς
924 2884 1238 2954 ἀγρυπνῶν,
1262 2882 1337 2947 ὡς
1359 2883 1653 2954 νηστεύων,

94 2982 163 3045 ὡς
194 2978 450 3049 εὐλαϐὴς,
480 2976 555 3040 ὡς
597 2974 889 3040 πολιτείας,
929 2974 1004 3037 ὼς
1050 2974 1353 3038 σπουδαῖος.
1397 2976 1553 3028 Ἐστι
1599 2974 1655 3026 δὲ

94 3077 179 3129 ὅτε
203 3072 300 3126 καὶ
327 3068 673 3125 ταπεινοῦται
702 3084 786 3126 τις
810 3065 899 3118 διὰ
924 3065 1102 3130 δόξαν.
1130 3065 1317 3119 Ταῦτα
1357 3066 1455 3137 τῆς
1495 3083 1658 3137 μονα-

1759 616 1953 677 pneter
2000 607 2321 662 Macarium.
2356 605 2420 662 Et
2448 608 2609 678 paulo
2648 617 2803 677 post:
2850 626 2869 659 ι
2900 607 3054 675 Quis,
3080 610 3176 671 ait,
3214 610 3322 665 Ma‘

1758 699 1981 756 carius?
2031 694 2223 754 Nullus
2243 709 2345 766 est,
2371 709 2571 770 praeter
2588 699 2844 754 Basilium
2856 709 2912 755 et
2928 699 3315 771 Gregorium.»

1760 792 1935 861 Atque
1971 792 2131 846 etiam
2166 808 2271 846 non
2304 793 2476 847 multo
2501 800 2623 862 post
2658 793 2757 847 hos
2782 808 2996 862 quoque
3029 796 3192 864 erepit
3221 811 3323 864 pa-

1756 884 1887 938 riter
1955 899 2230 952 spernere,
2263 892 2318 939 et
2359 885 2562 937 nullum
2617 884 2783 939 ullius
2827 885 3161 950 existimare,
3219 887 3323 941 nisi

1754 974 1976 1027 Petrum
2004 981 2059 1026 et
2081 971 2335 1027 Paulum.
2393 972 2493 1027 Cui
2516 987 2616 1043 ego
2638 973 2862 1041 praedixi
2918 974 3061 1043 quod
3117 976 3321 1037 evenit,

1754 1063 1873 1119 fore
1920 1074 1979 1119 ut
2038 1067 2138 1120 hos
2180 1080 2397 1135 quoque
2456 1075 2697 1135 tempore
2722 1076 3107 1122 contemneret.
3168 1066 3325 1133 Quod

1752 1171 1886 1211 sane
1932 1156 2133 1212 factum
2165 1165 2245 1211 est
2295 1175 2309 1210 :
2347 1172 2471 1211 nam
2498 1172 2592 1211 eos
2613 1156 2833 1227 sprevit,
2853 1164 2908 1212 et
2956 1158 3091 1213 nihil
3122 1172 3243 1213 esse
3268 1159 3323 1212 iu

1752 1249 1928 1318 pretio
1974 1246 2279 1304 habendum
2313 1258 2505 1317 prater
2530 1247 2847 1303 Trinitatem
2878 1264 3121 1305 asserere
3139 1248 3320 1320 cmpit.

1755 1340 2059 1412 Statimque
2088 1342 2142 1395 in
2182 1340 2350 1395 Deum
2386 1355 2604 1411 quoque
2634 1339 2808 1395 factus
2836 1341 3179 1405 insolentior,
3241 1343 3324 1400 in;

1751 1432 1967 1486 tumuit.
1996 1430 2160 1489 Nobis
2193 1432 2355 1502 igitur
2382 1431 2694 1486 luctandum
2721 1440 2806 1486 est
2832 1447 2954 1486 cum
2981 1432 3175 1501 prima,
3212 1432 3323 1488 fra-

1752 1533 1885 1587 tres,
1922 1539 1990 1578 ne
2019 1524 2278 1593 paulatim
2313 1522 2367 1577 in
2397 1523 2691 1579 secundam
2717 1524 2962 1577 labamur
2992 1525 3322 1592 superbiam.

1826 1610 1895 1669 ν.
1934 1614 2031 1670 Est
2060 1624 2239 1669 autem
2272 1610 2523 1683 superbia
2546 1614 2908 1679 monachalis,
2941 1626 2993 1669 et
3023 1616 3319 1670 saecularis.

1753 1702 2041 1758 Saecularis
2064 1712 2148 1758 est
2177 1720 2300 1758 cum
2334 1704 2457 1772 quis
2498 1703 2776 1759 insolescit
2806 1705 2857 1758 in
2890 1690 3106 1759 fratrem
3138 1719 3323 1768 suum,

1752 1804 1939 1865 utpote
1970 1796 2167 1858 ditior,
2210 1796 2512 1864 pulchrior,
2544 1795 2629 1849 vel
2663 1796 2909 1850 ornatior
2929 1835 2945 1859 ,
2981 1796 3063 1849 vel
3092 1797 3325 1850 nobilior

1752 1901 1838 1941 eo.
1863 1884 2001 1941 Cum
2030 1886 2194 1957 igitur
2224 1887 2498 1941 intuemur
2523 1887 2736 1955 aliquos
2764 1887 3050 1957 gloriosos,
3073 1887 3151 1942 vel
3178 1889 3323 1956 quod

1753 1992 1941 2032 eorum
1975 1980 2362 2034 monasterium
2394 1979 2569 2048 majus
2604 1978 2678 2034 sit
2704 1987 2759 2032 et
2789 1980 3034 2050 dignius,
3065 1981 3145 2034 vel
3179 1984 3323 2050 quod

1755 2069 2122 2125 abundantius
2150 2078 2206 2123 et
2236 2070 2420 2140 plures
2452 2070 2748 2125 monachus
2778 2073 3083 2129 continens.
3120 2072 3326 2126 noveri-

1754 2177 1878 2215 mus
1904 2160 2004 2214 hos
2040 2159 2291 2229 superbia
2322 2157 2571 2214 saeculari
2602 2147 2777 2213 adhuc
2809 2160 2999 2214 teneri.
3033 2161 3167 2215 Cum
3198 2161 3326 2235 item

1755 2254 1891 2308 alius
1924 2252 2067 2307 circa
2114 2262 2323 2307 natura:
2346 2251 2504 2308 dotes
2533 2251 2825 2323 gloriatur,
2858 2252 2937 2305 vel
2966 2254 3107 2321 quod
3139 2255 3328 2309 suavis

1754 2343 1826 2397 sit
1850 2341 2020 2401 vocis,
2041 2335 2188 2409 quod
2223 2340 2387 2409 probe
2418 2340 2627 2409 psallat,
2647 2341 2793 2409 quod
2816 2340 2985 2393 nitide
3009 2347 3062 2393 et
3102 2341 3328 2410 praecla-

1755 2448 1812 2487 re
1862 2431 2162 2497 ministret;
2196 2430 2570 2499 hujuscemodi
2604 2430 2846 2499 gloriola:
2899 2432 3162 2500 primatus
3200 2441 3329 2486 sunt

1754 2536 1808 2577 et
1849 2523 2105 2577 vanitatis
2147 2520 2449 2577 szecularis.
2499 2520 2801 2575 Monastica
2852 2532 3032 2575 autem
3076 2525 3329 2592 superbia

1754 2623 1868 2677 est,
1912 2630 2034 2667 cum
2081 2613 2503 2683 quis-gloriatur
2540 2618 2600 2664 ut
2632 2610 2996 2680 jejuniorum,
3034 2622 3092 2665 ut
3120 2613 3329 2683 vigilia-

1756 2720 1875 2759 rum
1907 2703 2458 2767 observantissimus,
2490 2711 2550 2755 ut
2579 2694 2929 2768 venerabilis,
2958 2712 3016 2755 ut
3043 2702 3239 2764 civilis,
3272 2713 3330 2756 ut

1756 2796 2077 2857 studiosius,
2122 2806 2328 2849 etcum
2363 2794 2484 2864 quis
2527 2795 2884 2864 adipiscendae
2927 2794 3109 2864 gloriae
3156 2795 3329 2865 gratia

1758 2886 2072 2940 ltutniliatur
2112 2906 2125 2941 :
2165 2887 2281 2941 haec
2323 2886 2390 2940 ad
2432 2886 2789 2940 monasticam
2823 2885 3130 2953 superbiam
3161 2885 3327 2953 perti-

1757 2985 1907 3032 nent.
1933 2976 2081 3031 Licet
2104 2984 2282 3031 autem
2306 2974 2375 3046 (si
2396 2976 2617 3030 omnino
2638 2974 3004 3045 gloriandum)
3028 2976 3328 3029 monastice

1759 3071 1940 3140 potius
1955 3085 2120 3139 quam
2145 3069 2419 3123 mundane
2444 3068 2685 3139 gloriari.
2716 3066 2959 3121 Diximus
2977 3067 3087 3136 jam
3113 3083 3233 3135 quae
3260 3068 3330 3121 sit

96 3164 251 3233 χικῆς
281 3157 658 3232 ὑπερηφανίας
687 3156 856 3209 ἐστίν.
902 3155 1207 3227 Ἐνδέχεται
1237 3158 1368 3227 ἡμῖν
1415 3158 1490 3226 μὴ
1520 3157 1656 3217 ὅλως

1760 3167 1937 3233 prima
1963 3161 2213 3232 superbia
2236 3200 2250 3224 ,
2279 3174 2467 3229 quaeve
2489 3159 2616 3212 item
2641 3157 2897 3219 secunda,
2921 3173 3043 3227 qua:
3063 3160 3328 3212 monasti-

97 3249 627 3323 ὑπερηφανεὺεσθαι’
661 3250 709 3301 εἰ
736 3246 814 3310 δὲ,
842 3246 945 3300 κᾶν
985 3248 1063 3309 εἰς
1096 3246 1167 3299 τὰ
1198 3246 1465 3317 μοναχικὰ
1492 3247 1658 3315 ὑπερ-

1761 3266 1823 3304 ca
1844 3290 1859 3313 ,
1888 3264 2010 3318 quae
2047 3248 2323 3302 saecularis
2354 3266 2366 3299 :
2415 3245 2685 3313 reliquum
2718 3252 2802 3298 est
2822 3284 2837 3308 ,
2872 3246 3092 3300 totidem
3121 3246 3330 3299 humili-

94 3342 481 3413 ηφανεύεσθαι,
512 3339 604 3392 καὶ
640 3337 714 3407 μὴ
744 3340 823 3399 εἰς
869 3336 938 3389 τὰ
972 3337 1229 3404 κοσμικά.
1272 3336 1401 3389 Ἰδοὺ
1431 3336 1656 3405 εῖπομεν

1763 3328 2108 3407 ιειιίεέθηθιοιι
2140 3348 2499 3407 opponamus.

96 3436 174 3498 τίς
196 3438 347 3487 ἐστιν
376 3434 411 3502 ἡ
442 3429 631 3501 πρώτη
667 3426 1036 3497 ὑπερηφανία,
1057 3426 1268 3509 καὶττίς
1339 3426 1488 3479 ἐστιν
1513 3427 1548 3495 ἡ
1603 3425 1850 3496 δευτέρα,
1881 3426 2079 3495 ὁμοίως
2136 3426 2377 3492 εῐπωμεν
2414 3423 2497 3485 τίς
2564 3422 2712 3473 ἐστιν
2750 3424 2784 3490 ἡ
2824 3422 3088 3491 κοσμικὴ,
3120 3424 3213 3474 καὶ
3245 3422 3327 3485 τίς

94 3534 206 3582 ἐστι
261 3529 524 3598 μοναχικὴ
574 3522 940 3595 ὑπερηφανία.
984 3517 1264 3591 Μάθωμεν
1329 3520 1516 3583 λοιπὸν
1580 3523 1728 3575 ποῖαί
1766 3525 1871 3575 εἰσι
1898 3520 1992 3575 καὶ
2013 3516 2182 3574 αίδὺο
2216 3517 2591 3578 ταπεινώσεις.

164 3625 256 3691 ς’.
291 3622 357 3676 Ἦ
400 3620 591 3692 πρώτη
624 3617 947 3678 ταπείνωσίς
977 3615 1116 3678 ἐστι,
1144 3615 1205 3667 τὸ
1233 3614 1376 3685 ἔχειν
1414 3615 1536 3668 τινὰ
1570 3614 1661 3667 τὸν

96 3714 323 3785 ἀδελφὸν
362 3711 529 3768 αὑτοῦ
578 3707 942 3778 συνετώτερον
985 3706 1201 3771 ἑαυτοῦ,
1234 3708 1328 3760 καὶ
1366 3709 1446 3771 εἰς
1484 3707 1660 3760 πάντα

98 3808 430 3877 ὑπερέχοντα
462 3800 678 3866 ἑαυτοῦ,
712 3799 808 3867 καὶ
854 3799 1063 3861 ἁπλῶς,
1091 3797 1167 3861 ὼς
1200 3793 1352 3851 εἶπεν
1387 3798 1595 3859 ἐκεῖνος
1631 3800 1661 3850 6

96 3900 268 3965 ἅγιος,
298 3897 361 3948 τὸ
392 3889 531 3947 εἶναι
560 3893 816 3949 ὑποκάτω
837 3892 1074 3943 πάντων.
1117 3889 1183 3943 Ἦ
1216 3889 1272 3942 δὲ
1296 3886 1523 3959 δευτέρα
1565 3906 1660 3941 τα-

97 3985 353 4048 πείνωσίς
384 3988 522 4048 ἐστι,
551 3982 611 4036 τὸ
632 3982 958 4050 ἐπιγράφειν
1001 3980 1080 4048 τῷ
1121 3980 1241 4047 Θεῷ
1269 3980 1339 4030 τά
1378 3978 1658 4047 κατορθώ-

99 4095 265 4148 ματα.
296 4075 445 4145 Αὕτη
479 4054 627 4127 ἐστὶν
662 4074 695 4142 ἠ
729 4070 913 4123 τελεία
941 4070 1292 4133 ταπείνωσις,
1324 4069 1435 4121 τῶν
1464 4070 1655 4137 ἁγίων.

96 4166 244 4235 Αὕτη
270 4168 307 4235 ἡ
334 4162 575 4234 φυσικῶν
611 4161 654 4192 ¹⁰
695 4158 952 4229 γινομένη
982 4158 1040 4210 ἐν
1068 4159 1131 4226 τῇ
1156 4156 1322 4226 ψυχῇ,
1349 4158 1414 4209 ὲκ
1444 4158 1541 4221 τῆς
1574 4158 1658 4208 ἐν-

96 4258 314 4329 εργείας
340 4255 448 4309 τῶν
475 4253 720 4307 ἐντολῶν.
747 4251 958 4320 ’Ὥσπερ
1009 4250 1114 4319 γὰρ
1163 4250 1231 4302 τὰ
1282 4248 1474 4317 δένδρα
1528 4248 1656 4301 ὅταν

98 4346 355 4418 βαστάζει
402 4343 611 4415 καρπὸν
659 4341 845 4402 πολὺν,
878 4339 1039 4402 αὐτὸς
1090 4340 1118 4391 6
1166 4337 1375 4408 καρπὸς
1414 4338 1655 4405 κάμπτει

96 4442 246 4495 κάτω
264 4440 393 4502 τοὺς
418 4436 663 4498 κλάδους,
690 4433 783 4487 καὶ
804 4432 1061 4500 κατασπᾷ
1086 4430 1301 4493 αὐτοὺς,
1330 4430 1358 4479 6
1380 4427 1437 4480 δὲ
1465 4427 1654 4491 κλάδος

92 4534 120 4583 6
150 4530 227 4602 μὴ
253 4499 540 4599 βαστάζων
567 4525 801 4596 καρπὸν,
834 4499 1062 4593 ὑψοῦται
1100 4524 1213 4575 ἄνω
1250 4520 1345 4574 καὶ
1373 4519 1658 4597 ἀνέρχεται
1694 4499 1736 4553 D

92 4622 272 4691 ὀρθόςο
296 4620 406 4671 eiet
432 4618 489 4670 δέ
508 4634 630 4683 ¹τινα
650 4616 758 4669 τῶν
783 4616 1033 4683 δένδρων,
1065 4614 1157 4666 καὶ
1181 4613 1266 4680 ἐφ’
1291 4614 1413 4664 ὅσον
1441 4613 1538 4682 μὲν
1566 4612 1661 4664 ἁν-

94 4714 315 4785 ἐρχεται
340 4711 369 4762 6
400 4708 591 4771 κλάδος
631 4705 812 4759 αὐτῶν
841 4705 971 4767 ἄνω,
1013 4703 1074 4755 οὑ
1118 4702 1377 4771 βαστάζει
1424 4702 1657 4771 καρπόν·

94 4805 187 4859 ἐὰν
226 4804 288 4857 δὲ
328 4801 467 4872 λάϐῃ
508 4815 593 4861 τις
638 4796 785 4849 λίθον
824 4797 918 4848 καὶ
963 4795 1213 4864 κρεμάσῃ
1261 4792 1423 4844 αὑτὸν
1467 4794 1546 4853 είς
1570 4791 1660 4844 τὸν

94 4894 308 4958 κλάδον,
336 4894 431 4947 καὶ
450 4888 775 4956 κατασπάσῃ
804 4884 961 4939 αὑτὸν
991 4884 1164 4947 κάτω,
1197 4881 1318 4933 τότε
1347 4884 1491 4932 ποιεῖ
1519 4898 1655 4951 καρ-

94 4989 207 5041 πόν·
242 4984 418 5046 οὕτως
451 4984 567 5036 ἐστὶ
590 4982 685 5034 καὶ
722 4978 941 5057 ἡψυχὴ·
977 4976 1105 5028 ὅταν
1134 4972 1505 5036 ταπεινοῦται,
1536 4973 1655 5025 τότε

92 5079 306 5152 καρπὸν
336 5077 513 5145 φέρει,
551 5074 646 5127 καὶ
680 5063 803 5152 ὃσᾲν
836 5072 981 5122 ποιεῖ
1010 5067 1243 5139 καρπὸν,
1275 5063 1528 5116 τοσοῦτον
1558 5083 1656 5119 τα-

94 5169 393 5224 πεινοῦται.
420 5165 529 5219 Καὶ
548 5165 673 5217 ὅσον
702 5155 809 5233 γάρ
835 5160 1142 5228 ἐγγίζουσιν
1167 5158 1216 5210 oi
1247 5155 1390 5223 ἅγιοι
1418 5156 1497 5226 τῷ
1517 5157 1657 5228 Θεῷ,

91 5259 349 5313 τοσοῦτον
384 5241 669 5328 βλέπουσιν
695 5254 920 5315 ἑαυτοὺς
955 5247 1328 5319 ἁμαρτωλούς.
1358 5247 1659 5318 Μέμνημαι

91 5349 171 5401 ὅτι
198 5346 501 5419 ἐλαλοῦμεν
533 5360 659 5398 ποτε
692 5344 822 5415 περὶ
864 5339 1262 5401 ταπεινώσεως,
1300 5340 1407 5401 καί,
1424 5356 1506 5403 τις
1548 5340 1658 5393 τῶν

92 5424 567 5512 λαμπρῶνἸ¹άζης
605 5435 817 5490 ἁκοὺων
844 5434 1003 5506 ἡμῶν
1046 5431 1311 5499 λεγόντων
1340 5431 1499 5485 τοῦτο
1519 5474 1534 5498 ,
1571 5436 1653 5487 ὅτι

92 5533 217 5589 ὅσον
245 5531 458 5600 ιγγίζει
506 5547 588 5595 τις
638 5526 716 5597 τῷ
765 5526 904 5597 Θεῷ,
943 5522 1195 5579 τοσοῦτον
1245 5521 1425 5591 βλέπει
1453 5524 1648 5578 ἑαυτὸν

1839 3614 1923 3667 Vl.
1983 3614 2157 3667 Prima
2190 3613 2351 3680 igitur
2383 3608 2662 3664 humilitas
2693 3617 2797 3672 est,
2831 3608 2876 3662 si
2920 3606 3138 3661 fratrem
3174 3618 3325 3660 tuum

1765 3708 2045 3761 existimes
2083 3721 2203 3759 esse
2248 3713 2301 3757 te
2341 3704 2777 3772 prudentiorem.
2822 3710 2876 3756 et
2917 3700 2971 3753 in
3018 3700 3228 3754 cunctis
3280 3710 3332 3752 te

1765 3801 1969 3855 anteire
2002 3818 2013 3852 :
2051 3808 2104 3850 et
2124 3840 2138 3862 ,
2168 3808 2227 3852 ut
2254 3798 2339 3850 vir
2370 3788 2715 3863 illegsanctus
2738 3793 2949 3856 aiebat,
2987 3792 3063 3847 sis
3086 3792 3332 3845 omnium

1767 3887 2186 3957 abiectissimus.
2229 3880 2781 3938 Secunda‘liumilitas
2809 3893 2913 3945 est,
2951 3880 3155 3949 quaevis
3184 3864 3339 3933 recta

1764 3997 1927 4051 opera
1976 3978 2087 4033 Deo
2136 3978 2409 4033 ascribere
2457 3994 2469 4029 :
2502 3980 2559 4027 et
2595 3979 2706 4026 haec
2744 3970 2976 4040 perfecta
3016 3978 3327 4023 sanctorum

1768 4072 2079 4131 humilitas,
2114 4067 2244 4133 Quae
2290 4066 2506 4135 quidem
2552 4062 2815 4115 naturalis
2869 4061 2920 4112 iu
2948 4060 3126 4111 anima
3176 4058 3236 4110 ﬁt
3276 4070 3331 4111 et

1763 4168 2049 4232 generatur
2071 4173 2134 4211 ex
2160 4156 2501 4211 observantia
2538 4152 2914 4206 mandatorum
2945 4148 3054 4201 Dei.
3088 4146 3157 4201 Ut
3185 4147 3331 4202 enim

1762 4253 1984 4306 arbores
2012 4265 2134 4303 cum
2172 4246 2552 4302 multo‘iructu
2581 4252 2791 4297 onustae
2820 4240 3041 4302 fuerint,
3072 4240 3331 4295 inclinant

1763 4360 1945 4397 ramos
1976 4352 2029 4396 et
2064 4359 2160 4397 eos
2197 4342 2519 4411 plerumque
2555 4337 2854 4408 frangunt:
2889 4333 2979 4403 qui
3018 4344 3199 4389 autem
3238 4349 3331 4388 ra-

1762 4452 1885 4490 mus
1939 4435 2144 4488 nullum
2165 4433 2347 4493 habet
2394 4432 2668 4491 fructum,
2719 4422 2981 4480 attollitur
3021 4426 3073 4479 in
3122 4428 3328 4486 altum,

1760 4538 1814 4583 et
1842 4538 2021 4583 rectus
2044 4526 2280 4597 assurgit
2315 4542 2329 4578 :
2386 4524 2430 4578 si
2462 4532 2640 4576 autem
2676 4518 2813 4587 lapis
2843 4518 3179 4589 appendatur
3202 4559 3217 4582 ,
3249 4517 3330 4569 in-

1759 4621 2102 4688 clineturque
2141 4632 2210 4672 ne
2248 4625 2428 4671 rectus
2466 4622 2716 4681 assurgat
2744 4652 2759 4675 ,
2794 4611 2938 4667 illico
2968 4625 3122 4680 poma
3149 4608 3326 4677 parit:

1760 4711 1839 4764 sic
1871 4710 2049 4763 anima
2089 4715 2273 4762 nostra
2313 4705 2358 4759 si
2387 4704 2719 4765 liumilietnr,
2749 4704 2930 4758 statim
2962 4694 3327 4758 l‘ructus‘edit,

1760 4811 2075 4871 quantoque
2096 4798 2276 4868 plures
2308 4794 2513 4849 fructus
2540 4780 2801 4859 attulerit,
2833 4800 2983 4845 tanto
3015 4789 3186 4857 magis
3225 4786 3329 4840 ltu-

1762 4896 2019 4949 ntiliatur.
2053 4889 2185 4944 Nam
2214 4888 2316 4941 viri
2358 4886 2531 4941 sancti
2562 4894 2774 4956 quanto
2810 4884 2878 4937 ad
2910 4880 3078 4934 Deum
3106 4878 3330 4948 propius

1760 4984 2129 5049 accesserint,
2159 4988 2311 5035 tanto
2350 4990 2409 5033 se
2441 4979 2740 5049 iniquiores
2766 4980 3083 5045 agnoscunt.
3110 4968 3330 5024 Memini

1755 5085 1960 5135 autem,
1983 5087 2108 5127 cum
2136 5071 2481 5139 loqueremur
2512 5066 2799 5139 aliquando
2828 5064 2893 5118 de
2922 5062 3245 5123 humilitate,
3275 5072 3329 5117 et

1769 5163 1988 5233 quidam
2043 5175 2110 5215 ex
2156 5158 2315 5213 Gaza:
2379 5159 2708 5228 principibus
2764 5166 2865 5207 nos
2922 5151 3132 5205 audiret
3183 5151 3329 5205 istud

1769 5257 1944 5323 ipsum
1974 5259 2309 5315 asserentes,
2346 5250 2689 5320 obstupuisse
2727 5259 2849 5299 eum
2884 5250 3046 5313 atque
3075 5242 3282 5298 dixisse
3311 5282 3329 5306 ,

1767 5346 1871 5399 hoc
1893 5342 2168 5413 quomodo
2213 5344 2329 5397 lieri
2370 5346 2591 5414 posset,
2627 5339 2880 5408 ignorare
2925 5351 3079 5403 sese;
3123 5334 3329 5391 discere

1761 5444 1941 5489 autem
1962 5433 2114 5487 velle.
2134 5431 2234 5487 Cui
2258 5448 2358 5502 ego
2377 5428 2624 5499 respondi
2650 5445 2665 5481 :
2694 5445 2713 5477 ι
2740 5425 2857 5491 Dic,
2880 5426 3124 5493 obsecro,
3149 5422 3326 5477 domi-

1756 5540 1842 5589 ne,
1857 5522 1939 5576 vir
1954 5521 2230 5593 primarie,
2248 5538 2407 5593 quem
2427 5531 2477 5575 te
2494 5519 2556 5573 Ita
2565 5519 2658 5573 bes
2684 5516 2826 5573 inter
2848 5518 3100 5573 concives
3124 5509 3281 5565 tuos?
3302 5527 3322 5560 ›

1373 5682 1606 5742 vanus
1649 5680 2057 5761 LEVCTIONES.

165 5806 214 5839 "
235 5801 505 5858 ὑνσικῶν.
535 5800 841 5876 Legendum
867 5799 1029 5869 forte,
1054 5796 1321 5874 φυσικῶμ

1312 5874 1343 5892 εὖ
