4020 6340
133 514 266 577 1619

1492 528 1871 590 DOCTRINA
1927 533 2008 592 II.

3183 611 3188 615 «
3237 550 3371 615 1650

123 632 306 698 γέρων
337 629 415 698 μὴ
440 632 711 700 εὑρίσκων
739 635 854 697 πῶς
874 641 1218 706 παραστῆσαι
1246 642 1394 710 αὑτῷ
1419 643 1482 695 τὸ
1511 646 1691 715 πρᾶγ-

1797 645 1878 700 sie
1917 662 2032 702 rem
2074 651 2231 705 scito.
2265 671 2287 705 ι
2336 651 2590 722 Sophista
2633 672 2760 711 vero
2794 660 2966 726 nmgis
3003 658 3369 729 renitebatur,

123 736 223 786 μα,
257 717 458 788 ἠρξατο
490 718 669 787 λέγειν
719 723 990 794 peti-ti};
1024 727 1185 794 ἁγίας
1230 730 1546 800 ,ἁπλότητος
1593 733 1695 785 αὑο

119 812 236 861 τοῦ·
283 827 303 861 ι
332 810 422 878 Μὴ
448 809 778 883 διαστρέψῃς
833 833 927 885 με,
980 818 1092 890 ἐγὼ
1121 822 1258 885 τέως
1292 821 1469 888 οὕτως
1513 825 1640 895 ἔχω.
1671 846 1690 877 ι

130 902 222 964 Ὠς
259 897 352 955 οὖν
382 899 531 956 εἶδον·
557 904 790 972 ἐγὼπτὸν
821 909 1053 979 γέροντα
1083 912 1392 983 ἀποροῦντα
1416 917 1534 981 πιῖις
1563 920 1696 972 ἀπο-

121 995 312 1066 κριθῇ,
340 994 487 1066 λέγω
523 999 694 1070 αὑτῷ·
728 1020 747 1052 ι
768 997 914 1074 Ἀρά
947 1007 1024 1074 μὴ
1047 1005 1208 1060 τοῦτὸ
1244 1009 1413 1075 ἐστιν,
1442 1010 1634 1083 ῶσπερ
1662 1015 1698 1084 ὴ

123 1089 416 1157 σοφιστικὴ
457 1091 552 1143 καὶ
586 1092 837 1164 inpiati};
872 1096 1003 1148 ὅταν
1033 1098 1215 1164 καλῶς
1237 1100 1500 1170 μανθάνει
1527 1104 1700 1176 αὑτήν

121 1195 208 1240 τις
241 1180 335 1232 καὶ
355 1187 588 1251 πράττει
620 1185 813 1255 αὑτήν⁶
848 1189 990 1242 κατὰ
1025 1192 1221 1263 μικρὸν
1239 1195 1305 1248 ἐκ
1328 1195 1424 1248 τοῦ
1454 1197 1698 1267 ἐνεργεῖν

123 1271 320 1341 αὑτὴν,
345 1273 556 1339 γίνεταί
581 1293 664 1339 τις
701 1277 816 1341 ἐξις
841 1279 921 1350 τῷ
957 1282 1125 1353 ἰατρῷ
1150 1285 1185 1356 ἢ
1214 1286 1294 1356 τῷ
1320 1292 1570 1360 σοφιστῇ·
1603 1293 1699 1344 καὶ

121 1361 182 1410 οὐ
218 1360 445 1414 δύναται
473 1364 650 1416 εἰπεῖν
678 1366 798 1419 οὐδὲ
842 1363 951 1421 ait};
991 1371 1200 1441 φράσαι
1240 1374 1358 1438 πῶς
1391 1378 1608 1443 ἐγένετο
1637 1380 1697 1432 ἐν

123 1450 236 1514 ἕξει
275 1452 370 1505 τοῦ
411 1455 758 1523 πράγματος·
792 1460 935 1513 κατὰ
976 1465 1191 1534 μικρὸν,
1225 1464 1302 1527 ὡς
1328 1462 1498 1533 εἷπον,
1538 1469 1700 1524 ἀνεπ-

123 1542 404 1611 αισθήτως
429 1544 797 1614 προσελάϐετο
837 1551 1009 1623 αὑτήν
1050 1555 1083 1624 ἠ
1116 1554 1281 1627 ψυχὴ,
1315 1559 1381 1610 ἐκ
1422 1576 1517 1614 τοι.
1545 1564 1698 1633 ἐνερ-

125 1637 245 1701 γείν
279 1637 379 1700 τὴν
405 1637 620 1708 τέχνην.
653 1640 841 1706 Οῦτως
859 1643 1009 1698 ἔστιν
1026 1648 1208 1716 εὑρεῖν
1238 1650 1331 1702 καὶ
1357 1652 1449 1705 ἐπὶ
1476 1652 1576 1724 τῆς
1601 1672 1699 1709 ταο

126 1727 460 1792 πεινώσεως,
494 1730 574 1783 ὅτι
604 1733 668 1784 ἐκ
700 1733 802 1803 τῆς
835 1735 1114 1807 ἐνεργείας
1150 1739 1260 1793 τῶν
1291 1743 1520 1800 ἐντολῶν
1555 1747 1698 1814 γίνε-

125 1820 214 1872 ταί
251 1837 338 1882 τις
368 1819 482 1884 ἕξις
511 1823 760 1893 ταπεινὴ,
810 1825 908 1878 καὶ
959 1829 1024 1880 οὑ
1063 1828 1284 1886 δύναται
1339 1835 1484 1908 λόγῳ
1526 1839 1697 1910 ῥηθῆ-

124 1929 232 1965 ναι.
274 1930 293 1962 ι
333 1913 421 1976 Ὠς
467 1910 560 1967 οῦν
611 1916 844 1990 ᾕκουσεν
894 1918 924 1970 ὁ
976 1921 1152 1986 άϐϐᾶς
1202 1925 1460 1995 Ζωσιμᾶς
1513 1931 1697 1999 τοῦτο,

125 2004 323 2074 ἐχάρη,
375 2011 469 2059 καὶ
518 2008 719 2071 εὑθέως
769 2011 1060 2080 περιέλαϐέ
1110 2031 1202 2084 με,
1263 1992 1361 2071 καί
1398 2020 1548 2088 λέγει
1579 1992 1694 2093 pm:
1727 1992 1771 2047 Β

134 2118 149 2143 ι
178 2089 356 2164 Εὗρες
379 2099 439 2184 τᾷ
461 2102 710 2170 πρᾶγμα,
740 2100 914 2166 οὕτως
941 2104 1093 2157 ἐστὶν
1120 2107 1198 2172 ὼς
1224 2106 1396 2174 εἶπες.
1423 2131 1445 2164 ι
1479 2089 1696 2185 Ἐοεραο

127 2186 301 2258 πεύθη
330 2188 387 2240 δὲ
411 2191 504 2242 καὶ
529 2191 558 2242 ὁ
590 2193 847 2264 σοφιστὴς
873 2195 1135 2265 ἀκούσας,
1160 2201 1256 2254 καὶ
1284 2203 1580 2273 ὑπεδέξατο
1598 2209 1696 2265 καὶ

124 2277 290 2340 αὐτὸς
312 2280 405 2332 τὸν
430 2280 604 2348 λόγον.

125 2369 390 2424 rationem
423 2371 676 2429 invenisti
709 2391 723 2426 :
765 2376 847 2432 sic
887 2378 1049 2435 habet
1081 2392 1143 2437 ut
1169 2384 1375 2441 dixisti.

63 2521 66 2524 λ
121 2478 231 2529 que
261 2465 479 2519 admisit
508 2477 563 2522 et
591 2469 742 2538 abiit.

195 2555 281 2606 H'.
312 2552 476 2610 Εῐπον
496 2559 603 2629 γάρ
629 2561 724 2613 καὶ
749 2564 798 2614 oI
821 2565 1074 2634 γέροντές
1096 2575 1220 2622 τινα
1241 2573 1525 2640 ποιοῦντας
1552 2581 1700 2650 ἡμᾶς

121 2649 321 2716 νοῆσαι
342 2650 443 2719 τὴν
467 2651 817 2706 ταπείνωσιν·
846 2657 1019 2725 αὐτὴν
1047 2660 1409 2735 ἐγγινομένην
1432 2649 1696 2740 διάθεσιν,

120 2739 200 2800 ὡς
234 2739 405 2802 ἔστιν,
437 2740 613 2802 οὐδεὶς
645 2735 803 2811 εὗρεν
839 2747 1034 2800 εἰπεῖν.
1077 2750 1231 2805 Ἐπεὶ
1259 2755 1288 2806 6
1322 2756 1497 2822 ἀϐϐἄς
1533 2735 1698 2831 ’Δγάέ

122 2830 257 2890 ϐων,
296 2831 385 2882 ὅτε
425 2830 618 2899 ἔμελλε
665 2834 946 2908 τελευτᾷν,
979 2833 1134 2892 εἷπον
1178 2844 1328 2915 αὐτῷ
1368 2848 1418 2900 οἱ
1451 2830 1694 2922 ἀδελφοί·

127 2940 148 2972 ι
180 2922 290 2974 Καὶ
314 2924 378 2976 σὺ
414 2924 574 2996 φοϐῇ,
604 2927 820 2997 Πάτερ;
850 2948 870 2980 ι
902 2927 1058 2985 Eirrs'
1091 2951 1111 2983 ι
1147 2936 1296 3002 Τέως
1328 2940 1561 3012 ἐποίησα
1591 2945 1693 3017 τὴν

119 3013 355 3084 δύναμίν
405 3034 509 3087 μου
558 3020 788 3087 φυλάξαι
836 3021 935 3086 τὰς
978 3024 1223 3092 ἐντολάςο
1257 3031 1374 3084 ἀλλ’
1405 3013 1694 3105 άνθρωπϐς

121 3108 263 3174 εἰμι.
311 3108 483 3162 Ποθεν
526 3107 645 3165 οἶδα
691 3114 742 3165 ει
773 3114 834 3166 τὸ
863 3115 1025 3185 ἔργον
1066 3134 1168 3188 μου
1212 3121 1378 3192 ἧρεσε
1416 3124 1494 3195 τῷ
1527 3127 1689 3198 θειῖιῖ
1725 3125 1751 3138 “

123 3195 256 3248 ἄλλο
288 3198 397 3268 γάρ
426 3201 542 3253 ἐστι
563 3204 624 3253 τὸ
656 3205 832 3273 κρῖμα
858 3203 954 3257 τοῦ
993 3205 1153 3271 Θεοῦ,
1190 3212 1289 3264 καὶ
1315 3213 1446 3267 ἄλλο
1479 3216 1544 3269 τὸ
1578 3195 1691 3272 τῶν

1798 739 1985 795 volens
2005 741 2232 811 hujusce
2259 744 2630 801 mirationem
2657 763 2688 802 a
2715 764 2844 803 sene
2861 761 3203 821 extorquere.
3233 774 3252 804 ι
3285 756 3376 810 Sc-

1799 845 1902 884 nex
1929 841 2134 900 autem,
2166 835 2303 889 nihil
2331 836 2614 893 inveniens
2636 855 2749 909 quo
2769 857 2883 895 rem
2907 850 3045 897 hanc
3080 845 3155 896 illi
3188 846 3372 900 decla-

1797 930 1942 976 raret
1962 963 1980 988 ,
2009 926 2176 994 carpit
2211 926 2398 984 dicere
2430 944 2556 983 cum
2595 939 2781 984 sancta
2815 934 3194 1003 simplicitate:
3246 956 3266 988 ι
3298 937 3375 992 Ne

1797 1013 2036 1069 divertas
2059 1030 2148 1070 me
2165 1017 2632 1085 sophismatibus;
2661 1035 2761 1085 ego
2790 1037 2876 1076 me
2902 1024 2982 1079 sic
3016 1025 3207 1080 habeo.
3240 1047 3257 1076 ι
3304 1025 3376 1081 Ut

1798 1115 1979 1160 autem
2001 1121 2105 1178 ego
2128 1123 2313 1163 senem
2341 1111 2451 1166 vidi
2477 1111 2815 1169 dubitantem
2837 1117 2968 1184 quid
2996 1123 3369 1188 responderet,

1797 1197 2053 1270 proripui
2080 1213 2388 1256 sermonem
2414 1216 2472 1259 et
2497 1205 2610 1260 dixi
2647 1226 2661 1261 :
2700 1228 2719 1258 ι
2750 1206 2861 1262 Iloc
2896 1224 2998 1279 ego
3031 1225 3157 1265 reor
3187 1213 3372 1284 utique

1797 1305 1858 1345 se
1891 1291 2093 1346 habere
2117 1333 2134 1355 ,
2179 1295 2637 1364 quemadmodum
2667 1299 2962 1368 sophistica
2989 1311 3044 1355 et
3071 1305 3368 1358 medicina-

1798 1384 1865 1440 lis
1889 1402 1904 1438 :
1938 1400 2080 1454 quas
2099 1393 2245 1441 artes
2270 1403 2393 1441 cum
2423 1388 2694 1460 quispiam
2723 1393 2926 1460 optime
2949 1394 3199 1450 calluerit
3223 1406 3279 1450 et
3301 1397 3369 1450 ad

1796 1485 1977 1531 actum
2009 1478 2339 1545 perduxerit,
2367 1483 2574 1536 sensim
2602 1482 2944 1553 frequentata
2970 1496 3094 1542 actu
3126 1489 3366 1556 ipsarum

1797 1566 1858 1620 lit
1902 1565 2118 1622 habitus
2152 1559 2213 1623 et
2241 1568 2451 1624 medico
2483 1581 2537 1626 et
2579 1574 2858 1642 suphistae.
2892 1574 2957 1630 Ili
2997 1587 3180 1632 autem
3219 1588 3367 1648 post-

1799 1659 2020 1714 modum
2043 1659 2242 1715 docere
2277 1674 2556 1733 nequeunt
2585 1680 2686 1720 nec
2713 1676 2944 1733 norunt,
2977 1685 3085 1738 quo
3116 1679 3274 1739 pacto
3300 1673 3369 1726 ad

1798 1766 1986 1805 earum
2005 1751 2416 1821 disciplinarum
2447 1755 2691 1811 habitum
2729 1763 3093 1829 pervenerint.
3131 1762 3222 1819 Sic
3245 1750 3365 1818 ani-

1800 1858 1886 1896 ma
1920 1844 2018 1911 (ut
2040 1842 2189 1913 dixi)
2222 1845 2426 1900 sensim
2457 1847 2578 1901 sine
2616 1864 2783 1904 sensu
2814 1851 3129 1922 disciplinas
3163 1857 3261 1909 has
3299 1873 3369 1911 ex

1799 1935 1962 2006 387
1996 1937 2208 1990 actione
2239 1939 2505 2008 concepit.
2532 1939 2676 1995 Idem
2709 1941 2896 1999 dicere
2924 1954 3008 2000 est
3049 1948 3118 2001 de
3149 1947 3370 2002 humili-

1800 2036 1942 2093 tate,
1970 2028 2117 2098 quod
2142 2029 2348 2084 scilicet
2377 2046 2442 2084 ex
2486 2032 2676 2087 crebra
2726 2037 3038 2103 operatione
3086 2038 3367 2092 mandato-

1797 2137 1918 2176 rum
1958 2119 2053 2176 Dei
2083 2121 2178 2176 ﬁat
2203 2123 2415 2178 habitus
2441 2125 2658 2193 quidam
2689 2126 3014 2184 humilitatis
3053 2130 3107 2183 in
3141 2132 3322 2186 anima
3348 2175 3364 2196 ,

1799 2215 1893 2283 qui
1927 2229 2035 2268 non
2076 2215 2248 2283 possit
2274 2215 2533 2284 explicari
2564 2233 2836 2275 sermone.
2867 2239 2886 2271 ι
2924 2220 3048 2275 llaec
3076 2232 3134 2276 ut
3161 2223 3370 2279 audivit

1799 2309 1969 2365 abbas
1992 2307 2264 2374 Zosimas,
2294 2310 2452 2364 lzetus
2470 2311 2538 2364 ad
2563 2328 2651 2367 me
2670 2329 2965 2370 conversus
2987 2318 3063 2369 ait
3091 2332 3104 2368 :
3143 2333 3163 2366 ι
3194 2312 3371 2370 Probe

1406 2409 1427 2440 ι
1462 2389 1538 2447 Ita
1575 2395 1831 2457 liberatus
1860 2403 2104 2473 sophista
2170 2403 2427 2472 scrupulo
2455 2420 2582 2459 cum
2643 2405 2759 2460 haec
2819 2406 3080 2470 audisset,
3108 2424 3368 2478 quaecun-

1872 2580 2008 2638 Vlll.
2041 2580 2300 2637 Dixerunt
2337 2592 2518 2638 autem
2547 2583 2780 2653 majores
2807 2585 2980 2655 nostri
3003 2626 3020 2652 ,
3058 2602 3160 2642 nos
3188 2588 3242 2642 in
3277 2588 3369 2644 his

1799 2688 1922 2742 qua;
1949 2673 2162 2742 agimus
2205 2671 2517 2751 {actitandis
2539 2689 2699 2742 posse
2719 2674 3078 2730 humilitatem
3106 2677 3248 2732 hanc
3281 2678 3368 2733 in-

1797 2764 2074 2832 telligere;
2109 2760 2280 2829 ipsam
2311 2775 2442 2815 vero
2467 2760 2881 2831 dispositionem
2915 2767 2992 2819 uti
3021 2777 3105 2821 est
3133 2779 3260 2820 cum
3308 2766 3368 2821 in

1798 2854 1957 2908 nobis
2001 2851 2142 2906 facta
2181 2861 2266 2906 est
2291 2891 2307 2914 ,
2349 2867 2508 2920 posse
2540 2854 2811 2908 neminem
2851 2854 3052 2909 dicere.
3100 2855 3366 2923 Achatem

1796 2943 2156 3014 Agathonem,
2177 2955 2300 2994 cum
2320 2951 2463 2996 esset
2488 2942 2801 3004 moriturus.
2832 2943 3236 3015 interrogarunt
3258 2945 3368 3000 fra-

1796 3044 1910 3089 tres
1947 3033 2404 3098 circumstantes,
2433 3048 2503 3086 an
2537 3033 2767 3088 timeret.
2809 3035 3023 3101 Quibus
3061 3038 3362 3107 respondit,

1796 3124 2062 3180 hactenus
2091 3124 2403 3179 elaborasse
2435 3139 2496 3180 se
2533 3140 2631 3195 pro
2660 3126 2867 3182 viribus
2894 3168 2909 3188 .
2952 3140 3012 3183 ut
3042 3130 3133 3184 Dei
3167 3145 3367 3200 prace-

1795 3224 1884 3283 pta
1921 3214 2236 3268 observaret
2264 3223 2320 3269 et
2346 3213 2569 3270 faceret.
2614 3216 2754 3272 Cum
2784 3228 2962 3273 tamen
2997 3222 3162 3274 homo
3187 3231 3364 3285 esset,

122 3285 452 3355 ἀνθρώπων.
494 3310 515 3342 ι
562 3292 692 3355 Ἰδοίρ
733 3293 1080 3364 ὼμμάτωσεν
1124 3303 1275 3382 ήμᾷς
1305 3306 1387 3368 εἰς
1413 3307 1691 3378 τδνοῆσαι

1797 3304 2044 3373 ignorare
2074 3318 2166 3368 se,
2195 3319 2264 3357 an
2304 3303 2416 3360 Deo
2441 3316 2593 3376 grata
2623 3306 2854 3362 fuissent
2879 3324 3043 3378 opera
3072 3326 3204 3375 sua;
3239 3327 3365 3365 cum

123 3378 320 3448 αὐτὴν,
346 3380 440 3438 καὶ
475 3381 674 3436 ἔδωκεν
707 3385 839 3454 ἡμῖν
862 3387 978 3440 ὁδὸν
1017 3392 1097 3452 εἰς
1142 3392 1203 3445 τὸ
1230 3378 1560 3452 καταλαϐεῖν
1591 3402 1693 3454 αὑ-

122 3473 247 3540 τήν.
283 3472 404 3536 Πῶς
424 3473 482 3525 δὲ
511 3475 718 3542 γίνεται
740 3480 806 3549 τῇ
829 3478 994 3551 ψυχῇ,
1025 3481 1208 3548 καθὼς
1233 3488 1494 3554 πολλάκις
1515 3489 1695 3563 εἷπον,

121 3563 305 3626 οὐδεὶς
333 3560 488 3644 εὗρεν
507 3569 701 3634 εἰπεῖν,
732 3571 851 3658 οὑᾷ
878 3569 1118 3658 ἠδυνηϐή
1156 3578 1299 3650 λόγῳ
1347 3560 1696 3652 καταλαϐεῖν,

120 3661 175 3711 εἰ
209 3661 348 3730 μήτε
385 3663 420 3731 ἡ
457 3663 604 3734 ψυχὴ
633 3659 668 3739 ᾗ
711 3652 1004 3731 ἀξιωθεῖσα
1034 3655 1145 3726 ἀπὸ
1170 3673 1348 3745 ἔργων
1380 3674 1573 3747 μαθεῖν
1601 3681 1697 3734 αὑ-
1735 3717 1738 3721 η

121 3753 249 3821 τήν.
283 3754 348 3806 Τί
383 3754 441 3808 δέ
483 3757 600 3809 ἐστι
627 3757 688 3810 τὸ
718 3759 882 3830 φέρον
928 3751 1122 3834 αὐτὴν,
1151 3761 1306 3819 εἷπον
1355 3771 1407 3820 οἱ
1457 3769 1691 3840 Πάτρες.

122 3845 294 3910 Λέγει
335 3847 444 3914 γάρ
485 3850 545 3900 ἐν
579 3849 660 3918 τῷ
681 3845 1004 3933 γεροντικῶ,
1037 3855 1118 3908 ὅτι
1150 3857 1436 3928 ἠρώτησεν
1469 3861 1700 3932 ἀδελφὸς

123 3936 378 4004 γέροντα,
407 3935 599 4002 λέγων’
624 3937 692 3990 Τί
718 3941 868 3994 ἐστιν
895 3945 1320 4028 ἠίταπεῐνωσις
1364 3953 1458 4005 καὶ
1485 3950 1643 4007 εἶπεν
1670 3956 1700 4009 6

122 4025 327 4093 γέρωνο
357 4027 423 4078 Ἦ
447 4029 773 4092 ταπείνωσις
806 4025 954 4101 μέγα
973 4033 1270 4104 {proves-ri
1291 4040 1401 4091 καὶ·
1419 4041 1620 4096 οεῖκὸν·
1654 4047 1688 4114 ή

121 4115 182 4169 δὲ
212 4115 334 4178 ὁδὸς
351 4115 453 4185 τῆς
479 4118 856 4184 ταπεινιίισεὼς
882 4123 1029 4176 ἐστιν
1059 4124 1109 4176 οι
1134 4125 1292 4179 κόποι
1321 4130 1371 4180 οἱ
1396 4135 1699 4200 σωματικοὶ

125 4211 185 4260 ἐν
211 4208 438 4275 γνώσει,
465 4208 560 4261 καὶ
599 4209 661 4262 τὸ
699 4208 835 4264 εἶναί
869 4230 929 4266 σε
973 4214 1233 4270 ὑποκάτω
1263 4218 1505 4283 πάντων,
1549 4219 1695 4291 αὕτη

123 4301 281 4351 ἐστὶν
299 4300 332 4368 ἠ
355 4299 472 4362 ὁδὸς
499 4300 599 4370 τῆς
616 4303 1018 4369 ταπεινώσεως.
1034 4305 1182 4376 Δῦτη
1210 4308 1267 4360 δὲ
1289 4310 1323 4378 ὴ
1346 4311 1695 4374 ταπείνωσις,

1797 3393 1954 3447 aliter
1971 3393 2175 3463 judieet
2201 3393 2342 3449 Deus
2364 3435 2381 3458 ,
2425 3397 2579 3450 aliter
2608 3398 2792 3452 homo.
2827 3399 2962 3453 Ecce
2991 3401 3365 3467 hujuscemodi

1796 3485 1978 3540 verbis
2024 3485 2202 3540 innuit
2245 3485 2441 3549 nobis,
2487 3502 2597 3555 quo
2627 3498 2788 3557 pacto
2831 3488 3192 3545 humilitatem
3225 3492 3366 3547 hanc

1796 3578 2223 3648 intelligamus;
2280 3578 2517 3634 ostendit
2573 3597 2794 3650 quoque
2857 3583 2996 3637 viam
3049 3600 3157 3653 qua
3219 3586 3366 3641 illam

1796 3669 2289 3738 apprehendamus.
2318 3671 2511 3735 Qualis
2556 3682 2737 3726 autem
2767 3673 2860 3738 sit,
2905 3689 3032 3728 cum
3077 3676 3286 3731 venerit
3314 3677 3401 3751 ἰιιχ

1797 3763 2077 3829 animam,
2127 3772 2188 3818 ut
2241 3764 2442 3834 sapius
2491 3764 2647 3830 dixi,
2703 3781 2864 3821 nemo
2913 3768 2968 3822 id
3026 3778 3204 3838 potest
3247 3784 3365 3825 ser-

1798 3869 1960 3908 mone
1987 3855 2248 3924 consequi
2275 3894 2290 3919 ,
2327 3856 2433 3910 nisi
2464 3855 2649 3910 anima
2687 3872 2753 3912 ex
2792 3860 3052 3925 operibus
3080 3860 3223 3915 forte
3249 3861 3368 3916 suis

1797 3943 1932 3997 adeo
1951 3944 2115 4012 digna
2149 3944 2334 3998 habita
2373 3944 2536 3999 luerit
2555 3984 2572 4009 ,
2605 3961 2728 4014 qum
2759 3946 2901 4001 hanc
2923 3948 3102 4003 discat
3127 3957 3182 4003 et
3211 3951 3368 4004 intel-

1797 4031 1947 4099 ligat.
1986 4030 2119 4097 Qua:
2159 4041 2341 4087 autem
2395 4032 2488 4086 illa
2525 4033 2635 4086 sint
2664 4050 2784 4103 qua
2816 4035 2870 4090 in
2901 4038 3059 4094 nobis
3090 4039 3367 4095 humilita-

1795 4132 1904 4176 tem
1930 4121 2150 4186 iaciant
2171 4161 2188 4186 ,
2215 4125 2522 4186 docuerunt
2565 4140 2709 4195 saepe
2737 4129 2951 4183 Patres.
2992 4129 3368 4201 Interrogatus

1794 4212 1938 4265 enim
1976 4211 2158 4266 senior
2195 4229 2229 4266 a
2268 4215 2433 4271 fratre
2462 4255 2477 4278 ,
2531 4216 2664 4285 quid
2711 4230 2859 4274 esset
2907 4220 3222 4286 humilitas,
3279 4240 3367 4280 re-

1797 4299 2058 4373 spo'ndit:
2100 4321 2354 4377 maguum
2403 4324 2540 4377 opus
2577 4326 2701 4366 esse
2749 4313 3138 4379 humilitatem,
3179 4332 3246 4371 ac
3283 4318 3367 4372 di-

123 4391 288 4461 θεῖκή
319 4392 435 4444 ἐστι
473 4394 565 4446 καὶ
585 4395 988 4465 άκατάληπτος.
1027 4400 1126 4452 Διὰ
1162 4400 1216 4453 τί
1251 4401 1307 4454 δὲ
1339 4401 1487 4470 λέγει
1525 4404 1608 4457 ὃτι
1646 4405 1697 4457 οἱ

1799 4399 1983 4452 vinum
2024 4400 2208 4453 nescio
2244 4401 2374 4469 quid
2418 4419 2430 4454 :
2487 4405 2603 4458 vias
2629 4418 2758 4458 vero
2806 4403 3131 4461 humilitatis
3159 4447 3180 4476 δ
3218 4408 3368 4462 labo-

121 4486 293 4551 κὸποι
323 4485 377 4536 οἱ
406 4491 707 4554 οωματικοὶ
727 4488 826 4558 τὴν
845 4488 1021 4561 ψυχὴν
1046 4491 1305 4563 φέρουσιν
1334 4497 1415 4559 εἰς
1440 4497 1700 4550 ταπείνω-

1799 4504 1888 4544 res
1918 4504 2210 4560 corporeos
2247 4507 2400 4556 esse,
2435 4501 2570 4563 quos
2599 4489 2735 4547 cum'
2762 4493 2992 4551 scientia
3028 4495 3195 4563 facis;
3227 4506 3281 4552 et
3316 4499 3364 4553 si

125 4589 251 4636 σινς
285 4575 432 4642 Ποίῳ
460 4575 602 4645 λόγῳ
630 4578 682 4629 οἱ
711 4581 1014 4649 σωματικοὶ
1042 4581 1201 4637 κόποι
1224 4582 1326 4653 τῆς
1344 4585 1526 4656 ψυχῆς
1559 4589 1699 4640 εἰσιν

1805 4589 1862 4633 ιιι
1896 4588 1950 4633 te
1987 4582 2210 4635 omnino
2239 4583 2389 4637 omni
2429 4582 2719 4661 subjicias,
2754 4591 2810 4637 et
2846 4585 2967 4640 sine
3006 4585 3364 4670 intermissio-

123 4660 350 4731 αρε-ταις
380 4660 441 4711 τὸ
466 4663 562 4730 μὲν
589 4663 696 4734 γὰρ
720 4661 860 4719 εῖναι
889 4667 1146 4721 ὑποκάτω
1167 4653 1534 4738 πάντων,
1558 4675 1699 4730 ἀνω-

1801 4688 1869 4725 ne
1914 4671 2085 4727 Deum
2121 4687 2267 4737 ores,
2312 4673 2446 4738 haec,
2476 4653 2725 4741 inquam,
2749 4685 2834 4731 est
2878 4693 3004 4732 vera
3042 4659 3362 4732 humilitatis

125 4753 279 4821 τέρω
326 4754 586 4821 εἴπομεν,
627 4756 708 4808 ὅτι
743 4757 1044 4812 ἀντίκειται
1075 4762 1142 4830 τῇ
1175 4759 1382 4834 πρώτῃ.
1409 4764 1699 4836 ὑπερηφα-

1797 4752 1882 4818 via
1910 4780 1926 4829 ;
1950 4752 2070 4834 ipsa
2116 4774 2298 4818 autem
2336 4764 2614 4820 humilitas
2639 4766 2820 4822 divina
2850 4779 2933 4824 est
2975 4778 3031 4823 et
3059 4769 3362 4836 incompre-

125 4847 234 4915 νέα.
265 4843 388 4906 Πῶς
411 4845 518 4915 γὰρ
545 4845 766 4900 δύναται
788 4849 930 4919 ἔχειν
963 4851 1152 4905 ἐαυτὸν
1184 4854 1406 4923 μείζονα
1428 4857 1522 4910 τοῦ
1546 4859 1700 4913 ἀδελ-

1797 4855 2100 4911 hensibilis.
2121 4855 2231 4911 Cur
2259 4870 2388 4909 vero
2413 4854 2488 4909 ait
2515 4846 2734 4914 labores
2760 4875 3049 4929 corporeos
3075 4858 3216 4912 l'crre
3244 4860 3364 4912 ani-

124 4937 232 5005 φειῦ
269 4937 456 5001 αὑτοῦ,
483 4939 515 5007 ἦ
551 4940 852 5010 ἐπαρθῆναι
882 4941 941 4993 ἐν
970 4941 1098 5008 τϊνι,
1135 4944 1168 5014 ἦ
1198 4945 1534 5015 μέμψασθαι.
1562 4947 1702 5017 ἢὲξ·

120 5028 424 5083 ουόενῶσαί
479 5049 618 5094 τινα,
674 5035 702 5085 ὁ
736 5033 872 5102 ἔχων
903 5035 1093 5088 ἑαυτὸν
1141 5037 1398 5092 ὑποκάτω
1442 5039 1698 5109 πάντων;

135 5121 377 5189 ἰ’ὶμςδίως
420 5123 513 5174 καὶ
560 5123 619 5176 τὸ
656 5123 913 5190 εὔξασθαι
941 5127 1029 5180 διὰ
1062 5128 1282 5191 παντὸς,
1313 5131 1546 5202 φανερόν
1578 5133 1714 5188 ἐστι·

120 5214 210 5265 δια
249 5213 316 5264 τὸ
349 5215 684 5269 ἀντικεῖσθαι
713 5221 779 5286 τῇ
809 5218 1036 5291 δευτέρᾳ
1071 5221 1435 5292 ὑπερηφανίᾳ.
1486 5223 1694 5297 Πρόδη-

121 5304 216 5354 λον
252 5303 364 5373 γὰρ
385 5307 466 5356 ὅτι
496 5306 525 5356 ὁ
548 5310 820 5375 ταπεινὸς,
847 5311 876 5362 ὁ
902 5310 1156 5381 εὐλαϐὴς,
1181 5311 1259 5376 ὡς
1295 5311 1579 5380 γινώσκων
1607 5317 1692 5370 ὅτι

123 5394 286 5444 οζιὸὲν
322 5395 558 5465 ἐγχωρεῖ
589 5399 1000 5470 κατορθωθῆναι
1033 5401 1235 5470 άγιοὺν
1260 5405 1327 5472 τῇ
1373 5402 1520 5474 ψυχῇ
1562 5406 1692 5461 ἄνευ

123 5487 223 5552 τῆς
261 5485 512 5553 βοηθείας
540 5491 634 5542 καὶ
661 5491 870 5562 σκέπης
898 5491 993 5545 τοῦ
1012 5492 1168 5558 θεοῦ,
1191 5494 1251 5546 οὐ
1282 5495 1512 5549 παύεται
1541 5497 1694 5552 ἀδια-

125 5575 369 5636 λείπτως
408 5576 658 5646 δεόμενος
685 5582 778 5636 τοῦ
809 5581 966 5647 Θεοῦ,
1005 5584 1094 5636 ἴνα
1137 5586 1337 5656 ποιήσῃ
1373 5588 1492 5654 μετ’
1527 5589 1694 5643 αὑτοῦ

124 5671 300 5727 ἐᾷς-υς.
341 5666 449 5719 Καὶ
477 5669 581 5738 γὰρ
605 5672 634 5722 ὁ
663 5675 859 5735 παντὸς
884 5674 1133 5743 δεόμενος
1166 5675 1258 5728 τοῦ
1286 5675 1421 5732 θεοῦ
1449 5677 1530 5729 ἔτι
1560 5679 1604 5732 δ’
1633 5680 1700 5732 ἂν

133 5761 190 5807 5τὶ
228 5785 230 5788 -
259 5758 342 5824 ιθῇ
385 5760 742 5828 κατορθῶσαι,
773 5759 878 5817 οἶδε
920 5765 1080 5817 πόθεν
1132 5764 1480 5834 κατώρθωσε,
1512 5771 1606 5819 καὶ
1639 5770 1698 5822 οὑ

131 5855 154 5901 ν)
237 5867 356 5899 και
388 5851 709 5920 ἐπαρθῆναι,
737 5857 857 5909 οὑδὲ
885 5857 1180 5927 ἒπιγράᾲαι
1218 5859 1282 5927 τῇ
1317 5857 1419 5927 ἰδίᾳ
1453 5859 1700 5926 δυνάμει,

131 5941 224 5992 :1?"
247 5939 274 5990 ἐι
301 5937 375 6008 τῷ
406 5940 520 6008 Θεῴ
545 5941 834 6016 ἐπιγράφει
863 5953 1032 6003 πάντα
1071 5957 1132 6003 2'1
1165 5950 1577 6019 κατορθώματα,
1610 5955 1700 6005 καὶ

1797 4961 1940 5001 mam
1984 4949 2036 5002 in
2077 4945 2482 5002 humilitame
2513 4949 2580 5005 Et
2607 4968 2716 5021 qua
2751 4955 2958 5008 ratione
2996 4951 3240 5021 corporei
3284 4951 3362 5004 la-

1796 5038 1957 5094 bores
1986 5037 2210 5092 virtutes
2240 5048 2368 5092 sunt
2395 5041 2627 5096 animai!
2663 5045 2889 5100 subesse
2926 5044 3070 5097 enim
3110 5042 3365 5098 omnibus

1803 5132 1896 5200 (ut
1929 5127 2179 5198 superius
2209 5133 2786 5204 commemoravimus’)
2827 5135 3143 5188 adversatur
3175 5133 3367 5204 primae

1802 5220 2084 5292 superbia.
2131 5217 2269 5274 Nam
2298 5238 2410 5292 quo
2443 5236 2604 5296 pacto
2643 5227 2904 5296 majorem
2943 5235 3120 5294 potest
3163 5227 3366 5283 habere

1799 5330 1858 5370 se
1889 5315 2091 5379 fratre,
2120 5323 2216 5368 aut
2245 5316 2526 5384 superbire
2560 5321 2615 5372 in
2646 5318 2850 5386 aliquo,
2881 5316 2964 5371 vel
2993 5334 3252 5374 accusare
3281 5323 3362 5373 vel

1798 5393 2075 5478 despicere
2112 5418 2471 5475 quemquam,
2499 5410 2594 5479 qui
2625 5407 2878 5463 omnibus
2923 5409 3202 5480 subjectus
3244 5410 3366 5466 est?

1801 5493 1928 5549 Item
1968 5504 2021 5548 et
2059 5495 2176 5549 sine
2213 5498 2617 5554 intermissione
2657 5512 2844 5561 orare,
2886 5508 3032 5568 patet
3074 5502 3200 5593 quia
3231 5514 3364 5554 con-

1801 5586 2014 5647 tradicit
2049 5589 2299 5643 secunda:
2332 5591 2642 5659 superbiae:
2683 5588 2852 5643 claret
2889 5592 3035 5646 enim
3078 5586 3221 5659 quod
3258 5589 3361 5642 hu-

1799 5676 1978 5738 miiis,
2011 5683 2378 5743 verecundus,
2418 5679 2495 5732 uti
2537 5679 2604 5734 ad
2638 5695 2799 5734 omne
2842 5696 2980 5751 Opus
3023 5683 3225 5735 bonum
3278 5679 3363 5732 in-

1800 5769 2033 5822 validum
2075 5786 2132 5825 se
2162 5781 2215 5826 et
2256 5773 2494 5842 ineptum
2521 5813 2536 5835 ,
2573 5771 2784 5842 absque
2819 5773 3003 5832 divino
3033 5771 3233 5824 auxilio
3274 5786 3361 5824 rc-

1801 5876 2164 5928 cognoscens,
2197 5880 2302 5916 non
2337 5863 2569 5917 cessabit
2599 5864 2666 5917 ab
2701 5866 2943 5918 oratione
2977 5861 3089 5931 jugi
3124 5871 3177 5915 et
3217 5864 3359 5935 assi—

1801 5952 1926 6016 dua,
1960 5951 2138 6023 Deum
2165 5972 2362 6028 τοίη-ηδ
2395 5966 2449 6013 ιιι
2481 5972 2662 6013 secum
2714 5957 2877 6013 faciat
2909 5953 3358 6011 misericordiam.

1930 6066 1950 6100 ἲ
