4020 6340
167 552 296 617 1653

1503 549 1876 614 DOCTRINA
1909 556 2023 620 III.
2052 576 2055 577 '

3245 566 3375 633 ιὺῦἱ

164 666 367 726 siam;
398 660 449 714 ot
479 659 847 731 πατριάρχαι,
879 658 972 711 καὶ
1005 657 1204 721 πάντες
1231 657 1281 710 οί
1305 657 1450 724 ἅγιοι
1481 658 1587 728 πρὸ
1618 657 1711 711 τοῦ

1835 665 2107 723 Idmodum
2150 670 2489 739 placuerunt.
2540 669 2652 727 llac
2688 687 2812 728 vero
2841 674 3154 728 conculcata
3201 686 3253 730 et
3280 680 3386 745 ξαρ-

166 751 405 824 γραπτοῦ
438 752 626 822 νόμου,
666 750 1037 820 εύηρέστησαν
1062 748 1141 818 τῷ
1160 747 1297 819 Θεῷ.
1320 749 1536 818 Ταύτης
1555 766 1713 803 κατα-

1818 756 1968 813 fossa
2006 761 2075 815 ab
2105 761 2415 817 hominibus
2450 765 2892 833 praevaricatione
2931 768 3179 836 praecepti
3209 810 3222 832 ,
3251 784 3388 838 opus

165 840 461 911 χωσθείσης
503 841 595 893 καὶ
632 839 1110 914 καταπατηθείσης
1150 839 1254 893 ὑπὸ
1284 840 1392 893 τῶν
1416 838 1717 912 ἀνθρώπων

1835 848 1922 902 'uit
1966 849 2083 920 lege
2120 851 2321 920 scripta
2363 861 2419 906 et
2457 853 2766 921 prophetis,
2819 869 2882 908 ac
2906 858 3119 909 tandem
3151 858 3384 911 adventu

163 932 250 985 διὰ
274 933 372 1001 τὴν
394 931 693 1000 πρόσϐασιν
715 932 1009 1001 ἁμαρτίας,
1033 930 1331 1002 ἐδεήθημεν
1353 930 1445 982 τοῦ
1473 932 1717 1004 γραπτοῦ

1841 939 1995 1007 psius
2033 940 2245 995 Domini
2274 942 2443 1013 nostri
2470 941 2593 997 Iesu
2623 943 2848 1009 Christi,
2888 944 2981 1012 qui
3008 944 3150 997 illam
3180 946 3385 999 releva-

166 1024 350 1093 νόμου,
380 1024 680 1094 ἐδεήθημεν
705 1024 812 1078 τῶν
848 1023 1017 1093 ἁγίων
1060 1022 1375 1093 προφητῶν,
1421 1022 1720 1095 ἐδεήθημεν

1835 1040 1902 1084 ret
1929 1035 2284 1098 etexcitarct,
2305 1034 2396 1101 qtti
2426 1034 2562 1087 lianc
2587 1047 2841 1103 tanquam
2869 1035 3158 1089 scintillam
3184 1037 3388 1090 exstin-

164 1115 334 1185 αὐτῆς
391 1116 494 1186 τῆς
545 1114 836 1187 ἐπιδημίας
881 1114 975 1167 τοῦ
1037 1116 1304 1168 Δεσπότου
1348 1115 1504 1185 ἡμῶν
1541 1115 1720 1186 Ἰησοῦ

166 1206 422 1277 Χριστοῦ,
450 1208 529 1270 εὶς
550 1207 609 1261 τὸ
634 1206 974 1274 ἀνακαλύψαι
999 1208 1092 1259 καὶ
1118 1208 1393 1277 ἀνεγεῖραι
1424 1207 1614 1277 αὐτὴν,
1644 1210 1723 1273 εἰς

166 1295 225 1349 τὸ
269 1297 694 1367 ἀναζωπυρῆσαι
733 1298 937 1353 ἐκεῖνον
985 1295 1075 1348 τὸν
1119 1298 1537 1367 καταχωσθὼτα
1570 1313 1728 1363 σπιντ

167 1387 306 1458 θῆρα
344 1388 432 1441 διὰ
459 1390 556 1459 τῆς
582 1388 826 1458 φυλακῆς
843 1387 952 1441 τῶν
981 1388 1342 1455 ἁγίωναύτοῦ
1373 1389 1726 1444 ὲντολῶν.Ἒν

166 1482 299 1547 ἡμῖν
328 1476 423 1534 οὖν
452 1480 769 1550 ἐστινάρτι,
788 1480 831 1549 ,ἢ
859 1480 921 1533 τὸ
943 1481 1261 1550 καταχῶσαι
1297 1480 1456 1533 αὑτὸν
1480 1482 1660 1548 πάλιν,

168 1568 225 1620 τὸ
244 1569 405 1623 ἐάσαι
455 1568 617 1622 αὐτὸν
664 1568 1104 1641 ὲλλάμπεινκαὶ
1136 1569 1388 1639 φωτίζειν
1432 1573 1603 1640 ἡμᾶς,
1633 1571 1728 1627 ἐὰν

170 1659 487 1730 πειθώμεθα
546 1660 713 1730 αὐτῷ.
764 1658 933 1715 Ὅταν
985 1662 1094 1733 γὰρ
1145 1664 1178 1732 ἡ
1226 1662 1528 1732 συνείδησις
1584 1663 1730 1732 λέγει

169 1750 324 1819 ἡμῖν,
358 1752 581 1821 ποιῆσαι
608 1752 723 1807 τόδε
758 1752 859 1818 ἔτι,
892 1753 985 1806 καὶ
1014 1753 1462 1824 καταφρονῶμεν,
1501 1755 1595 1809 καὶ
1624 1755 1731 1809 πά-

168 1841 252 1894 λιν
272 1840 443 1909 λέγει,
477 1844 570 1896 καὶ
597 1843 658 1896 ού
699 1843 963 1913 ποιῶμεν,
1006 1845 1141 1899 ἀλλὰ
1176 1846 1425 1915 μένωμεν
1476 1836 1730 1901 καταπα-

169 1934 393 1997 τοῦντες
445 1936 634 2006 αὐτὴν,
668 1937 877 2008 ’λοιπὸν
922 1937 1370 2009 καταχωννύομεν
1407 1938 1595 2007 αὐτὴν,
1639 1941 1733 1992 καὶ

1823 1134 1965 1178 ctam
2032 1127 2316 1180 suscitaret
2374 1142 2469 1195 per
2525 1130 2956 1181 observationem
3013 1129 3389 1182 mandatorum

1794 1248 1797 1250 -
1825 1214 2017 1285 ipsius.
2069 1217 2127 1267 ln
2169 1216 2324 1270 nobis
2370 1217 2533 1286 igitur
2562 1217 2694 1287 ipsis
2722 1226 2806 1271 est
2831 1257 2847 1282 ,
2880 1233 3099 1273 rursum
3126 1220 3209 1271 .vel
3243 1218 3390 1271 illum

1826 1304 2099 1369 defodere,
2132 1306 2211 1359 vel
2232 1308 2539 1375 permittere
2573 1317 2631 1361 ut
2662 1308 2816 1363 nobis
2843 1308 3184 1377 resplendeat
3218 1318 3270 1361 et
3305 1309 3388 1360 lu-

1810 1399 1992 1474 ceat:
2042 1400 2133 1452 sed
2175 1398 2250 1451 illi
2283 1399 2527 1462 credere,
2566 1408 2621 1451 et
2668 1399 2824 1453 [idem
2871 1399 3072 1454 habere
3121 1415 3258 1469 opus
3288 1412 3390 1453 est.

1827 1487 1963 1543 Cum
2009 1490 2173 1560 igitur
2220 1491 2376 1544 nobis
2422 1492 2757 1545 conscientia
2795 1504 2978 1549 nostra
3008 1491 3244 1546 dixerit:
3287 1491 3396 1547 lloc

1829 1581 2036 1645 facito,
2074 1588 2128 1635 et
2164 1582 2594 1636 contemnimus:
2638 1596 2963 1651 rursumque
3008 1580 3351 1636 admonuerit
3378 1626 3390 1645 ,

1831 1670 1883 1724 id
1914 1686 1980 1725 ne
2008 1658 2293 1735 faciamus,
2325 1686 2427 1725 nos
2448 1685 2577 1725 vero
2613 1672 2953 1740 persistimus
2991 1672 3133 1725 illam
3170 1686 3398 1739 pessun—

1831 1761 1962 1816 dare
1988 1779 2003 1827 ;
2033 1762 2150 1816 sine
2176 1763 2341 1817 dubio
2371 1772 2499 1816 tunc
2523 1776 2642 1816 eam
2674 1762 3005 1827 defodimus,
3027 1772 3079 1817 et
3104 1764 3212 1831 jam
3243 1766 3398 1821 nobis

1833 1861 2014 1921 aperte
2056 1867 2165 1921 prae
2204 1868 2369 1908 onere
2405 1853 2737 1908 incumbenti
2777 1854 2827 1909 ei
2870 1854 3014 1923 loqui
3050 1856 3253 1924 nequit.
3292 1854 3399 1909 Sed

1833 1946 1987 2014 quasi
2042 1945 2221 1998 lumen
2273 1960 2367 2012 per
2414 1945 2695 2015 speculum
2742 1948 3126 2011 translucens,
3180 1948 3251 2001 ita
3298 1963 3397 2001 nu-

169 2025 273 2078 οὐκ
310 2025 394 2078 ἔτι
423 2024 645 2079 δύναται
684 2027 897 2096 τρανῶς
927 2027 1107 2080 λαλεῖν
1149 2030 1281 2099 ήμῖν
1321 2032 1386 2083 ἐκ
1412 2029 1506 2081 τοῦ
1535 2029 1735 2101 βάρους

1835 2036 1918 2089 bis
1951 2034 2137 2104 incipit
2190 2049 2528 2105 quacunque
2580 2036 2895 2095 obscuriora
2940 2048 2995 2111 et
3036 2023 3399 2093 tenebrosiora

169 2116 265 2170 τοῦ
292 2118 645 2187 ἐπικειμένου
672 2119 833 2189 αὑτῇ.
871 2119 1007 2172 Ἀλλ’
1048 2120 1254 2191 ὥσπερ,
1272 2120 1460 2191 λύχνος
1484 2121 1573 2174 διὰ
1602 2121 1735 2175 σπέ-

172 2207 345 2272 κλων,
382 2207 557 2271 οὕτως
596 2209 824 2279 ἄρχεται
866 2210 1130 2264 δεικνύειν
1170 2212 1299 2281 ἡμῖν
1338 2212 1733 2283 ἀμαυρότερον,

167 2292 283 2353 οἷαν
322 2300 746 2372 σκοτεινότερον,
802 2302 871 2354 τά
892 2336 895 2340 -
920 2303 1243 2372 πράγματα.
1275 2302 1376 2365 ,καὶ
1405 2302 1548 2356 οὕτω
1595 2302 1736 2356 κατά

169 2390 476 2462 πρόσϐασιν
516 2390 700 2463 ῶσπερ
722 2391 912 2457 ὓδατος
962 2394 1331 2467 τεθολωμένου
1375 2390 1483 2455 ἀπὸ
1528 2392 1735 2454 πολλῶν

168 2484 444 2554 χωμάτων
483 2485 655 2549 οὐδεὶς
706 2485 929 2541 δύναται
978 2487 1304 2557 κατανοῆσαι
1344 2486 1406 2538 τὸ
1447 2486 1736 2555 πρόσωπον

171 2577 391 2631 ἑαυτοῦ.
418 2576 603 2641 Οὕτως
636 2578 1001 2650 εὑρισκόμεθα
1028 2581 1101 2647 μὴ
1129 2578 1509 2647 αἰσθανόμενοι
1550 2570 1624 2631 ὧν
1647 2577 1734 2629 λέ-

170 2680 257 2731 γει
273 2666 411 2734 ἡμῖν
436 2668 471 2737 ἡ
496 2667 795 2736 συνείδησις
819 2666 997 2736 ἡμῶν,
1014 2667 1088 2729 ὡς
1116 2666 1355 2735 νομίζειν
1381 2669 1525 2736 ἡμᾶς
1548 2667 1737 2736 σχεδὸν

171 2753 252 2825 μὴ
282 2753 434 2823 ἔχειν
462 2754 649 2825 αὑτήν.
681 2756 868 2818 Οὐδεὶς
897 2756 954 2808 δέ
995 2757 1145 2808 ἐστιν
1185 2757 1214 2808 ό
1254 2750 1329 2826 μὴ
1366 2756 1507 2825 ἔχων
1544 2758 1731 2827 αὑτήνο

168 2844 223 2912 τί
252 2862 387 2898 ποτε
414 2845 525 2916 γὰρ
554 2845 695 2900 θεῖόν
726 2847 880 2900 ἐστιν
901 2846 1089 2916 ῶσπερ
1116 2847 1342 2917 εἴπομεν
1368 2848 1491 2917 ήδη,
1522 2850 1615 2900 καὶ
1641 2848 1733 2900 ού·
1768 2906 1771 2910 ,

165 2934 370 2989 δέποτε
418 2935 749 3002 ἀπόλλυται,
814 2935 947 2989 ἀλλά
1017 2938 1247 2990 πάντοτε
1328 2937 1736 3005 ὑπομιμνήσκει

168 3029 320 3101 ἡμᾶς
359 3029 421 3082 τὺ
464 3029 830 3100 ὀφειλόμενον·
872 3028 988 3084 ἀλλ’
1018 3030 1173 3100 ἡμεῖς
1202 3030 1302 3082 οὐκ
1341 3030 1735 3101 αἰσθανόμεθα,

164 3121 235 3178 iit
260 3119 358 3174 τοῦ
383 3122 553 3191 ἡμᾶς,
584 3122 663 3186 ὡς
688 3117 861 3189 εἷπον,
889 3125 1250 3195 καταφρονεῖν
1283 3122 1378 3175 καὶ
1403 3126 1740 3176 καταπατεῖν

165 3209 370 3278 αὐτήν.
407 3209 508 3263 Διά
538 3211 696 3263 τοῦτο
734 3212 763 3263 ὁ
800 3213 1083 3282 προφήτης
1126 3211 1311 3264 πενθεῖ
1346 3211 1437 3264 τὸν
1478 3211 1737 3281 Ἐφραῒμ,

164 3299 270 3353 καὶ
296 3298 472 3366 λέγει’
503 3298 1073 3355 Κατεδυνάστευσεν
1104 3301 1350 3370 Ἔφρατμ
1385 3303 1492 3354 τὸν
1521 3302 1742 3356 ἀντίδι-

166 3410 291 3448 κον
320 3392 528 3456 αὐτοῦ,
561 3394 659 3446 καί
691 3393 1066 3461 κατεπάτησε
1092 3395 1284 3464 κρῖμα.
1334 3396 1627 3448 Ἀντίδικον
1654 3395 1739 3447 λέ-

163 3502 263 3555 γει
294 3486 397 3556 τὴν
427 3484 751 3555 συνείδησιν.
786 3484 947 3537 Ὅθεν
983 3486 1079 3539 καὶ
1104 3488 1161 3539 ὲν
1192 3484 1272 3555 τῷ
1310 3486 1624 3557 Εὐαγγελίῳ
1655 3486 1743 3539 λέ-

163 3589 291 3645 γειο
321 3572 484 3629 Ἰσθι
511 3573 739 3629 εὐνοῶν
765 3574 845 3640 τῷ
875 3576 1155 3641 ἀντιδίκῳ
1198 3591 1313 3629 σου
1357 3574 1467 3641 ἔως
1500 3570 1541 3646 ᾖ
1567 3575 1639 3629 ἐν
1666 3574 1744 3646 τῇ

163 3664 299 3731 ὀδῷ
339 3665 471 3735 μετ’
511 3666 718 3720 αὐτοῦ’
746 3664 833 3735 μή
880 3664 1025 3719 ποτέ
1060 3678 1135 3718 σε
1162 3665 1407 3734 παραδῷ
1439 3665 1519 3731 τῷ
1546 3664 1741 3734 κριτῇ,

162 3757 275 3812 καὶ
309 3760 345 3812 ὀ
376 3757 585 3825 κριτὴς
613 3756 736 3820 τοῖς
762 3756 1103 3825 ὑπηρέταις,
1143 3757 1244 3812 καὶ
1274 3756 1517 3822 ,ϐάλωσι
1555 3775 1630 3813 σε
1658 3761 1761 3823 sic,

161 3848 296 3919 τὴν
319 3847 625 3917 φυλακήν.
672 3847 849 3916 Ἀμὴν
882 3847 1038 3918 λέγω
1081 3864 1203 3913 σοι,
1251 3850 1324 3903 οὐ
1362 3848 1448 3917 μὴ
1490 3848 1746 3917 ἐξέλθῃς

159 3940 416 3994 ἐκεῖθεν
446 3939 557 4004 ἕως
588 3933 661 3993 οὗ
692 3937 930 4004 ἀποδῷς
950 3940 1054 3992 τὸν
1087 3938 1353 4008 ἔσχατον
1388 3940 1741 4007 κοδράντην.

158 4032 273 4090 Διά
300 4029 435 4082 τίδὲ
467 4028 623 4083 καλεῖ
647 4029 747 4099 τὴν
778 4029 1082 4097 συνείδησιν
1112 4029 1378 4083 ἀντίδικον
1402 4047 1417 4093 ;
1455 4032 1747 4096 ’Δντίδικος

157 4123 419 4191 λέγεται,
451 4119 637 4191 ἐπειδὴ
660 4118 799 4190 αῦτη
819 4121 1123 4174 ἀντίκειται
1153 4120 1383 4174 πάντοτε
1405 4122 1482 4191 τῷ
1508 4123 1633 4192 θελή
1642 4141 1745 4193 μα-

159 4233 217 4270 τι
247 4214 419 4287 ήμῶν
446 4214 523 4285 τῷ
556 4211 730 4283 κακῷ,
760 4214 854 4267 καὶ
883 4213 1031 4281 λέγει
1068 4215 1216 4284 ἡμᾶς
1248 4218 1327 4279 εἰς
1365 4215 1394 4268 δ
1440 4214 1747 4284 ὀφείλοντες

155 4308 427 4377 ποιῆσαι,
462 4306 523 4359 ού
552 4305 830 4375 ποιοῦμενο
867 4306 962 4358 καὶ
991 4304 1173 4373 πάλιν,
1202 4308 1282 4371 εἰς
1326 4307 1356 4360 ὃ
1391 4307 1467 4379 μὴ
1496 4307 1741 4377 ὀφείλον-

154 4416 260 4463 τες
306 4398 555 4468 ποιῆσαι,
583 4395 862 4466 ποιοῦμεν
904 4397 1000 4449 καὶ
1042 4395 1180 4470 αῦτη
1220 4402 1514 4470 κατηγορεῖ
1563 4398 1741 4469 ήμῶν.

1834 2124 2119 2180 ostendere
2149 2144 2165 2179 :
2206 2135 2261 2179 et
2296 2124 2428 2194 inde
2448 2126 2520 2179 ob
2542 2138 2817 2214 peccatum
2840 2166 2855 2189 ,
2890 2138 2949 2181 ut
3001 2129 3052 2181 in
3104 2146 3243 2200 aqua
3286 2144 3399 2184 caa—

1837 2227 1968 2265 nosa
2008 2222 2061 2266 et
2103 2212 2312 2267 turbida
2338 2253 2357 2277 ,
2404 2222 2563 2267 nemo
2600 2212 2778 2283 potest
2823 2216 2876 2267 in
2912 2230 2974 2267 ea
3009 2219 3211 2270 vultum
3242 2233 3402 2272 suum

1836 2299 2206 2374 contemplari.
2242 2301 2848 2376 Talesque'plerumque
2879 2322 3089 2370 sumus,
3114 2309 3243 2362 dum
3276 2326 3400 2376 qua:

1834 2394 1995 2449 nobis
2023 2395 2239 2448 dietartt
2257 2435 2271 2458 ,
2319 2396 2509 2449 audire
2540 2397 2860 2469 negligimus
2885 2437 2900 2460 ,
2949 2408 3005 2450 ut
3033 2399 3402 2452 existimemus

1833 2481 2037 2536 nullam
2090 2498 2194 2545 nos
2234 2484 2288 2536 in
2338 2483 2496 2537 nobis
2542 2483 2744 2537 habere
2769 2488 3190 2560 “conscientiam.
3234 2486 3402 2541 Nemo

1833 2582 1918 2629 est
1966 2584 2148 2629 autem
2189 2575 2283 2644 qui
2334 2573 2477 2627 illam
2520 2589 2628 2641 non
2670 2574 2864 2629 habeat
2903 2592 2915 2627 :
2954 2569 3037 2631 est
3080 2581 3224 2633 enim
3264 2581 3400 2634 divi-

1835 2683 1965 2721 num
2005 2669 2189 2722 nescio
2210 2667 2359 2737 quid,
2394 2677 2447 2721 ut
2474 2667 2742 2731 diximus,
2796 2678 2849 2721 et
2904 2684 3182 2738 nunquam
3222 2671 3399 2738 perit;

1835 2760 2042 2816 scilicet
2073 2758 2311 2814 cilicium
2342 2768 2589 2814 uestrum
2630 2760 2788 2814 nobis
2826 2775 3039 2827 semper
3082 2762 3147 2813 ad
3194 2777 3400 2815 menm-

1835 2850 1973 2905 riam
2014 2859 2249 2918 revocat.
2309 2847 2419 2903 Nos
2459 2865 2587 2904 vero
2639 2865 2745 2903 non
2820 2850 3157 2903 advertimus
3218 2858 3398 2913 quod,

1837 2950 1897 2995 ut
1928 2941 2079 3006 dixi,
2136 2950 2423 3009 spernatur
2454 2950 2508 2994 et
2558 2942 2905 2996 conculcetur
2938 2957 2967 2994 a
3018 2942 3194 2995 nobis.
3227 2941 3406 3006 Quare

1837 3029 2385 3102 prophétaEphraim
2421 3033 2655 3085 maxime
2686 3032 2930 3099 dtplorat
2963 3042 3016 3086 ct
3051 3033 3295 3101 queritur
3324 3032 3408 3084 di-

1839 3136 2010 3177 cens:
2053 3120 2344 3180 Pnzualuit
2393 3119 2650 3188 Ephraim
2694 3123 2748 3175 in
2794 3123 3157 3176 adversarium
3206 3138 3358 3175 suum
3391 3165 3406 3185 ,

1794 3271 1801 3278 _
1839 3223 1889 3267 et
1944 3213 2271 3267 corwulcavit
2320 3212 2577 3278 iudicium
2602 3212 2651 3269 ά.
2692 3214 3075 3267 Adversarium
3105 3214 3236 3267 dicit
3277 3229 3409 3265 con-

1843 3290 2145 3358 scientiam.
2180 3303 2319 3360 Hinc
2370 3304 2420 3357 in
2474 3302 2762 3372 Evangelia
2813 3306 3053 3359 dicitur:
3107 3304 3236 3358 Esto
3281 3322 3400 3356 con-

1845 3394 2067 3447 sentiens
2109 3388 2413 3448 adversario
2445 3404 2569 3456 tuo,
2616 3395 2743 3446 dum
2789 3411 2851 3469 es
2886 3396 2943 3446 in
2987 3396 3071 3447 via
3110 3411 3227 3446 cum
3255 3395 3410 3463 ipso;

1848 3484 2121 3555 nequando
2187 3486 2366 3561 tradat
2398 3497 2446 3539 te
2468 3485 2642 3553 judici
2670 3523 2685 3548 ,
2733 3494 2783 3538 et
2824 3486 2994 3555 judex
3035 3486 3292 3539 ministris
3314 3526 3329 3549 ,
3365 3497 3416 3537 et

1850 3590 1899 3633 te
1940 3580 1993 3631 in
2041 3577 2249 3632 vincula
2297 3578 2603 3647 conjiciunt.
2638 3576 2803 3629 Amen
2855 3578 2971 3629 dico
3015 3577 3130 3642 tibi,
3184 3593 3284 3629 non
3322 3593 3416 3630 ea;-

1851 3674 1950 3727 ibis
1972 3673 2114 3737 inde,
2145 3649 2523 3727 doncc'redaas
2557 3670 2831 3724 minimum
2851 3669 3198 3739 quadrantem
3227 3680 3273 3722 ε.
3308 3668 3418 3723 Cur

1850 3773 2029 3819 autem
2049 3771 2207 3817 vocat
2224 3748 2614 3817 conscientiam
2636 3760 3043 3814 adversarium?
3071 3760 3423 3813 Adversarius

1851 3856 2047 3910 dicitur
2067 3856 2194 3924 quia
2215 3854 2530 3908 adversatur
2551 3846 2699 3905 amni
2715 3864 2895 3920 prava:
2914 3860 3112 3904 nostrae
3128 3850 3423 3914 voluntati;

1850 3952 1906 3997 et
1932 3958 2030 3995 nos
2055 3942 2256 4011 arguit,
2284 3942 2340 3994 in
2370 3956 2480 4010 quo
2496 3940 2676 3995 minus
2704 3939 2915 4008 agimus
2940 3939 3083 4007 quod
3114 3939 3372 3993 debemus
3396 3955 3425 4007 ;‘

1852 4032 2019 4104 389
2042 4040 2095 4087 ct
2112 4035 2326 4087 rursum
2343 4046 2466 4085 cum
2485 4030 2696 4099 agimus
2720 4030 2865 4098 quod
2887 4044 2993 4082 non
3010 4028 3290 4089 debemus,
3320 4044 3421 4082 nos

1850 4121 2205 4180 accusat.ﬂac
2214 4122 2279 4176 de
2293 4136 2458 4175 causa
2467 4134 2587 4173 eam
2601 4129 2755 4173 vocat
2768 4118 3139 4173 adversarium
3155 4127 3424 4184 nostrum,

1848 4225 1904 4270 et
1924 4216 2175 4269 admonet
2204 4212 2427 4267 dicens:
2462 4208 2597 4265 Esto
2624 4210 2951 4264 consentiens
2984 4210 3289 4263 adversario
3314 4220 3423 4272 tuo,

1849 4307 1975 4375 dum
2006 4322 2059 4359 es
2102 4306 2155 4358 in
2194 4304 2279 4358 via
2320 4318 2438 4358 cum
2469 4318 2576 4358 eo:
2608 4302 2696 4357 via
2741 4300 2844 4372 (ut
2874 4300 2949 4354 alt
2969 4299 3128 4356 divus
3154 4299 3424 4369 Basilius)

1852 4388 1942 4453 llic
1967 4398 2208 4453 mundus
2237 4407 2340 4452 est.

154 4494 273 4546 Διὰ
302 4489 471 4545 τοῦτο
508 4488 665 4544 καλεῖ
695 4490 864 4560 αὐτὴν
899 4490 1191 4555 ἀντίδικον,
1226 4490 1352 4545 ’καὶ
1421 4491 1815 4561 παραγγέλλει,
1852 4490 2046 4558 λέγων’
2083 4492 2243 4545 Ἵσθι
2270 4487 2502 4543 εὐνοῶν
2542 4487 2622 4553 τῷ
2662 4483 2948 4551 ἀντιδίκῳ
2976 4499 3117 4551 σου,
3148 4487 3259 4552 ἕως
3288 4481 3330 4556 ᾗ
3358 4487 3427 4539 ἐν

151 4583 239 4652 τῇ
264 4580 399 4647 όόᾦ
417 4580 545 4650 μετ’
576 4580 783 4636 αὐτοῦ.
828 4580 893 4634 Ἦ
924 4581 1040 4645 ὁδός
1063 4582 1233 4644 ἐστιν,
1264 4580 1340 4645 ὡς
1368 4581 1512 4649 λέγει
1533 4582 1562 4633 ό
1584 4579 1739 4649 ἅγιος
1776 4582 2078 4648 Βασίλειος,
2116 4585 2146 4635 ό
2168 4582 2373 4649 κόσμος
2404 4574 2577 4644 οὗτος.

236 4698 333 4749 Β’.
365 4694 767 4765 Σπουδάσωμεν
791 4691 905 4761 οὖν,
931 4696 1168 4765 ἀδελφοὶ,
1188 4695 1473 4763 φυλάττειν
1498 4696 1596 4767 τὴν
1625 4715 1736 4753 συν-

1929 4701 1993 4754 ll.
2028 4697 2353 4752 Studeamus
2392 4696 2553 4765 igitur
2593 4691 2867 4748 custodire
2912 4690 3294 4747 conscientiam
3328 4703 3427 4742 no-

154 4791 397 4860 είδησιν
414 4789 590 4859 ἡμῶν,
620 4789 679 4840 ὲν
699 4789 809 4859 ὅσῳ
834 4788 1000 4859 ἐσμὲν
1032 4791 1089 4841 ὲν
1116 4788 1192 4856 τῷ
1228 4790 1416 4859 κόσμῳ
1442 4790 1639 4861 τούτῳ,
1677 4794 1736 4864 μί

1860 4800 2048 4853 stram,
2079 4788 2207 4842 dum
2238 4803 2428 4843 sumus
2464 4787 2517 4840 in
2551 4786 2655 4838 hoc
2686 4784 2911 4859 mundo,
2942 4783 3101 4847 ne,‘si
3130 4796 3248 4835 eam
3285 4781 3425 4849 reje-

150 4882 439 4954 ἁφιέντες
468 4882 634 4954 abl-qv
659 4880 873 4949 ἐλέγξαι
905 4882 1052 4951 ἡμᾶς
1092 4886 1148 4933 ἐν
1186 4900 1291 4933 τινι
1328 4882 1634 4953 πράγματι,
1677 4886 1736 4956 μί

1858 4881 2115 4953 οετὴιιιιε,
2145 4880 2199 4933 in
2230 4881 2412 4934 multis
2437 4892 2469 4932 a
2502 4876 2731 4935 Domino
2755 4872 3098 4948 postmodum
3137 4872 3427 4942 reprehen-

153 4970 627 5033 καταπατοῦντες
650 4968 815 5040 αὐτὴν
838 4968 916 5033 εἷς
942 4971 1152 5043 citate
1179 4969 1315 5035 ὅλως
1342 4971 1443 5025 κᾶν
1472 4972 1736 5044 ἐλάχιστοι

1852 4973 2090 5035 damur:
2126 4987 2299 5043 neque
2323 4967 2711 5024 conculcetnus-
2743 4969 2886 5022 illam
2919 4967 2971 5019 in
3000 4964 3204 5032 aliquo,
3231 4964 3333 5017 etsi
3374 4964 3427 5019 id

150 5064 193 5143 ᾗ
224 5084 242 5097 ·
283 5064 388 5118 ἶνα
415 5061 591 5132 εἰδῆτε
618 5052 699 5116 δτι
727 5063 793 5116 ὲκ
819 5044 943 5141 τῶν
960 5061 1173 5134 μικρῶν
1212 5062 1415 5118 τούτων
1458 5064 1553 5119 καὶ
1596 5064 1730 5132 φύσε

1853 5062 2140 5118 minimum
2168 5063 2262 5123 sit.
2296 5060 2373 5115 Ut
2396 5047 2541 5113 enim
2572 5059 2754 5115 videre
2784 5056 2940 5112 facile
2966 5066 3067 5119 est,
3099 5070 3164 5109 ex
3193 5055 3278 5110 liis
3319 5058 3428 5110 mi-

154 5155 449 5221 εὐτελῶν,
471 5153 741 5224 ἐρχόμεθα
760 5156 840 5219 εἰς
873 5153 935 5208 τὸ
967 5157 1323 5226 καταφρονεῖν
1342 5156 1451 5211 τῶν
1483 5155 1731 5227 μεγάλων

1854 5154 2016 5209 nimis
2044 5162 2100 5209 et
2129 5166 2254 5206 vero
2276 5149 2495 5214 vilibus,
2526 5151 2594 5205 ad
2634 5164 2832 5221 magna
2860 5147 3249 5202 contemnenda
3280 5147 3430 5202 dela-

155 5256 365 5310 Ὅταν
399 5248 507 5319 γὰρ
542 5245 773 5319 ἄρξηταί
799 5264 882 5312 τις
910 5247 1110 5315 λέγειν,
1129 5247 1194 5302 Τί
1217 5248 1326 5319 γάρ
1350 5250 1519 5313 ἐστιν,
1542 5249 1637 5305 ἐὰν
1659 5249 1736 5303 λα·

1853 5246 2055 5302 bimur.
2080 5244 2213 5299 Cum
2239 5242 2384 5297 enim
2422 5244 2646 5312 cteperit
2672 5241 2793 5312 quis
2817 5240 3034 5308 dicere:
3065 5237 3204 5305 Quid
3239 5250 3340 5306 est,
3378 5241 3425 5294 si

152 5344 340 5413 λήσω
392 5338 581 5393 τοῦτον
613 5337 705 5391 τὸν
734 5336 929 5408 λόγον;
973 5338 1038 5391 Τί
1079 5338 1189 5409 γάρ
1234 5342 1401 5406 ἐστιν,
1455 5340 1553 5394 ἐὰν
1597 5342 1736 5411 φάγο

1855 5334 2138 5391 verbulum
2184 5332 2286 5387 hoc
2326 5333 2544 5389 unicum
2575 5335 2788 5388 loeutus
2826 5329 3026 5384 luero?
3061 5328 3201 5396 Quid
3244 5341 3347 5393 est,
3378 5331 3422 5384 si

152 5431 354 5489 τοῦτο
379 5429 441 5482 τὸ
458 5427 684 5500 μικρόν;
707 5428 773 5481 Τί
794 5430 903 5501 γάρ
926 5431 1091 5497 ἐστιν,
1112 5430 1209 5483 ἐὰν
1236 5431 1491 5501 προσέχω
1512 5430 1647 5503 τῷδε
1674 5434 1736 5505 τι]

1861 5427 2131 5484 modicum
2159 5424 2266 5479 hoc
2302 5426 2586 5481 comedere
2611 5425 2633 5478 ἲ
2660 5422 2819 5489 Quid,
2850 5422 2896 5477 si
2932 5422 2988 5476 in
3026 5438 3141 5478 rem
3172 5424 3309 5477 hanc
3342 5423 3424 5473 in—

154 5522 510 5594 πράγματις
537 5520 601 5573 ὲκ
621 5515 735 5583 τοῦ,
763 5519 827 5572 Τί
852 5520 969 5573 ἐστι
998 5521 1175 5585 τοῦτο,
1194 5520 1287 5577 καὶ
1304 5518 1361 5571 τί
1384 5520 1535 5581 ἐστιν
1554 5520 1736 5586 ἐκεῖνο

1858 5518 2118 5572 tendet-0!
2159 5531 2225 5571 ex
2273 5516 2416 5584 hoc,
2454 5515 2581 5587 quid
2618 5515 2692 5578 id,
2734 5512 2864 5583 quid
2908 5513 3078 5579 illud,
3128 5512 3426 5571 admittitur

155 5610 465 5687 λαμσάνει
497 5628 580 5675 τις
613 5608 785 5685 κακὴν
820 5610 915 5662 καὶ
936 5610 1141 5682 πικρὰν
1172 5610 1362 5681 νομὴν,
1397 5610 1492 5662 καὶ
1526 5610 1731 5682 ἆρχετα

1862 5605 2002 5660 mala
2031 5614 2084 5660 et
2108 5619 2295 5661 amara
2322 5620 2465 5670 esca,
2497 5612 2548 5657 et
2575 5602 2775 5655 sensim
2806 5602 2995 5672 incipit
3027 5601 3148 5671 quis
3174 5600 3427 5670 pedeten-

156 5708 277 5763 καὶ
325 5703 419 5766 είς
449 5700 522 5755 τὰ
562 5702 769 5777 μεγάλα
814 5702 906 5754 καὶ
945 5700 1221 5775 βαρύτερα
1260 5706 1619 5772 καταφρονεῖν
1662 5705 1736 5759 κα⁴

1862 5699 1957 5754 tim
1995 5699 2049 5753 in
2096 5698 2299 5771 majora
2332 5709 2389 5757 ct.
2425 5696 2669 5767 graviora
2701 5695 2947 5765 prolabi;
2986 5702 3039 5750 ct
3068 5693 3145 5749 sic
3175 5692 3439 5763 deinceps.

244 5964 277 6005 δ
309 5960 466 6017 Osce
504 5971 557 6023 ι,
588 5970 648 6011 ιι.
728 5969 750 5997 ο
787 5956 973 6014 Matth.
1004 5972 1035 6010 v
1086 5953 1175 6021 25,
1229 5954 1317 6009 36.
