4020 6340
133 435 147 448 ’
206 462 347 528 1657

1555 470 1955 532 'DOCTRINA
2006 471 2102 532 IV.

3315 465 3452 532 1658

192 575 354 644 ,μέγα
383 572 629 644 στρῶμαο
661 573 775 644 ἔχει
802 573 1042 646 τρίχινον
1081 575 1192 630 ἔσθ’
1221 579 1332 644 ὅτε,
1366 581 1461 635 καὶ
1493 581 1639 636 θέλει
1671 583 1767 636 ἀλ-

1899 592 1932 636 ιι
1963 596 2090 636 cum
2123 594 2217 650 per
2241 593 2456 635 menses
2483 578 2620 634 alios
2645 579 2887 649 quinque
2907 587 3070 649 atque
3097 579 3330 650 amplius
3348 581 3454 636 uti“I

174 666 367 731 λάξαι
415 666 570 728 αὐτὸ,
615 667 720 730 ,καὶ
766 666 953 722 λαϐεῖν
984 669 1134 730 ἄλλο.
1178 672 1213 742 ἢ
1258 672 1397 734 νέον,
1435 674 1470 744 ἦ
1505 674 1777 746 εὔμορφον

200 757 312 813 ἀπὸ
347 757 704 829 περπερείας,
740 759 774 830 ἢ
806 759 914 841 ἀπὸ
937 760 1215 831 ἀκηδείας.
1245 749 1482 818 Δύναταί
1503 783 1588 830 τις
1614 768 1780 838 ἀρκε-

207 849 416 919 σθῆναι·
453 848 535 900 ἑνὶ
580 849 874 920 κεντωνίῳ,
899 851 1003 921 ,καὶ
1037 852 1192 922 ζητεῖ
1228 851 1479 918 λσνάτον,
1512 856 1645 920 ἴσως
1685 859 1782 910 καὶ

202 939 523 1008 φιλονεικεῖ,
569 937 667 992 ἐὰν
702 939 778 1010 μὴ
819 939 980 1012 λάϐῃ.
1014 940 1077 994 Εἰ
1106 940 1298 995 ὂὲικαὶ
1329 942 1566 1014 ἄρξηται
1609 961 1780 1016 προσ-

134 1022 138 1026 ’
202 1031 358 1102 έχειν
389 1030 486 1084 καὶ
507 1029 588 1102 τῷ
617 1030 835 1102 ἀδελφῷ
855 1031 1040 1096 αὐτοῦ,
1064 1038 1160 1086 και⁵
1188 1034 1390 1102 λέγειν,
1423 1035 1526 1090 Διά
1551 1035 1604 1090 τί
1627 1031 1784 1101 οὗτος

203 1122 328 1177 τόδε
377 1121 513 1194 εχει,
551 1121 708 1192 κάγὼ
738 1123 840 1177 οὐκ
869 1122 1010 1194 ἐχως
1043 1127 1089 1178 .6
1129 1123 1372 1189 τοιοῦτος
1407 1126 1508 1179 οὐκ
1536 1116 1682 1180 ἐστιν
1724 1127 1784 1180 ὲν

204 1217 488 1287 προκοπῇ.
517 1215 687 1270 Πάλιν
719 1216 885 1269 ἁπλοῖ
915 1215 979 1270 τὸ
1017 1216 1232 1286 ἱμάτιον
1275 1217 1441 1272 αὑτοῦ
1479 1217 1512 1288 ἢ
1549 1217 1611 1272 τὸ
1654 1217 1784 1270 σκέ-

206 1323 410 1379 πασμα
440 1309 521 1371 εἰς
545 1309 639 1362 τὸν
665 1309 843 1378 ἣλιον,
884 1309 981 1363 καὶ
1015 1309 1209 1380 ἀμελεί
1250 1310 1346 1365 τοῦ
1374 1311 1583 1382 ἐπᾶραι
1628 1308 1780 1375 αὐτὸ,

207 1397 306 1451 καὶ
330 1399 442 1470 ἀφῇ
472 1400 606 1454 αὐτὸ
632 1397 892 1455 κακῦναι·
927 1401 1023 1455 καὶ
1075 1400 1235 1454 τοῦτο
1283 1401 1436 1473 παρά
1484 1401 1785 1471 συνείδησιν

207 1489 384 1542 ἐστιν.
422 1476 658 1561 Ὁμοίως
687 1490 782 1544 καὶ
817 1493 876 1544 ὲν
908 1489 1180 1563 βρώμασν
1211 1491 1433 1547 δύναταί
1452 1509 1538 1555 τις
1562 1478 1786 1563 ποιῆσαι

1880 671 1948 726 lis
1980 685 2100 725 esse
2127 679 2333 740 posset,
2358 669 2548 724 crebra
2575 669 2778 723 lotione
2806 683 2925 722 eam
2950 669 3139 724 reddat
3167 670 3448 727 inutilem:

1876 771 2069 816 contra
2097 759 2487 817 conscientiam
2515 761 2575 814 ﬁt
2598 760 2722 815 hoc.
2758 760 2910 816 idem
2939 770 3025 817 est
3051 761 3104 816 in
3131 762 3290 828 lecto,
3329 778 3454 818 cum

1880 863 2170 908 contentus
2195 868 2318 908 esse
2346 852 2470 923 quis
2501 854 2677 922 possit
2707 853 2872 909 unico
2902 853 3153 910 eervicali
3173 894 3191 919 ,
3220 863 3456 911 stratum

1881 944 2277 1015 amplissimum
2311 944 2563 1014 quzeritat
2592 962 2608 1011 ;
2641 945 2846 999 habens
2876 945 3114 1010 laneum,
3147 946 3276 1002 illud
3308 963 3460 1016 quae-

1881 1037 1952 1091 rit
1965 1045 2319 1101 commutare,
2343 1043 2406 1090 ut
2421 1050 2620 1090 novum
2643 1036 2866 1106 recipiat
2885 1036 2969 1092 vel
2992 1037 3138 1092 aliud
3154 1039 3456 1109 pulchrius,

1882 1136 2064 1183 motus
2099 1126 2358 1196 superbia
2382 1136 2438 1180 et
2459 1127 2717 1182 vanitate.
2757 1125 2940 1183 Potest
2971 1127 3100 1183 item
3131 1129 3292 1185 alieni
3323 1131 3460 1196 satia

1881 1232 2004 1274 esse
2029 1217 2257 1274 culcitra
2286 1232 2418 1281 una,
2447 1225 2503 1272 et
2530 1225 2762 1286 tapetem
2793 1219 3019 1288 quaerit,
3060 1219 3461 1290 altercaturque

1883 1310 2048 1365 etiam
2076 1308 2216 1364 forte
2249 1309 2353 1364 nisi
2394 1307 2684 1377 acceperit.
2716 1308 2778 1363 Si
2816 1309 2938 1379 quis
2965 1325 3184 1380 quoque
3210 1309 3456 1365 animad-

1883 1411 2059 1456 vertat
2085 1400 2306 1456 fratrem
2335 1399 2540 1472 aliquid
2569 1401 2769 1457 habere
2788 1410 2898 1474 quo
2921 1402 3038 1472 ipse
3075 1410 3278 1468 careat,
3316 1401 3460 1457 invi-

1885 1493 2118 1563 deatque
2143 1505 2198 1562 et
2222 1503 2538 1557 ntnrmuret,
2572 1509 2679 1549 non
2706 1505 2791 1550 est
2819 1495 2907 1549 hic
2931 1496 2983 1549 in
3008 1494 3098 1548 via
3121 1493 3459 1564 proﬁciendi.

205 1578 312 1649 τὴν
351 1581 542 1651 χρείαν
584 1580 752 1635 αὑτοῦ
781 1583 863 1646 εἰς
897 1585 1091 1654 μικρὸν
1123 1583 1353 1655 λάχανον
1397 1586 1432 1656 ἢ
1474 1584 1722 1656 ὄσπριον,
1750 1583 1786 1655 ἢ

1899 1583 2128 1664 Rursum
2168 1585 2412 1641 extendit
2452 1587 2580 1657 quis
2627 1587 2696 1641 ad
2743 1587 2914 1642 solem
2966 1587 3046 1641 vel
3092 1587 3331 1641 tunicam
3378 1586 3464 1641 vel

207 1674 401 1742 ὀλίγας
425 1674 635 1742 ἐλαίας,
664 1678 761 1731 καὶ
789 1678 891 1732 οὐκ
918 1680 1172 1749 ἀνέχεται
1193 1678 1442 1747 ποιῆσαι,
1473 1678 1608 1733 ἀλλά
1636 1677 1791 1748 ζητεῖ

1899 1678 2218 1748 opertorium
2246 1720 2263 1746 ,
2292 1687 2347 1734 et
2375 1677 2696 1750 negligentia
2737 1689 2793 1738 et
2842 1680 3052 1734 incuria
3095 1678 3284 1739 ardere
3328 1678 3464 1733 illud

214 1765 351 1818 ἄλλο
408 1765 608 1838 βρῶμα
661 1767 942 1839 ήδύτερον,
1000 1769 1034 1840 ἦ
1093 1769 1568 1840 πολυτελέστερον·
1615 1766 1789 1823 ταῦτα

1899 1770 2172 1841 permittit,
2202 1787 2305 1826 nec
2332 1771 2506 1827 elevat
2533 1756 2658 1828 eum
2681 1770 2838 1826 debet
2864 1791 2879 1826 :
2911 1783 2966 1827 et
2989 1772 3093 1828 hoc
3122 1771 3306 1840 utique
3334 1785 3466 1824 eon-

208 1853 395 1912 πάντα
428 1859 581 1929 παρὰ
618 1858 924 1929 συνείδησίν
947 1863 1116 1916 ἐστιν.
1149 1861 1212 1914 οι
1241 1861 1296 1913 δὲ
1322 1861 1568 1931 Πατέρες
1595 1859 1788 1928 λέγου-

1899 1872 1974 1918 tra
2000 1863 2386 1918 conscientiam
2412 1875 2516 1920 est.
2554 1865 2695 1920 Idem
2721 1876 2806 1920 est
2837 1864 2894 1918 in
2937 1866 3097 1920 cibo:
3129 1864 3310 1919 Potest
3334 1877 3463 1918 cor-

210 1965 306 2001 σιν
338 1949 421 2002 ὄτι
450 1949 549 2002 οὐκ
576 1947 783 2018 ὀφείλει
810 1950 840 2003 6
879 1949 1111 2021 μοναχὸς
1140 1951 1300 2004 ἐάσαι
1329 1950 1457 2003 ποτὲ
1482 1950 1583 2021 τὴν
1611 1947 1790 2002 συνεί-

1899 1969 2069 2027 poreat
2097 1955 2405 2012 necessitati
2431 1957 2557 2026 quis
2587 1958 2902 2013 satisfacere
2933 1957 3212 2021 olusculis,
3239 1956 3468 2028 legumi~

207 2042 372 2110 δησιν
427 2042 593 2095 αὑτοῦ
671 2043 1047 2111 καταπονῆσαι
1106 2043 1304 2108 αὑτὸν,
1348 2043 1456 2096 οὐδ’
1508 2042 1790 2114 ὲνιδήποτε

1899 2050 2091 2115 nibus,
2128 2051 2211 2104 vel
2258 2048 2487 2106 modicis
2524 2046 2724 2116 olivis;
2762 2065 2864 2106 nec
2909 2050 2979 2106 iis
3018 2057 3310 2106 contentus
3342 2056 3465 2114 est,

208 2133 521 2204 πράγματι.
579 2133 752 2205 Χρεία
780 2131 876 2188 οὖν
909 2137 1079 2200 ἐστιν,
1106 2135 1344 2203 ἀδελφοὶ,
1395 2135 1587 2205 νήφειν
1643 2134 1792 2204 ἡμᾶς

209 2224 469 2295 πάντοτε,
486 2226 581 2280 καὶ
604 2225 894 2296 φυλάττειν
925 2227 1151 2290 ἑαυτοὺς
1177 2226 1286 2280 ἀπὸ
1313 2225 1537 2280 Πάντων
1555 2223 1785 2289 τούτων,

214 2318 308 2372 ἵνα
346 2320 421 2391 μὴ
451 2320 780 2390 ἐμπέσωμεν
813 2321 897 2384 είς
921 2320 1012 2374 τὸν
1051 2321 1313 2375 κίνδυνον.
1347 2321 1458 2375 Καὶ⁴
1484 2319 1592 2392 γὰρ
1627 2319 1791 2382 αὐτὸς

207 2412 239 2464 6
261 2411 956 2486 Κύριος’προεμαρτύρατο
977 2415 1146 2484 ἡμᾶς,
1170 2412 1351 2478 καθὼς
1366 2413 1622 2484 ἀνωτέρω
1644 2411 1792 2464 εἷπο-

211 2520 343 2572 μεν.
376 2503 436 2557 '0
454 2504 589 2568 Θεὸς
755 2507 887 2577 ἡμῖν
908 2504 1128 2560 ἀκούειν
1158 2505 1253 2559 καὶ
1284 2503 1573 2573 φυλάττειν
1591 2502 1789 2568 ταῦτα,

209 2597 303 2651 ἴνα
338 2597 414 2667 μὴ
441 2600 522 2661 είς
547 2598 730 2669 κρίσιν
763 2597 1027 2667 γένωνται
1055 2597 1188 2668 ἡμῖν
1217 2597 1268 2649 οἱ
1293 2595 1446 2666 λόγοι
1471 2594 1582 2649 τῶν
1612 2594 1790 2649 Πατέ-

215 2699 338 2762 ρων
363 2690 538 2761 ήμῶνο

1891 2138 1987 2194 sed
2037 2139 2297 2194 lautiores
2338 2149 2391 2194 ct
2437 2138 2782 2195 delicatiores
2813 2138 2980 2208 dapes
3008 2136 3317 2208 perquirit:
3353 2136 3470 2192 haec

1887 2231 2076 2286 omnia
2094 2215 2284 2286 contra
2314 2230 2704 2286 conscientiam
2740 2238 2882 2286 sunt.
2915 2229 3260 2284 Admonuere
3285 2239 3467 2282 auten-

1889 2320 2081 2377 crebro
2122 2320 2356 2389 majores
2400 2320 2572 2374 nostri
2610 2335 2717 2374 non
2764 2319 2960 2374 debere
2992 2318 3104 2390 pati
3138 2316 3469 2372 monachum

1891 2409 2199 2466 remorderi,
2218 2423 2338 2464 sese
2367 2407 2661 2478 aliquando
2685 2425 2713 2463 a
2749 2410 3086 2464 conscientia
3111 2423 3232 2476 sua,
3260 2423 3330 2464 ne
3361 2422 3470 2463 una

1890 2503 2108 2574 quidem
2141 2517 2201 2556 re
2238 2501 2484 2556 minima.
2522 2498 2870 2570 Opusigitur
2911 2492 3067 2554 nobis
3109 2509 3212 2564 est,
3250 2499 3470 2565 fratres,

1891 2593 2184 2649 sobrietate
2213 2599 2490 2662 perpetua,
2521 2601 2582 2643 ut
2610 2603 2710 2644 nos
2738 2588 2807 2643 ab
2847 2585 3220 2656 hujuscemodi
3246 2587 3472 2640 omnino

1892 2685 2265 2741 custodiamus
2313 2681 2563 2737 illaasos:
2615 2697 2684 2736 ne
2721 2679 3016 2751 aliquando
3063 2678 3368 2733 incidamus
3417 2677 3473 2729 in

212 2784 520 2857 perieulum
547 2785 690 2856 quod
727 2785 884 2842 nobis
916 2783 1180 2840 Dominus
1212 2783 1579 2838 comminatus
1640 2789 1744 2846 est,
1805 2788 1868 2834 ιιι
1904 2779 2156 2849 superius
2188 2778 2446 2832 diximus.
2481 2775 2707 2831 Praestet
2755 2773 2909 2828 nobis
2948 2772 3089 2827 Deus
3133 2770 3248 2825 hate
3292 2769 3472 2824 omnia

213 2893 330 2932 non
363 2886 470 2932 tam
499 2879 689 2934 audire
709 2894 873 2949 quam
896 2878 1046 2934 obse.
1062 2892 1207 2943 vare,
1234 2893 1302 2933 ne
1325 2874 1532 2947 judicio
1551 2882 1795 2930 extremo
1828 2881 2044 2928 natrum
2104 2884 2413 2929 nostrorum
2471 2869 2877 2925 exhortationes
2897 2867 3111 2938 optima:
3137 2867 3192 2920 in
3207 2864 3473 2936 judicium

211 2978 270 3022 et
300 2967 807 3024 condemnationem
836 2968 995 3023 nobis
1027 2970 1176 3022 llant.

744 3082 1157 3136 ΔΙΔΑΣΚΑΛΙΑ
1191 3082 1266 3137 Δ’.

643 3194 927 3264 Περιγτοῦ
961 3195 1126 3252 θείου
1161 3195 1373 3264 φόϐου.
1467 3211 1471 3214 ·

289 3282 372 3340 A'.
399 3285 562 3355 Λέγει
585 3287 646 3340 ἐν
676 3287 794 3349 ταῖς
823 3286 1153 3349 Καθολικαῖς
1178 3289 1206 3340 6
1240 3286 1394 3355 ἅγιος
1448 3287 1701 3356 ιωάννης,
1729 3286 1801 3341 Ἢ

213 3377 422 3432 τελεία
447 3376 646 3448 ἀγάπη
674 3377 792 3441 ἕξω
804 3376 1028 3442 ,βάλλει
1051 3368 1158 3431 τὸν
1180 3378 1386 3446 φόϐον.
1407 3379 1547 3448 Ἀρα
1575 3377 1628 3430 τί
1648 3376 1790 3430 θέλει
1818 3385 1860 3443 c

211 3471 309 3524 διὰ
343 3469 497 3523 τοῦτο
529 3471 770 3542 σημᾶναι
810 3471 942 3540 ἡμῖν
979 3471 1009 3523 ό
1050 3469 1238 3538 ἂγιοςς
1282 3469 1444 3523 ποίαν
1485 3469 1594 3540 ἀρα
1642 3467 1793 3538 λέγει

213 3564 359 3634 ἡμῖν
385 3561 626 3631 ἀγάπην.
658 3562 752 3615 καὶ
771 3564 921 3614 ποῖον
955 3560 1153 3630 φόϐον;
1199 3561 1258 3614 '0
1283 3561 1381 3632 μὲν
1414 3561 1706 3634 Προφήτης
1738 3563 1796 3616 ὲν

213 3655 300 3726 τῷ
321 3651 524 3724 ψαλμῷ
549 3653 720 3723 λέγει’
759 3653 1061 3722 Φοϐήθητε
1087 3654 1193 3708 τὸν
1215 3655 1458 3722 Κύριον,
1488 3652 1713 3721 πάντες
1741 3656 1798 3708 οι

214 3747 383 3816 ἅγιοι
402 3733 611 3800 αὑτοῦ·
641 3747 736 3798 καὶ
762 3745 898 3800 ἄλλα
931 3746 987 3798 δὲ
1016 3746 1188 3817 μυρία
1211 3743 1441 3798 τοιαῦτα
1469 3744 1797 3816 εὑρίσκομεν

213 3838 278 3890 ὲν
318 3839 443 3898 ταῖς
480 3835 663 3903 ἁγίαις
696 3835 958 3907 Γραφαίς.
1006 3837 1070 3889 Εἰ
1097 3831 1191 3890 οὖν
1249 3836 1344 3890 καὶ
1374 3837 1424 3888 οἱ
1454 3834 1598 3903 ἆγιοι
1626 3833 1799 3898 οὕτως

214 3929 555 3998 ἀγαπῶντες
579 3927 671 4000 τὸγ
699 3927 923 3997 Κύριον,
954 3928 1244 3998 φοϐοῦνται
1277 3928 1459 3995 αὐτὸν,
1485 3929 1603 3994 πῶς
1629 3930 1796 3997 λέγει,

224 4021 297 4076 Ἦ
318 4018 521 4088 ἀγάπη
537 4018 654 4083 ἔξω
670 4014 891 4084 βάλλει
914 4021 1021 4074 τόν
1040 4021 1260 4093 φόϐοινς
1279 4018 1460 4083 Δεῖξαι
1501 4021 1534 4090 ή
1541 4023 1631 4090 μίν
1658 4019 1798 4074 θέλει

219 4117 256 4168 ὀ
292 4113 452 4181 ἅγιος
480 4113 563 4165 ὅτι
592 4110 685 4165 δύο
720 4111 828 4164 είσὶ
859 4111 1034 4181 φόϐοι,
1068 4105 1149 4176 εἷς
1183 4111 1564 4181 εἰσαγωγικὸς,
1597 4111 1692 4164 καὶ
1719 4105 1801 4174 εἷς

211 4205 450 4268 τέλειος·
481 4204 577 4258 καὶ
613 4205 695 4257 ὃτι
722 4205 751 4257 6
782 4202 882 4273 μὲν
915 4197 998 4266 εἷς
1025 4201 1135 4256 τῶν
1167 4202 1484 4274 ἀρχομένων
1531 4202 1698 4265 ἐστὶν,
1725 4200 1802 4265 ὡς

214 4297 296 4353 ἃν
331 4296 477 4351 είποι
505 4311 612 4362 τις,
641 4293 736 4348 τοῦ
783 4294 1088 4358 θεοσεϐοῦς·
1131 4298 1161 4349 6
1191 4295 1248 4349 δὲ
1292 4295 1450 4360 ἄλλος
1477 4293 1589 4348 τῶν
1631 4295 1802 4362 ἁγίων

210 4389 338 4453 τῶν
384 4387 780 4444 τελειωθέντων
818 4387 958 4452 ἐστὶ,
991 4387 1100 4441 τῶν
1131 4387 1453 4458 φθασάντων
1486 4387 1566 4451 εἰς
1605 4386 1666 4439 τὸ
1706 4387 1802 4458 μέ-

209 4498 360 4555 τρον
389 4480 492 4550 τῆς
521 4480 768 4551 ἀγάπης.
795 4473 924 4535 Οἷόν
949 4497 1002 4534 τι
1033 4479 1196 4550 λέγω·
1231 4482 1379 4534 [latet
1394 4497 1475 4544 τις
1503 4480 1565 4534 τὸ
1593 4479 1804 4550 θέλημα

209 4571 320 4628 οεοῦ
351 4569 488 4645 Θεοῦ
515 4571 614 4632 ,διά
643 4573 736 4626 τὸν
765 4571 928 4640 φόϐον
956 4571 1062 4625 τῶν
1090 4571 1383 4625 κολάσεων·
1413 4566 1590 4636 οὗτος,
1625 4572 1701 4634 ὡς
1729 4570 1804 4624 εί-

212 4677 435 4732 πομεν,
463 4661 649 4731 ἀκμὴν
683 4660 946 4731 ἀρχάριός
975 4663 1144 4727 ἐστιν,
1173 4654 1328 4724 οὗτος
1365 4663 1425 4714 οὐ
1451 4665 1596 4716 ποιεῖ
1621 4663 1804 4733 ἀκμὴν

213 4756 292 4810 δι’
324 4751 463 4806 αὐτὸ
497 4752 685 4815 καλὸν,
724 4751 863 4805 ἀλλὰ
898 4752 988 4806 διὰ

219 4795 694 4904 ῖζιλὶἑζδέζέᾲῖέὲ
724 4795 1352 4912 ζῖξέὶτὶῖιοδζδτὲξξὲ,
1392 4795 1805 4915 ὲζᾷπὲξξέιὶιζέᾷ

215 4938 322 4992 τὸν
353 4935 510 4998 Θεὸν,
541 4935 772 5005 ἀγαπῶν
821 4935 985 5000 αὐτὸν
1030 4936 1212 5000 ἰδικῶς
1257 4937 1336 5008 τῷ
1375 4940 1688 5011 εὐαρεστεῖν
1729 4937 1808 5008 τῷ

212 5027 378 5098 Θεῷ.
409 5018 578 5089 Οὗτος
607 5021 717 5081 οἶδε
751 5025 804 5080 τί
836 5015 987 5098 ἐστιν
1020 5026 1151 5079 αὐτὸ
1181 5027 1239 5081 τὸ
1269 5029 1450 5095 καλὸν,
1482 5025 1632 5092 οὗτος
1669 5029 1808 5098 ἔγνω

212 5123 274 5174 τί
313 5121 418 5170 ὲστ
468 5117 531 5170 τὸ
562 5112 699 5170 εἶναι
734 5116 874 5187 μετά
901 5097 994 5170 τοῦ
1029 5118 1186 5173 Θεοῦ.
1228 5119 1358 5171 Ἰδοὺ
1407 5114 1561 5184 οὗτός
1594 5123 1738 5173 ἐστιν
1782 5126 1811 5176 6

213 5213 376 5283 ἔχων
403 5207 502 5277 τὴν
521 5207 556 5260 ἀ
588 5206 780 5277 ηβινὴν
809 5201 1053 5278 ἀγάπην,
1076 5209 1140 5278 ἢν
1163 5207 1306 5276 λέγει
1336 5212 1364 5262 6
1394 5213 1545 5279 ἅγιος
1575 5212 1807 5281 τελείαν,

215 5304 329 5360 καὶ
361 5297 506 5371 αὕτη
534 5300 568 5369 ἡ
593 5299 782 5370 ἀγάπη
805 5299 960 5369 φέρει
990 5300 1151 5352 αὐτὸν
1187 5303 1264 5363 εἰς
1293 5303 1382 5353 τὸν
1406 5303 1603 5354 τέλειον
1625 5305 1806 5370 φόϐον.

212 5379 488 5449 Φοϐεἰται
525 5406 630 5460 γάρ
707 5387 942 5449 τοιοῦτος
977 5391 1078 5469 καὶ.
1102 5388 1355 5456 φυλάττει
1390 5391 1448 5441 τὸ
1477 5389 1685 5461 θέλημα
1717 5395 1810 5446 τοῦ

217 5481 403 5546 Θεόῖη
431 5483 532 5535 οὐκ
570 5483 650 5536 ’ἔτι
676 5481 764 5534 διὰ
794 5479 892 5544 τὰς
917 5481 1146 5551 πληγὰς,
1174 5483 1274 5536 οὐκ
1302 5483 1380 5534 ἔτι
1412 5481 1497 5534 διὰ
1526 5482 1586 5534 τὸ
1613 5484 1689 5554 μὴ
1719 5503 1811 5537 κο-

215 5574 525 5645 λασθῆναι·
551 5575 691 5636 ἀλλ’,
710 5573 897 5645 ὥσπερ
919 5574 1163 5642 εἴπομεν,
1185 5575 1696 5644 γευσάμενοςαὺτῆς
1713 5577 1812 5644 τῆς

218 5667 576 5743 γλυκύτητος
603 5667 699 5720 τοῦ
724 5665 860 5720 εἶναι
890 5666 1026 5736 μετὰ
1056 5665 1148 5718 τοῦ
1168 5666 1304 5719 ει)εοῦ
1322 5683 1336 5696 ·
1362 5666 1603 5735 φοϐεῖται
1632 5667 1705 5738 μὴ
1730 5657 1814 5719 3,7.-

219 5763 383 5833 πέσῃ
411 5758 602 5830 αὐτῆς,
629 5759 875 5829 φοϐεῖται
901 5757 975 5829 μὴ
1015 5758 1249 5829 στερηθῇ
1268 5758 1456 5826 αὐτῆς.
1481 5754 1646 5825 Οὗτος
1668 5758 1757 5815 οςν
1786 5764 1810 5814 ὁ

311 5937 337 5979 ί
368 5939 387 5994 l
413 5936 571 5995 Joan.
619 5955 693 6004 tv,
729 5937 811 5993 l8.
894 5940 913 5978 Ρ
946 5937 1088 5994 νεηι.
1140 5953 1330 6006 xxxm,
1360 5936 1462 6008 ιο.

2456 3063 2805 3120 DUCTRIhA
2837 3061 2925 3118 IV.

2409 3203 2484 3258 De
2523 3205 2702 3256 divino
2757 3204 2966 3256 timore.

1969 3299 2012 3352 l.
2045 3296 2322 3351 Sententia
2354 3292 2584 3370 Joannis
2631 3301 2714 3347 est
2753 3291 2809 3344 in
2853 3289 3099 3359 epistolis
3146 3291 3260 3344 suis
3286 3331 3300 3354 ,
3332 3299 3477 3360 quod

1894 3389 2124 3460 perfecta
2146 3385 2380 3440 Charitas
2409 3384 2555 3452 foras
2581 3380 2746 3451 ejirit'
2770 3380 3011 3433 timorem
3039 3379 3081 3431 ί.
3123 3377 3280 3444 Quid,
3317 3376 3478 3430 obse-

1896 3495 2017 3546 cro,
2053 3469 2156 3534 hac
2182 3474 2448 3533 sententia
2481 3471 2829 3528 nobisinnuit
2861 3479 3084 3525 sanctus
3108 3469 3129 3521 ?
3157 3466 3266 3522 Cur
3299 3467 3480 3521 chari-

1897 3581 2084 3634 tatem,
2110 3585 2210 3625 cur
2233 3568 2495 3624 timorem
2514 3562 2622 3618 ait?
2647 3559 2919 3631 Propheta
2945 3559 3121 3627 inquit
3146 3574 3196 3611 in
3224 3555 3473 3612 Psalmo:

1901 3661 2100 3716 Timete
2126 3659 2431 3721 Dominum,
2463 3649 2836 3720 ontnes'sancti
2861 3648 2974 3717 ejus
3001 3657 3047 3699 ε.
3081 3646 3145 3700 Ει
3169 3645 3274 3699 alia
3304 3644 3481 3714 plera-

1897 3766 2003 3818 que
2040 3742 2436 3817 hujuscemodi,
2464 3755 2586 3811 qua:
2619 3739 2674 3816 in
2705 3738 2878 3793 sacris
2909 3733 3126 3789 Litteris
3154 3733 3476 3803 reperimus.

1901 3845 1957 3898 Si
1987 3843 2130 3896 enim
2160 3847 2407 3893 amantes
2435 3833 2728 3888 Dominum
2758 3829 2933 3884 sancti
2958 3829 3119 3894 illum
3146 3835 3402 3880 verentur
3427 3834 3482 3879 et

1899 3937 2112 3996 timent,
2153 3939 2213 3984 ut
2243 3929 2375 3999 quid
2405 3927 2500 3991 ait,
2531 3928 2765 3994 perlecta
2807 3920 3040 3972 Charitas
3063 3920 3210 3986 [oras
3233 3915 3377 3977 eiicit
3412 3916 3483 3967 ti—

1900 4041 2093 4079 morem
2119 4025 2142 4079 ?
2177 4018 2475 4075 Ostendere
2507 4014 2664 4069 nobis
2692 4011 2806 4065 vult
2835 4000 3077 4074 sanctus,
3114 4004 3328 4060 timoris
3362 4018 3483 4060 esse

1900 4118 2010 4172 duo
2047 4129 2286 4186 genera;
2329 4111 2561 4166 alterum
2599 4106 2818 4177 quidem
2853 4101 3209 4173 isagogicum,
3242 4099 3346 4153 hoc
3375 4107 3479 4163 est,

1904 4207 2355 4266 introductorium
2381 4243 2396 4265 ,
2435 4203 2664 4256 alterum
2709 4212 2836 4252 vero
2886 4193 3206 4264 perfecmm.
3257 4189 3326 4244 Et
3367 4191 3483 4260 pri-

1905 4317 2049 4355 mum
2076 4339 2090 4363 ,
2133 4299 2352 4366 inquam
2379 4334 2394 4356 ,
2429 4307 2618 4347 eorum
2658 4299 2742 4345 est
2773 4329 2786 4349 ,
2817 4287 2909 4357 qui
2952 4298 3125 4353 nuper
3167 4283 3482 4353 religionem
3538 4299 3545 4307 ι

1905 4387 2184 4445 invadunt.
2220 4381 2530 4436 Secundum
2560 4388 2740 4432 autem
2772 4383 3083 4430 sanctorum
3117 4379 3281 4442 atque
3308 4369 3485 4442 perfe-

1905 4491 2138 4544 etorum,
2175 4477 2267 4547 qui
2299 4475 2413 4544 jam
2444 4474 2512 4529 ad
2546 4468 2827 4528 charitatis
2873 4475 3076 4520 sancta:
3118 4465 3329 4520 culmen
3356 4476 3484 4531 per-

1903 4582 2118 4630 venere,
2155 4573 2235 4630 ut,
2255 4564 2407 4617 verbi
2439 4561 2609 4632 gratia
2636 4576 2650 4609 :
2691 4554 2844 4610 Facit
2868 4553 2995 4622 quis
3028 4553 3117 4607 Dei
3148 4553 3480 4629 voluntatem

1903 4675 2014 4732 pra:
2042 4659 2236 4712 timore
2274 4655 2570 4727 gehennae:
2604 4649 2693 4703 hic
2719 4687 2736 4712 ,
2774 4656 2832 4702 ut
2864 4647 3124 4712 diximus,
3170 4643 3346 4697 adhuc
3378 4655 3513 4732 ηοωί

1033 4725 1137 4824 τὸν.
1172 4753 1336 4823 φόϐον
1385 4755 1496 4807 τῶν
1552 4725 1798 4824 πληγων.

1905 4725 2069 4807 vitius
2094 4759 2179 4807 est
2207 4759 2261 4806 et
2283 4725 2590 4816 incipiens,
2631 4742 2677 4796 is
2718 4741 2901 4796 adhuc
2941 4750 3158 4810 propter
3191 4749 3248 4790 se
3277 4725 3514 4823 bonuml

1907 4861 2014 4899 non
2040 4852 2274 4907 exercet,
2302 4840 2391 4895 sed
2417 4837 2611 4891 timore
2633 4835 2935 4904 plagarum.
2964 4832 3112 4884 Alter
3140 4827 3248 4881 Deo
3271 4827 3325 4880 in
3347 4817 3512 4881 cun?

1907 4938 2010 4992 etis
2039 4945 2190 5007 paret
2216 4950 2278 4994 ex
2319 4944 2503 4984 amore
2530 4939 2584 4982 et
2617 4925 2986 4983 benevolentia
3022 4924 3072 4976 in
3102 4919 3268 4975 Deum
3295 4957 3309 4980 ,
3345 4925 3400 4971 et
3425 4917 3479 4971 in

1910 5030 2086 5098 ipsum
2124 5028 2321 5079 bonum
2359 5031 2520 5090 atque
2549 5022 2823 5086 virtutem,
2854 5029 2910 5071 ut
2937 5014 3140 5069 scilicet
3170 5012 3271 5064 hoc
3303 5010 3482 5065 medio

1914 5123 2023 5177 Deo
2065 5121 2273 5190 placeat
2307 5128 2353 5170 3t
2390 5127 2573 5184 gratus
2618 5117 2707 5184 sit.
2754 5112 2910 5166 Novit
2958 5108 3042 5160 hic.
3083 5104 3324 5175 profecto
3352 5105 3478 5174 quid

1917 5216 2117 5269 bonum
2145 5252 2160 5271 .
2213 5209 2340 5278 quid
2380 5210 2552 5262 virtus
2593 5209 2702 5262 sit:
2760 5205 2904 5259 novit
2943 5201 3071 5269 quid
3108 5199 3178 5254 sit
3217 5215 3338 5252 cum
3374 5196 3482 5251 Deo

1916 5322 2054 5361 esse.
2088 5302 2182 5357 llic
2215 5302 2504 5371 perfectam
2537 5313 2591 5354 et
2624 5314 2826 5360 veram,
2860 5296 2926 5348 de
2949 5310 3054 5362 qua
3087 5293 3326 5361 loquitur
3343 5291 3480 5358 Apo-

1917 5401 2084 5453 stoltts
2110 5441 2124 5460 ,
2177 5397 2334 5450 habet
2366 5397 2682 5450 charitatvm
2714 5435 2725 5455 ,
2757 5402 2808 5442 et
2851 5392 2963 5457 ipsa
3008 5388 3243 5441 Charitas
3272 5400 3388 5436 eum
3427 5383 3479 5434 in

1911 5490 2204 5560 perfectum
2233 5489 2480 5541 timorem
2506 5488 2736 5540 adducit.
2764 5483 2936 5535 Timet
2962 5482 3102 5534 enim
3134 5482 3216 5533 hic
3245 5477 3476 5530 dvinam

1911 5580 2241 5634 voluntatem
2286 5591 2340 5633 et
2383 5582 2649 5634 observat.
2691 5592 2793 5626 non
2847 5586 2988 5627 metu
3044 5575 3337 5641 plagarum,
3373 5582 3476 5618 non

1913 5672 2214 5736 verberum,
2250 5672 2340 5726 scd
2378 5672 2664 5734 degustans
2697 5667 2829 5730 jam,
2861 5681 3018 5732 quam
3059 5665 3208 5712 dulio
3252 5659 3318 5710 sit
3355 5674 3476 5711 cum

1918 5763 2023 5818 lico
2051 5749 2188 5828 esse;
2234 5764 2487 5828 tinmujne
2527 5775 2592 5810 ne
2635 5775 2694 5812 ea
2737 5759 2972 5824 privetur
3009 5751 3290 5805 dulcedine
3348 5765 3477 5803 neve
