4020 6340
295 499 440 569 1661

1656 517 2035 580 DOCTRINA
2079 524 2174 584 IV.

3380 539 3515 604 1662
3622 566 3626 571 ’

291 619 647 693 ήμῶνἝστιν·
680 616 830 683 05:6;
862 624 1113 693 φυλάττει
1138 616 1235 697 τὴν
1257 627 1452 698 ψυχὴν,
1478 629 1665 703 ῶσπερ
1695 636 1729 704 ἡ
1754 637 1849 702 γά-

1951 642 2075 696 dam
2109 659 2177 698 ao
2214 646 2361 699 omni
2404 657 2664 715 pravitate
2702 656 2881 702 tuetur
2926 657 2978 703 et
3022 648 3273 717 protegit.
3312 650 3517 704 Dicitur

290 729 459 775 νωσις
493 711 539 744 ¹³
576 711 683 764 ἀπὸ
723 715 900 783 πάσης
945 716 1156 779 κακίας.
1202 720 1356 786 Λέγει
1401 721 1527 792 γὰρ,
1566 723 1646 787 Τῷ
1688 728 1847 793 φόϐῳ

293 802 522 870 Κυρίου
542 803 799 857 ἐκκλίνει
823 805 939 872 πᾶς
959 808 1073 860 ἀπὸ
1107 808 1317 885 κακοῦ.
1358 812 1481 864 Ἐὰν
1507 810 1600 867 οὖν
1630 816 1847 887 ὲκχλίνῃ

295 895 410 958 πᾶς
436 894 542 948 ἀπὺ
584 894 753 949 κακοῦ
799 896 886 950 διὰ
924 899 1016 951 τὸν
1045 901 1206 967 φόϐον
1252 903 1350 974 τῆς
1388 905 1678 973 κολάσεως,
1713 908 1788 971 ὡς
1821 911 1849 961 6

290 986 480 1051 δοῦλος
503 987 532 1039 6
558 988 886 1059 φοϐούμενος
913 992 1002 1045 τὸν
1021 992 1305 1065 δεσπότην,
1334 996 1550 1065 ἔρχεται
1585 1000 1725 1053 κατὰ
1754 1001 1849 1071 μέ-

294 1093 392 1147 ρος
421 1078 516 1131 καὶ
546 1081 624 1141 εἰς
656 1080 718 1132 τὸ
758 1082 981 1150 ποιῆσαι
1010 1084 1070 1136 τὺ
1100 1085 1324 1154 ἀγαθὸν,
1355 1090 1449 1141 καὶ
1481 1091 1619 1143 κατά
1654 1093 1847 1163 μικρὸν

294 1169 521 1240 ἄρχεται
553 1172 645 1224 καὶ
672 1172 1020 1227 ἁνταπόδοσίν
1048 1180 1175 1230 τινα⁶
1188 1179 1288 1247 τῆς
1312 1181 1572 1251 ἐργασίας
1595 1183 1689 1235 τοῦ
1717 1185 1849 1251 ἀγα-

294 1260 394 1314 θοῦ
416 1260 667 1326 ἐλπίζειν,
694 1264 941 1339 καθάπερ
964 1269 991 1319 ὀ
1028 1261 1311 1339 μισθωτόςξ
1346 1272 1514 1326 Ὅταν
1538 1270 1629 1329 οὖν
1654 1278 1851 1347 ἐμμεί-

293 1367 365 1423 νῃ
396 1353 608 1422 φεύγων
633 1356 694 1408 τὸ
719 1359 903 1422 κακὸν,
934 1359 1009 1422 ὡς
1044 1360 1287 1431 εἴπομεν,
1319 1363 1406 1417 διὰ
1432 1366 1524 1419 τὸν
1549 1367 1711 1435 φόϐον
1740 1369 1849 1423 ὥσ-

293 1461 406 1514 περ
436 1447 527 1498 καὶ
555 1446 755 1512 δοῦλος,
782 1450 875 1503 καὶ
903 1450 1063 1541 πάλιν
1093 1453 1260 1506 ποιῶν
1301 1456 1362 1508 τὸ
1402 1456 1603 1523 ἀγαθὸν
1636 1460 1721 1514 διὰ
1752 1461 1850 1531 τὴν

292 1536 508 1602 ἐλπίδα,
536 1537 721 1608 ὥσπερ
744 1541 771 1592 6
803 1536 1087 1609 μισθωτὸς,
1117 1543 1404 1614 χερονίζων
1440 1548 1484 1579 ⁸⁸
1510 1550 1605 1602 σὺν
1626 1552 1744 1622 Θεῷ
1772 1554 1851 1616 εἰς

291 1627 358 1680 τὸ
393 1628 612 1696 ἀγαθὸν,
659 1631 751 1683 καὶ
797 1633 935 1684 κατὰ
988 1634 1275 1703 ἀναλογίαν
1328 1642 1725 1709 συναπτόμενος
1775 1643 1853 1709 τῷ

291 1719 440 1790 Θεῷ,
470 1719 685 1788 γεύεται
713 1722 915 1788 λοιπὸν,
946 1726 1039 1778 καὶ
1073 1727 1149 1788 εὶς
1189 1727 1436 1797 αἴσθησίν
1462 1747 1580 1783 τινα
1628 1731 1859 1803 ἔρχεται,

292 1806 467 1859 αὐτοῦ
496 1808 589 1861 τοῦ
612 1810 780 1873 ὅντως
804 1813 1030 1880 ἀγαθοῦ,
1063 1817 1155 1868 καὶ
1193 1818 1376 1870 οὐκέτι
1407 1819 1547 1873 θέλει
1575 1822 1850 1893 χωρισθῆ-

292 1915 391 1951 ναι
433 1899 526 1952 ἀπ’
557 1896 862 1967 αὑτοῦ.’Τίς
890 1905 997 1975 γὰρ
1026 1907 1186 1959 αὑτὸν
1222 1907 1303 1961 ἔτι
1340 1910 1561 1964 δύναται
1598 1914 1850 1983 χωρίσαι,

291 1988 375 2050 ὼς
406 1985 556 2043 εἶπεν
592 1993 621 2044 6
669 1994 1007 2059 Ἀπόστολος,
1040 1998 1146 2050 ἀπὸ
1185 1999 1284 2068 τῆς
1327 2001 1545 2071 ἀγάπης
1576 2003 1671 2057 τοῦ
1718 2007 1762 2059 Χ
1774 2023 1852 2075 ρι-
1886 1991 1926 2046 Β

248 2092 262 2104 ·
292 2079 459 2169 0106;
490 2081 610 2136 τότε
639 2083 826 2151 φθάνει
853 2088 933 2150 εις
957 2087 1019 2140 τὸ
1048 2090 1244 2160 μέτρον
1264 2093 1356 2145 τοῦ
1380 2094 1520 2154 υἱοῦ,
1548 2097 1640 2149 καὶ
1662 2098 1851 2169 ἀγαπᾷ

290 2167 369 2222 δι’
400 2169 530 2224 αὐτὸ
564 2172 748 2241 καλὸν,
778 2176 872 2228 καὶ
901 2178 1142 2245 φοϐεῖται
1178 2182 1360 2253 ἐπειδὴ
1394 2186 1600 2256 ἀγαπᾷ.
1632 2167 1851 2243 K1106;-

287 2259 389 2323 τός
420 2262 565 2315 ἔστιν
589 2264 618 2315 6
643 2264 814 2334 μέγας
838 2267 931 2320 καὶ
959 2268 1161 2334 τέλειος
1185 2273 1365 2341 φόϐος.
1398 2276 1493 2329 Διὰ
1524 2278 1675 2331 τοῦτο
1704 2282 1795 2334 καὶ
1821 2283 1851 2333 6

287 2352 586 2426 Προφήτης
616 2355 878 2413 διδάσκων
906 2362 1052 2430 ἡμᾶς
1084 2366 1180 2435 τὴν
1216 2366 1498 2438 διαφορὰν,
1534 2370 1720 2425 τοῦτον
1759 2373 1849 2425 τὸν

286 2442 461 2511 φόϐον
489 2444 661 2513 ελεγεο
700 2449 897 2515 Δεῦτε,
927 2451 1126 2519 τέκνα,
1159 2454 1455 2510 ἀκούσατέ
1492 2476 1632 2527 μου,
1664 2464 1851 2529 φόϐον

283 2536 511 2623 Κυρίου
537 2536 755 2603 διδάξω
789 2539 961 2608 ὑμᾶς.
990 2542 1121 2596 Θέτε
1148 2545 1238 2598 τὸν
1271 2543 1394 2600 νοῦν
1428 2548 1595 2617 ὑμῶν⁹
1613 2553 1691 2616 εἰς
1716 2552 1847 2606 ἔκα-

279 2642 420 2689 ,ιπον
445 2626 595 2697 ῥῆμα
631 2628 725 2681 τοῦ
759 2629 1064 2701 Προφήτοιι⁸
1106 2634 1220 2698 πῶς
1252 2638 1454 2708 ἑκάστη
1498 2640 1640 2707 λέξις
1685 2645 1849 2698 αὑτοῦ

282 2717 519 2788 δύναμιν
538 2719 669 2791 εεχιιι.
695 2722 915 2793 Πρῶτον
942 2724 1305 2793 λέγει,ηΔεῦτε
1326 2733 1474 2799 πρός
1496 2750 1591 2801 με,
1618 2752 1852 2804 προσ-και

282 2810 550 2882 λούμενος
575 2816 723 2884 ἡμᾶς
742 2817 834 2869 ἐπὶ
861 2817 956 2888 τὴν
985 2820 1205 2891 ἀρετήν.
1225 2804 1514 2891 Πρόστιθεί
1540 2828 1631 2881 καὶ
1662 2830 1848 2882 τέκνα·

282 2902 458 2958 τέκνα
494 2905 746 2962 καλοῦσιν
785 2910 832 2963 0i
865 2910 1008 2977 ἅγιοι
1042 2915 1166 2976 τοὺς
1219 2914 1306 2968 διὰ
1354 2915 1448 2969 τοῦ
1479 2918 1634 2986 λόγου
1674 2921 1851 2975 αὐτῶν

283 2999 858 3068 μεταμορφουμένους,
877 3003 984 3055 ἀπὸ
1002 3003 1103 3073 τῆς
1124 3008 1322 3069 κακίας
1349 2996 1601 3082 πρὸςτὴν
1630 3012 1849 3084 ἀρετὴν,

284 3085 371 3149 ὡς
392 3085 536 3155 λέγει
557 3089 587 3142 6
610 3086 945 3156 ’Λπόστολοᾳ
972 3097 1181 3148 Τεκνία
1205 3098 1311 3163 οὓς
1334 3100 1519 3154 πάλιν
1540 3102 1727 3157 ὠδίνω
1747 3105 1852 3173 μέ-

284 3195 427 3248 χρις
453 3174 524 3236 οὗ
560 3182 843 3250 μορφωθῇ
871 3185 1120 3251 Χριστὸς
1143 3186 1215 3244 ,ἐν
1250 3189 1413 3256 ὑμῖν.
1445 3188 1578 3245 Εῐτα
1628 3193 1768 3263 μετὰ
1793 3194 1854 3247 τὸ

1948 736 2130 790 enim:
2171 735 2377 791 Timore
2415 736 2626 791 Domini
2668 738 2894 793 declinat
2937 739 3101 791 omnis
3141 756 3172 791 a
3213 741 3352 793 malo
3378 742 3424 794 Ιπ.
3460 742 3513 794 Si

1949 828 2072 897 quis
2098 828 2264 897 igitur
2283 845 2313 882 a
2338 830 2480 884 malo
2507 829 2746 885 declinat
2768 829 2839 884 ob
2871 840 3071 886 metum
3104 845 3293 899 poenio,
3325 840 3385 886 ut
3405 847 3515 885 scr-

1948 936 2049 975 vus
2078 930 2180 986 est,
2213 921 2306 992 qui
2333 922 2610 977 dominum
2656 932 2888 977 veretur.
2934 922 3142 977 Sensim
3175 935 3353 977 autem
3392 938 3514 978 eum

1949 1010 2181 1066 declinat
2212 1027 2239 1066 a
2275 1013 2438 1078 malo,
2464 1029 2530 1068 eo
2559 1015 2800 1083 pervertit
2826 1022 2882 1068 ut
2912 1015 3110 1067 bonum
3136 1023 3277 1083 agat.
3304 1014 3361 1067 Et
3392 1015 3514 1067 tlttm

1950 1102 2359 1156 retributionem
2403 1103 2567 1158 ullam
2616 1104 2769 1158 bona:
2807 1103 3135 1173 operationis
3171 1120 3387 1173 sperare
3433 1106 3516 1157 iu-
3586 1162 3589 1167 ,

1950 1193 2118 1262 cipit,
2151 1196 2518 1249 mercenarius
2552 1194 2632 1251 iit.
2682 1194 2786 1261 Qui
2834 1195 3000 1265 igitur
3045 1194 3188 1249 bono
3222 1195 3423 1255 instat,
3468 1205 3519 1247 ct

1950 1284 2153 1338 malum
2189 1284 2323 1355 fugit
2349 1286 2418 1339 ob
2450 1294 2673 1347 metum,
2710 1288 2795 1340 hic
2821 1301 3010 1341 servus
3046 1294 3127 1340 est
3155 1303 3167 1338 :
3201 1296 3255 1339 ct
3278 1287 3367 1355 qui
3404 1302 3520 1340 rur—

1953 1389 2073 1428 sum
2105 1374 2176 1429 ob
2205 1390 2353 1443 spem
2386 1376 2613 1443 praemii,
2646 1375 2731 1430 hic
2765 1375 3156 1431 mercenarius.
3188 1375 3289 1441 Qui
3318 1375 3521 1428 diutius

1952 1466 2007 1519 in
2037 1466 2181 1521 bono
2208 1474 2577 1521 commoratur
2601 1505 2617 1529 ,
2654 1481 2778 1521 cum
2829 1464 2936 1519 Deo
2984 1474 3065 1520 est
3090 1507 3103 1529 ,
3141 1476 3194 1519 et
3222 1465 3518 1519 secundum

1952 1557 2253 1627 analogiam
2280 1557 2387 1612 Deo
2407 1558 2662 1613 adhaeret.
2693 1555 2948 1627 Degustat
2972 1556 3130 1627 392
3156 1557 3299 1610 enim
3330 1566 3381 1609 et
3402 1572 3522 1624 pcr-

1953 1650 2097 1703 venit
2127 1650 2183 1704 in
2214 1665 2434 1706 sensum
2462 1651 2748 1719 quemdam
2787 1652 2895 1704 veri
2938 1651 3105 1719 ipsius
3144 1648 3288 1713 boui,
3320 1664 3416 1703 nec
3454 1650 3521 1700 ah

1951 1757 2016 1797 eo
2042 1743 2224 1797 divelli
2250 1745 2446 1799 amodo
2470 1754 2563 1799 aut
2594 1745 2708 1798 vult
2735 1754 2829 1799 aut
2864 1752 3057 1813 potest.
3087 1742 3219 1807 Quis
3240 1744 3382 1797 enim
3407 1744 3519 1811 jam

1953 1837 2132 1905 ipsum
2162 1845 2357 1905 potest,
2395 1844 2454 1890 ut
2480 1838 2554 1891 ait
2580 1836 2872 1906 Apostolus
2906 1836 2921 1875 ι
2954 1853 3002 1901 a,
3028 1836 3286 1889 charitatc
3321 1835 3520 1888 Christi

1954 1926 2248 1981 divellere?
2293 1934 2528 1995 tuncque
2569 1927 2622 1980 in
2659 1924 2951 1995 perlectam
3000 1924 3090 1978 lilii
3135 1938 3441 1979 tuonsuram
3472 1932 3523 1973 et

1952 2026 2149 2073 statttm
2181 2017 2441 2087 pervenit,
2469 2024 2523 2071 ct
2553 2016 2727 2086 diligit
2762 2017 2962 2070 bonum
2989 2027 3205 2085 propter
3234 2032 3291 2070 se
3322 2015 3518 2083 ipsum,

1954 2113 2211 2180 timetque
2240 2126 2361 2165 cum
2385 2110 2576 2181 diligit.
2606 2109 2779 2179 Atque
2809 2110 2897 2164 hic
2921 2124 3151 2179 magnus
3174 2118 3225 2163 ct
3255 2107 3521 2177 perfectus

1950 2217 2033 2260 est
2063 2205 2245 2259 timor.
2270 2202 2347 2256 Ex
2376 2204 2477 2258 hoc
2505 2203 2763 2272 propheta
2792 2219 2891 2255 nos
2915 2203 3103 2257 edocet
3134 2201 3276 2272 quod
3305 2201 3524 2255 timores
3562 2220 3565 2221 ν

1952 2297 2039 2351 isti
2066 2296 2204 2348 inter
2239 2309 2297 2349 se
2326 2292 2596 2356 dilIerant,
2621 2308 2744 2348 cum
2779 2293 2854 2346 ait
2895 2311 2905 2345 :
2950 2290 3150 2357 Venite,
3182 2291 3316 2359 ﬁlii,
3350 2289 3526 2343 audite

1951 2401 2029 2437 me
2051 2423 2067 2448 ,
2108 2385 2343 2437 timorem
2375 2383 2589 2437 Domini
2628 2381 2819 2436 docebo
2854 2400 2941 2436 vos
2976 2393 3036 2435 ιιι.
3092 2381 3363 2434 Advortite
3393 2370 3522 2431 ani-

1950 2490 2096 2529 mum
2142 2474 2210 2528 ad
2252 2474 2462 2544 singula
2503 2474 2777 2543 prepheta:
2810 2474 3008 2528 verba:
3062 2470 3522 2543 quemadmodum

1950 2581 2289 2635 unaquaque
2307 2566 2476 2620 dictio
2503 2580 2772 2621 summam
2802 2565 2910 2633 vim
2945 2564 3161 2628 habeat,
3191 2560 3524 2630 contempla-

1950 2659 2102 2713 mini.
2137 2643 2392 2711 IPrimum
2419 2658 2579 2727 igitur
2618 2656 2816 2725 inquit,
2870 2656 3070 2721 Venite,
3107 2654 3230 2724 ﬁlii.
3270 2652 3526 2707 Hortatur

1950 2764 2050 2803 nos
2085 2747 2152 2802 ad
2182 2748 2455 2808 virtutem,
2482 2762 2605 2801 cum
2635 2744 2728 2803 lilii
2758 2761 2951 2800 nomen
2980 2746 3192 2814 adjicit-
3219 2745 3357 2798 filios
3377 2742 3521 2796 cnim

1951 2841 2284 2911 appellavere
2326 2839 2427 2893 viri
2476 2840 2647 2894 sancti
2693 2853 2987 2894 conversos
3020 2838 3084 2891 ab
3130 2835 3412 2904 iniquitate
3454 2832 3521 2884 ad

1948 2933 2215 3003 justitiam
2246 2939 2299 2984 et
2328 2932 2605 2993 virtutem,
2635 2938 2693 2984 ut
2723 2930 2799 2984 ait
2832 2929 3121 2997 Apostolus
3160 2947 3174 2980 :
3213 2925 3374 2990 Filii,
3394 2940 3522 2991 quos

1952 3028 2141 3080 iterum
2168 3024 2428 3093 pa‘rturio,
2462 3024 2622 3077 donec
2652 3022 2893 3076 Christus
2930 3022 3186 3089 formetur
3219 3022 3272 3072 in
3303 3021 3441 3073 nobis
3473 3026 3519 3066 ".

1953 3116 2153 3171 Deinde
2190 3132 2315 3171 cum
2358 3131 2458 3171 nos
2501 3116 2817 3186 exhortatus
2862 3123 3006 3169 esset
3041 3114 3106 3167 ad
3151 3114 3522 3182 hujuscemodi

1951 3208 2359 3263 conversionem
2387 3214 2443 3261 et
2466 3205 2929 3269 reformationem,
2966 3205 3268 3273 subjunxit,
3296 3205 3479 3260 dicens
3506 3223 3521 3258 :

284 3269 818 3375 προ[ο]καλέσασθαι
861 3276 1006 3345 ἡμᾶς
1043 3278 1136 3329 καὶ
1172 3280 1579 3350 προτρέψασθαι
1628 3285 1722 3336 ἐπὶ
1752 3286 1851 3354 τὴν

1955 3296 2215 3351 Timorem
2252 3296 2458 3349 Domini
2498 3295 2688 3349 docebo
2727 3312 2834 3349 vos.
2874 3295 3329 3365 Contemplamini
3378 3312 3523 3350 nunc

280 3360 542 3432 τοιαύτην
572 3364 1008 3436 μεταμόρφωσιν,
1052 3367 1220 3436 λέγει·
1264 3372 1454 3425 Φόϐον
1497 3376 1716 3444 Kvplqv
1759 3377 1846 3430 δι-

281 3452 453 3518 δάξω
497 3453 960 3533 ὑμᾶςκΒλέπετε
1006 3457 1103 3529 τὴν
1140 3462 1479 3538 γηπαρῤησίαν
1521 3464 1614 3517 τοῦ
1665 3466 1842 3538 ἁγίου..

292 3545 491 3615 Ἡμεῖς
517 3548 645 3601 ὅταν
671 3547 913 3619 θέλωμεν
944 3535 1193 3605 εἰπεῖντί
1223 3571 1351 3605 ποτε
1374 3555 1558 3620 καλὸν,
1582 3557 1670 3609 ἀεὶ
1694 3535 1848 3625 λέγοι

282 3652 412 3713 μεν·
439 3637 630 3692 Θέλετε
678 3640 1046 3712 διαλεχθῶμεν
1074 3702 1077 3703 ν
1102 3644 1295 3715 μικρὸν
1343 3646 1438 3698 καὶ
1483 3650 1848 3719 γυμνάσωμεν

279 3728 420 3799 περὶ
449 3728 613 3798 φόϐου
655 3731 813 3796 Θεοῦ,
839 3732 872 3802 ἢ
902 3734 1029 3803 περὶ
1059 3719 1226 3806 ἄλλης
1259 3738 1458 3807 ἀρετῆς
1485 3756 1499 3803 ;
1540 3740 1568 3792 6
1608 3739 1665 3791 δὲ
1698 3741 1850 3808 ἅγιος

282 3817 393 3887 οὐχ
429 3818 620 3885 οὕτως,
649 3820 784 3887 ἀλλὰ
820 3824 955 3893 μετὰ
979 3826 1289 3896 παρρησίας
1318 3827 1488 3896 ἔλεγε·
1515 3830 1717 3895 Δεῦτε,
1755 3832 1848 3885 τέ-

282 3923 427 3970 ara.
457 3909 756 3965 ἀκούσατέ
777 3930 919 3979 μου,
952 3916 1141 3982 φόϐον
1167 3919 1386 3985 Kvpl’ov
1415 3919 1633 3984 διδάξω
1669 3921 1846 3990 ὑμᾶς.

288 4000 393 4064 Τις
416 3998 586 4053 ἐστιν
614 4000 924 4069 ἄνθρωπος
951 4007 984 4057 ό
1013 4004 1203 4058 θέλων
1226 4006 1397 4074 ζωὴν,
1426 4010 1679 4078 ’ἀγαπῶν
1706 4013 1851 4080 ἡμέ-

273 4106 400 4166 ρας
442 4087 588 4143 ἰδεῖν
616 4090 878 4157 ἀγαθάς;
908 4087 1059 4161 Εἶτα,
1098 4094 1174 4158 ὣς
1206 4112 1355 4159 τινος
1394 4098 1846 4169 ἀποκρινομένοὶ),

281 4179 372 4232 ὃτι
413 4176 551 4245 Ἐγὼ
579 4176 735 4245 Θέλω,
763 4180 972 4245 δίδαξόν
1006 4200 1073 4252 με
1101 4184 1217 4247 πῶς
1240 4185 1420 4254 ζῆσαι,
1439 4187 1532 4239 καὶ
1564 4187 1689 4241 ἰδεῖν
1714 4190 1850 4258 ἠμέ-

283 4285 394 4341 ρας
424 4268 649 4343 ἀγαθὰς,
682 4270 920 4325 διδάσκει
945 4275 1037 4327 καὶ
1057 4275 1220 4344 λέγει·
1245 4277 1491 4331 Παῦσον
1513 4276 1628 4346 τὴν
1660 4280 1851 4349 7150'-

282 4361 415 4420 σάν
434 4380 549 4419 σου
584 4366 703 4420 ἀπὸ
728 4366 932 4431 κακοῦ,
956 4371 1052 4423 καὶ
1080 4370 1251 4439 χείλη
1276 4388 1391 4426 σου
1416 4372 1523 4426 τοῦ
1551 4373 1635 4442 μὴ
1660 4372 1848 4442 λαλῆ-

278 4469 398 4508 σαι
431 4454 630 4509 δόλον.
668 4456 799 4511 Ἰδοὺ
825 4458 959 4522 τέως
987 4459 1083 4529 τὴν
1116 4462 1396 4531 ἐνέργειαν
1420 4464 1719 4518 ἀποκόπτει
1753 4465 1848 4518 τοῦ

278 4541 461 4597 κακοῦ
512 4544 599 4597 διὰ
633 4544 727 4597 τοῦ
784 4547 949 4615 φόϐου
1008 4549 1098 4601 τοῦ
1148 4550 1302 4604 Θεοῦο
1353 4552 1432 4616 τὸ,
1467 4553 1700 4608 Παῦσαι
1740 4553 1853 4622 τὴν

1947 3389 2224 3460 propheta:
2262 3386 2535 3441 ﬁduciam.
2586 3384 2693 3441 Nos
2742 3402 2865 3441 eum
2916 3387 3166 3457 volumus
3210 3387 3277 3440 de
3327 3387 3523 3441 virtute

1949 3480 2128 3549 aliqua
2175 3478 2317 3547 apud
2365 3492 2464 3531 vos
2502 3476 2661 3531 verba
2699 3472 2916 3541 facere,
2964 3470 3177 3545 semper
3222 3476 3293 3531 ita
3340 3476 3522 3530 dicere

1949 3569 2361 3626 consuevimus:
2382 3567 2461 3621 An
2493 3568 2646 3622 vobis
2669 3565 2883 3636 gratum
2911 3574 2995 3621 est
3022 3574 3083 3620 ut
3104 3566 3306 3635 aliquid
3333 3566 3400 3619 de
3424 3549 3520 3619 Dei

1950 3663 2163 3723 timore,
2195 3661 2278 3713 vel
2310 3661 2377 3714 de
2404 3660 2596 3729 quavis
2625 3658 2728 3712 alia
2772 3658 2973 3711 virtute
3016 3658 3156 3711 inter
3187 3672 3288 3710 nos
3330 3657 3518 3726 dispu-

1880 3808 1883 3809 ν
1949 3753 2163 3808 lenius?
2182 3750 2449 3821 Propheta
2474 3764 2654 3805 autem
2673 3750 2779 3803 non
2802 3751 2901 3812 sic,
2929 3748 3021 3805 sed
3045 3764 3166 3803 cum
3198 3749 3390 3804 ﬁducia
3412 3750 3520 3803 ait:

1958 3844 2158 3909 Venite,
2188 3844 2309 3911 ﬁlii,
2332 3842 2509 3895 audite
2541 3857 2641 3902 me,
2670 3842 2907 3895 timerent
2938 3839 3148 3893 Domini
3181 3840 3371 3892 docebo
3397 3854 3483 3892 vos
3501 3853 3521 3889 :

1951 3933 2081 4000 Quis
2109 3942 2187 3987 est
2213 3932 2367 3985 homo
2392 3933 2483 4000 qui
2519 3932 2629 3983 vult
2658 3919 2843 3991 vitum,
2876 3930 3051 3998 diligit
3080 3930 3192 3983 dies
3224 3930 3393 3982 videre
3429 3929 3522 3981 bo-

1951 4041 2042 4077 nos
2064 4023 2125 4074 οτ
2170 4021 2298 4076 Post
2324 4023 2439 4075 haec
2466 4030 2720 4089 tanquam
2756 4018 2939 4087 aliquo
2968 4018 3302 4073 acclamante
3324 4033 3382 4072 se
3410 4020 3523 4073 vcl-

1948 4116 2018 4181 le,
2052 4124 2107 4170 et
2148 4113 2508 4183 respondente
2539 4130 2553 4166 :
2596 4111 2736 4167 Doce
2766 4127 2853 4166 me
2894 4126 3003 4181 quo
3039 4120 3196 4180 pacto
3223 4111 3422 4175 vivam,
3467 4124 3523 4168 et

1948 4206 2161 4259 videam
2198 4203 2314 4259 dies
2335 4203 2509 4258 bonos
2530 4245 2544 4269 ,
2575 4204 2734 4258 docet
2763 4212 2817 4257 et
2843 4202 2919 4255 ait
2955 4220 2969 4256 :
3013 4201 3240 4256 Prohibe
3284 4203 3520 4273 linguam

1953 4304 2097 4351 tuam
2131 4312 2163 4349 a
2192 4295 2331 4349 malo
2362 4306 2389 4345 ιι
2411 4336 2426 4361 ,
2470 4296 2574 4351 hoc
2610 4305 2712 4359 est,
2744 4295 2890 4348 nulla
2937 4293 2991 4347 in
3039 4309 3097 4347 re
3134 4295 3517 4349 conscientiam

1951 4389 2184 4460 proximi
2227 4388 2410 4454 laedas,
2437 4403 2544 4443 non
2587 4385 2952 4456 obloquendo,
3001 4400 3109 4440 non
3147 4386 3513 4456 provocando.

1953 4478 2120 4533 Labia
2157 4488 2335 4533 autem
2377 4494 2440 4531 ne
2462 4477 2744 4545 loquantur
2764 4473 2965 4539 dolum,
2997 4474 3054 4530 id
3089 4484 3212 4539 est,
3249 4474 3380 4527 nihil
3407 4472 3514 4525 doli

1953 4570 2229 4627 mediteris
2251 4578 2346 4623 aut
2370 4576 2550 4623 struas
2569 4566 2623 4619 in
2652 4565 2980 4636 proximum.
3004 4566 3144 4621 Hinc
3170 4565 3271 4618 ait:
3293 4562 3516 4616 Prohibe

196 4706 201 4709 η
279 4631 578 4701 γλῶσσάν
618 4650 733 4689 σου
761 4638 877 4691 ἀπὸ
902 4640 1113 4705 κακοῦ,
1145 4643 1279 4705 ἐστὶ,
1313 4642 1373 4695 :6
1406 4646 1480 4716 μὴ
1532 4646 1732 4717 πλῆξαι
1766 4648 1851 4721 διᾲ

1954 4665 2190 4733 linguam
2222 4670 2363 4714 tuam
2400 4674 2433 4711 α
2465 4655 2604 4709 malo
2632 4631 2671 4719 ;—
2688 4665 2743 4711 et
2788 4667 2912 4727 post
2953 4657 3136 4712 subdit
3170 4672 3186 4707 :
3219 4652 3435 4706 Declina
3485 4674 3515 4705 η

278 4742 434 4788 τινος
464 4726 571 4796 tim
602 4768 603 4773 η
660 4728 889 4798 ί’“-ἱδησιν
925 4731 1018 4783 τοῦ
1049 4733 1301 4803 πλησίον,
1340 4735 1401 4787 τὸ
1435 4740 1510 4806 μὴ
1539 4738 1848 4810 καταλαλῆ-

282 4832 407 4878 cat,
443 4815 505 4868 τὸ
540 4817 614 4887 μὴ
638 4817 954 4888 παροξῦναι·
988 4823 1049 4875 τὸ
1075 4823 1153 4886 δὲ,
1186 4826 1262 4878 Τὰ
1291 4827 1465 4894 χείλη
1489 4842 1605 4883 σου
1629 4831 1714 4899 μὴ
1744 4835 1851 4886 λα-

280 4907 483 4994 ⁸δῆσαι
509 4906 711 4973 δόλον,
738 4908 874 4974 ἐστὶ,
904 4912 962 4963 τὸ
990 4914 1064 4982 μὴ
1088 4915 1458 4972 δολιεύσασθαι
1482 4920 1575 4975 τὸν
1603 4923 1849 4994 πλησίονο

287 4992 419 5052 εἶτα
453 4999 665 5067 ἐπάγειο
709 4999 1026 5055 Ἔκκλινον
1063 5006 1181 5058 ἀπὸ
1215 5008 1422 5063 κακοῦ.
1460 5006 1595 5063 Εἶπε
1637 4992 1852 5083 πρὦτον

258 5060 265 5089 ⁸
290 5089 531 5161 μερικὰς
551 5060 701 5152 τινας
724 5089 1013 5161 ἁμαρτίας,
1047 5096 1145 5167 τὴν
1172 5060 1848 5172 καταλδὶάν,ὲὶπν”ἓιᾷζᾶζ

246 5257 261 5271 θ
286 5195 453 5249 τητα,
496 5180 589 5233 καὶ
625 5180 797 5244 οὕτως
826 5182 1067 5252 ἐπήγαγε
1109 5188 1468 5256 περιεκτικῶς
1513 5193 1643 5263 ’περὶ⁹
1669 5194 1849 5266 πάσης

285 5269 395 5340 τῆς
417 5271 634 5339 κακίας,
662 5274 742 5352 τὸ,
778 5275 1105 5330 Ἐκκλινον
1131 5278 1250 5333 ἀπὸ
1283 5281 1494 5335 κακοῦο
1519 5277 1652 5351 οἷον,
1680 5285 1849 5355 φεῦγε

286 5359 485 5425 ἁπλῶς
509 5366 617 5419 πᾶν
643 5366 831 5432 κακὸν,
861 5366 1106 5422 ἔκκλινον
1152 5370 1260 5423 ἀπὸ
1297 5373 1497 5437 παντὸς
1526 5376 1851 5448 πράγματος

288 5449 554 5523 φέροντος
603 5456 893 5529 ἁμαρτίαν.
941 5459 1054 5512 Οὐκ
1087 5455 1207 5514 εἷπε
1256 5462 1413 5516 τοῦτο
1459 5467 1619 5521 πάλιν
1670 5471 1849 5539 μόνον,

1948 4752 2087 4806 malo
2110 4760 2158 4804 ει.
2185 4750 2426 4805 Primum
2458 4745 2805 4816 particularia
2829 4747 3073 4817 quaedam
3100 4742 3293 4798 delicta
3325 4745 3512 4810 tangit.

1945 4843 2127 4914 qualia
2163 4836 2565 4910 procacitatem,
2599 4838 3028 4893 maledicentiam
3089 4843 3143 4889 et
3174 4832 3397 4888 dolum:
3432 4851 3516 4885 δυο
3628 4822 3631 4823 ⁷

1946 4919 2128 4990 eundo
2165 4931 2233 4984 de
2258 4929 2451 4999 quavis
2480 4929 2683 4984 malitia
2713 4940 2765 4985 et
2797 4929 3078 4999 iniquitate
3109 4925 3391 4994 cetnplexe
3438 4926 3515 4978 lu-

1947 5025 2107 5073 cutus
2130 5023 2211 5069 est
2236 5051 2252 5076 ,
2284 5028 2359 5080 ac
2398 5013 2442 5068 si
2490 5015 2635 5070 dicat
2672 5024 2860 5084 aperte
2890 5029 2905 5065 :
2960 5008 3107 5080 Fuge
3139 5024 3301 5063 omne
3342 5026 3514 5079 genus

1951 5104 2099 5169 mali,
2130 5102 2341 5159 declina
2373 5103 2441 5158 ab
2472 5105 2618 5159 omni
2660 5120 2720 5160 re
2755 5118 2874 5174 que
2901 5108 3177 5179 peccatum
3217 5109 3312 5153 aut
3337 5099 3511 5153 labent

1952 5196 2115 5252 ullam
2150 5208 2261 5263 prae
2283 5208 2343 5250 se
2374 5194 2530 5250 ferat.
2552 5192 2744 5265 Neque
2771 5192 3024 5249 cumbae
3060 5192 3304 5253 dixisset.
3336 5192 3512 5247 couti-

1951 5286 2098 5355 cuit;
2128 5286 2224 5341 sed
2254 5286 2477 5356 addidit,
2515 5297 2565 5342 et
2592 5288 2677 5357 [ac
2712 5286 2901 5338 bonum
2926 5298 2945 5337 :
2968 5282 3073 5337 hoc
3108 5292 3213 5347 est,
3243 5299 3349 5337 non
3376 5281 3511 5335 satis

1951 5378 2141 5447 utique
2170 5392 2278 5434 non
2309 5374 2647 5445 malefacere,
2678 5377 2782 5432 nisi
2816 5385 2873 5431 et-
2898 5376 3031 5433 bene
3061 5375 3227 5432 facias
3252 5394 3266 5441 ;
3296 5388 3399 5427 non
3428 5387 3509 5426 sa-

1954 5469 2027 5523 tis
2053 5468 2262 5524 nullum
2295 5470 2507 5538 ledere,
2535 5468 2638 5523 nisi
2673 5474 2727 5521 et
2763 5466 2995 5537 alicujus
3028 5464 3369 5538 miserearis;
3397 5476 3507 5515 non

368 5560 590 5647 {fro}:
610 5585 700 5638 xv,
734 5570 821 5625 27.
905 5570 921 5609 ι
948 5570 1102 5628 Rom.
1137 5590 1255 5640 vni,
1283 5575 1372 5631 55.
1448 5588 1488 5615 ω
1520 5578 1663 5636 Psal.
1691 5594 1851 5634 xxx.“

1949 5584 1974 5633 ι.
2047 5588 2076 5617 ιι
2108 5556 2283 5636 Galat.
2314 5595 2389 5647 tv,
2426 5532 2512 5637 l9.
2590 5585 2615 5613 ο
2641 5578 2785 5635 Psal.
2814 5532 3015 5640 nim,
3041 5532 3124 5634 ιέ.
3202 5574 3381 5630 Pibil.
3418 5575 3505 5633 Η.

1551 5731 1788 5789 vanu:
1820 5733 2227 5805 anrtosss.

298 5637 332 5679 ει
359 5630 494 5687 ibid.
523 5634 608 5691 15.
685 5630 703 5661 ’λ

299 5911 431 5979 ζων.

443 5842 739 5908 Cotelerius
786 5849 928 5907 Eccl.
958 5847 1047 5905 Gr.
1083 5847 1317 5904 Monum.
1364 5858 1495 5905 tom.
1520 5846 1585 5918 ll,
1637 5866 1750 5925 pag.
1788 5853 1911 5921 554,
1946 5870 1976 5913 a
2017 5858 2297 5932 legendum
2333 5869 2487 5934 putat
2548 5860 2761 5929 γνῶσις,

2885 5857 3265 5930 ³⁵Ᾰερονὶζων.
3324 5862 3518 5929 χρονί-;
