4020 6340
236 394 384 461 1665
1180 442 1191 454 .
1591 401 1969 477 DOCTRINA
2022 403 2121 464 IV.
3331 410 3470 479 1666

229 512 333 565 τοῦ
367 510 505 566 Θεοῦ
555 513 648 584 ἀφ’
677 511 853 584 ἡμῶν,
881 516 945 568 ἐκ
969 514 1062 568 τοῦ
1099 510 1271 568 ποιεῖν
1298 516 1445 586 ἡμᾶς
1481 514 1551 569 τὰ
1586 514 1790 568 ἐναντία

1906 529 2069 582 mur;
2106 529 2227 570 cum
2248 516 2456 572 scilicet
2501 519 2849 578 immemores
2902 524 3094 581 mortis
3130 532 3185 580 et
3211 528 3471 596 gehenmc

230 604 464 669 τούτων,
493 606 557 657 ὲκ
592 604 687 659 τοῦ
722 606 797 677 μὴ
827 605 970 677 ἔχειν
996 607 1219 678 μνήμην
1250 606 1503 670 θανάτου,
1539 607 1673 677 μηδὲ
1710 624 1790 659 κο-

1900 616 2161 674 perpetuo
2187 621 2398 673 sumus,
2421 620 2542 662 cum
2582 626 2856 683 nusquam
2884 623 3194 670 scrutamur
3214 620 3333 675 vias
3362 637 3464 675 no-

229 695 465 764 λάσεων,
496 700 560 751 ὲκ
586 697 681 752 τοῦ
722 698 799 770 μὴ
842 699 1131 771 προσέχειν
1187 702 1421 763 ἑαυτοῖς,
1467 702 1533 754 ἐκ
1588 700 1680 754 τοῦ
1725 701 1801 772 μὴ

199 775 461 859 ’ἐρευνᾷν
494 787 614 851 πῶς
639 790 1011 864 παρήλθομεν,
1045 790 1178 845 ἀλλά
1207 777 1515 864 ἀδιαφόρὼς
1544 779 1665 864 ζῇν,
1705 792 1801 845 καὶ⁵

229 879 377 949 μεςά
395 877 700 952 ἀδιαφόρων
717 861 1177 953 ἀναστρέφεσθαι·
1209 883 1274 935 ἐκ
1303 882 1398 934 τοῦ
1411 861 1800 954 supprima-

226 971 381 1025 σθαι·
417 970 579 1025 τοῦτό
608 975 761 1027 ἐστιν
804 976 984 1046 χεῖρον
1013 973 1249 1039 πάντων,
1278 972 1437 1028 τοῦτό
1464 976 1611 1029 ἐστιν
1642 977 1675 1045 ἡ
1706 990 1799 1027 τε·

224 1063 352 1141 λεία
384 1064 652 1121 ἀπώλεια.
680 1067 748 1121 Τί
778 1068 887 1137 γάρ
906 1065 1078 1130 οὕτως
1106 1065 1357 1121 ἐκδιώκει
1379 1068 1471 1122 τὸν
1503 1066 1667 1137 φόϐον
1700 1066 1795 1120 τοῦ

223 1156 391 1221 Θεοῦ,
420 1158 531 1211 ἀπὸ
557 1159 658 1229 τῆς
686 1159 885 1231 ψυχῆς,
938 1159 1014 1223 ὡς
1042 1161 1076 1230 ή
1104 1160 1423 1232 παρῤησία;
1492 1158 1662 1213 Τοῦτο
1704 1159 1796 1213 ὅτε

224 1248 494 1321 ἠρωτήθη
507 1250 538 1302 ὁ
551 1250 727 1314 ἀϐϐᾶς
742 1250 985 1319 ’Δγάθων
1010 1252 1141 1323 περὶ
1158 1252 1261 1323 τῆς
1275 1252 1607 1325 παρρησίας,
1620 1246 1801 1317 εἷπεν,-

218 1339 309 1393 ὃτι
343 1342 486 1395 ἔοικε
517 1342 759 1396 καύσωνι
794 1344 1033 1415 μεγάλῳ,
1056 1345 1206 1409 ὅστις
1233 1345 1361 1399 ὅταν
1388 1344 1631 1417 γένηται,
1658 1345 1796 1398 πάν-

215 1450 317 1499 τες
340 1435 632 1505 φεύγουσιν
652 1436 763 1491 ἀπὸ
784 1437 1076 1508 προσώπου
1103 1438 1291 1511 αὑτοῦ,
1320 1439 1543 1493 καὶτῶν
1562 1437 1794 1511 δένδρων

215 1524 281 1579 δὲ
315 1526 408 1580 τὸν
449 1526 661 1599 καρπὸν
691 1527 993 1601 διαφθείρει
1012 1546 1025 1559 ·
1056 1530 1308 1595 Βλέπεις,
1346 1531 1524 1603 κύριε,
1552 1529 1786 1601 δύναμιν

218 1620 468 1687 adhuc;
500 1620 718 1690 βλέπεις
748 1622 947 1694 όργήνς
973 1622 1087 1675 Καὶ
1116 1622 1278 1676 πάλιν
1310 1621 1627 1693 ἐρωτηθεὶς,
1661 1622 1791 1688 Ναὶ,

217 1712 400 1776 οὕτως
426 1713 635 1784 χαλεπή
652 1714 800 1768 ἔστιν
817 1716 853 1783 ἡ
875 1714 1190 1787 παρρησίας
1216 1714 1383 1789 λέγει·
1415 1716 1529 1768 Οὐκ
1555 1714 1670 1768 ἔστι
1692 1717 1793 1775 πά-

216 1803 317 1869 θος
365 1803 741 1875 χαλεπώτερον
788 1805 888 1872 τῆς
918 1805 1251 1877 παρρησίας.
1314 1805 1639 1878 Γεννήτειρα
1680 1807 1789 1878 γάρ

1897 704 2208 763 stras,cum
2264 699 2470 755 nullam
2510 701 2578 757 de
2614 703 2772 759 nobis
2813 720 3003 760 curam
3054 708 3317 777 gerimus,
3344 725 3469 766 cum

1897 786 2019 842 sine
2051 790 2263 844 ratione
2301 791 2557 859 vivimus,
2591 809 2714 849 cum
2746 798 3193 855 mansuetudinem
3218 815 3343 855 cum
3388 802 3472 857 his

1896 880 2162 939 habemus
2200 885 2400 954 quibus
2439 887 2657 943 inimica
2696 890 2835 946 ratio
2887 900 2993 959 est,
3018 907 3143 948 cum
3182 894 3249 949 de
3307 897 3469 951 nobis

1898 972 2189 1029 admodum
2211 978 2625 1045 praesumimus;
2647 995 2757 1050 quo
2779 996 2910 1037 sane
2927 984 3064 1038 nihil
3090 993 3175 1039 est
3198 985 3463 1041 deterius:

1896 1062 1951 1117 in
1984 1064 2090 1119 hoc
2109 1066 2253 1121 enim
2282 1076 2557 1126 extremus
2588 1082 2672 1127 est
2697 1073 2965 1129 interitus.
2988 1074 3130 1141 Quid
3154 1078 3296 1131 enim
3328 1076 3465 1132 adeo

1894 1152 1964 1209 ab
1992 1155 2177 1211 anima
2221 1159 2440 1230 depellit
2475 1153 2727 1219 timorem
2764 1164 2879 1232 Dei,
2919 1176 2980 1221 ut
3016 1170 3100 1224 sui
3120 1170 3289 1240 ipsius
3313 1185 3463 1240 prae-

1894 1246 2172 1315 sumptio?
2207 1250 2347 1307 Hinc
2382 1264 2603 1323 rogatus
2633 1256 2804 1313 abbas
2835 1258 3083 1329 Agathon
3109 1261 3176 1315 de
3200 1276 3463 1331 praesum-

1892 1335 2076 1405 ptione
2094 1340 2347 1409 quidnam
2364 1345 2681 1407 esset,illam
2704 1362 2919 1402 summo
2932 1350 3089 1405 ανεῑυί
3110 1354 3463 1421 comparavit,

1891 1429 1985 1497 qui
2010 1444 2136 1485 cum
2187 1432 2628 1500 excandesceret,
2652 1438 2838 1507 procul
2861 1455 3049 1497 omnes
3076 1443 3337 1511 abigeret,
3368 1444 3464 1514 qui

1891 1518 2144 1575 arborum
2160 1537 2321 1591 poma
2344 1526 2578 1581 vitiaret.
2601 1526 2793 1585 Cernis
2820 1529 3043 1585 allectus
3072 1533 3235 1602 hujus
3258 1548 3463 1605 quanta

1890 1617 1961 1672 sit
1991 1618 2095 1683 vis,
2133 1634 2370 1690 quantus
2402 1624 2635 1695 impetus
2658 1626 2681 1677 ’ἒ
2703 1624 2949 1697 Cumque
2984 1644 3200 1684 rursum
3245 1645 3465 1701 rogare-

1892 1717 1980 1763 tur
2001 1724 2069 1764 an
2094 1712 2272 1781 gravis
2296 1725 2461 1781 esset,
2478 1727 2529 1771 et
2556 1716 2788 1773 dilﬁcilis
2813 1722 3162 1789 praesumptio
3190 1761 3205 1783 ,
3240 1738 3462 1792 respon-

1890 1799 1971 1856 dit
2000 1803 2207 1857 nullum
2234 1818 2353 1865 esse
2379 1807 2637 1862 vitiorum
2678 1810 2898 1878 gravius
2918 1853 2933 1879 ,
2967 1821 3150 1883 utpote
3178 1829 3296 1883 qua:
3324 1829 3462 1869 cuu-

214 1896 341 1949 ὲστι
372 1896 587 1949 πάντων
616 1893 725 1949 τῶν
752 1893 959 1962 παθῶν,
999 1894 1187 1966 ἐπειδὴ
1228 1893 1368 1967 αὕτη
1410 1896 1658 1949 ἐκδιώκει
1696 1895 1789 1949 τὸν

1888 1900 2098 1947 ctorum
2149 1893 2401 1950 vitiorum
2449 1906 2621 1953 mater
2681 1908 2736 1953 et
2790 1900 3043 1972 genitrix,
3074 1913 3238 1958 esset.
3287 1904 3461 1971 Quam

214 1986 391 2055 φόϐον
416 1985 511 2039 τοῦ
532 1984 667 2038 Θεοῦ
689 1985 797 2039 ἀπὸ
827 1986 927 2056 τῆς
951 1984 1148 2058 ψυχῆς.
1170 1987 1235 2040 Εἰ
1262 1989 1369 2058 γὰρ
1394 1986 1471 2057 τῷ
1495 1986 1646 2057 φόϐῳ
1680 1988 1793 2040 Κυ-

217 2078 345 2150 ρίου
366 2078 604 2131 ἐκκλίνει
636 2078 745 2141 πάς
774 2076 881 2131 ἀπὸ
913 2077 1107 2142 κακοῦ,
1135 2077 1352 2142 πάντως
1384 2079 1515 2131 ὅπου
1547 2079 1649 2134 οὐκ
1675 2077 1790 2131 ἐστι

214 2169 392 2239 φόϐος
420 2169 578 2234 Θεοῦ,
605 2170 724 2224 ἐκεῖ
765 2169 997 2224 ἕκαστον
1025 2170 1220 2233 πάθος.
1264 2169 1323 2223 '0
1377 2169 1508 2234 Θεὸς
1557 2169 1790 2242 ρύσηται

210 2260 322 2324 τὰς
348 2261 527 2332 ψυχὰς
568 2260 721 2333 ἡμῶν
746 2260 855 2316 ἀπὸ
879 2250 1250 2333 τοῦᾊλεθρίου
1276 2259 1481 2326 πάθους
1524 2260 1623 2333 τῆς
1650 2263 1789 2332 παρο

214 2353 441 2425 ρησίας.

290 2540 387 2607 ς’.
424 2539 581 2592 Ἔστι
610 2538 667 2592 δὲ
712 2539 809 2592 καὶ
840 2538 1173 2611 πολύτροπος
1209 2541 1245 2610 ἡ
1284 2539 1585 2612 παρῤησία.
1638 2540 1787 2612 Παῤ-

211 2630 544 2703 ρησιάςεταί
574 2647 658 2692 τις
692 2632 785 2683 καὶ
816 2630 906 2684 διὰ
943 2631 1126 2700 λόγου,
1152 2632 1247 2686 καὶ
1273 2631 1340 2685 δι’
1372 2632 1536 2702 ἁφῆς,
1578 2633 1673 2686 καὶ
1700 2633 1788 2687 διὰ

212 2723 554 2793 βλέμματος.
591 2723 849 2794 Ἔρχεταὶ
875 2740 960 2786 τις
997 2722 1107 2778 ἀπὸ
1137 2726 1443 2796 παρρησίας
1480 2725 1577 2778 καὶ
1613 2727 1694 2789 είς
1724 2725 1787 2778 τὸ

209 2814 563 2885 ἁργολογεῖν,
591 2817 687 2869 καὶ
711 2817 789 2878 είς
810 2816 871 2869 τὸ
892 2816 1077 2871 λαλεῖν
1104 2817 1172 2871 τὰ
1201 2818 1460 2888 κοσμικά,
1488 2818 1583 2871 καὶ
1614 2821 1696 2882 είς
1724 2819 1787 2872 τὸ

211 2909 397 2961 ποιεῖν
422 2908 630 2976 γελοῖα,
658 2909 754 2963 καὶ
786 2912 955 2963 κινεῖν
980 2909 1221 2978 γέλωτας
1247 2910 1537 2981 ἀσέμνους·
1566 2913 1784 2984 παρρη-

211 3000 313 3053 σία
338 3000 455 3054 εστὶ
488 3001 583 3054 καὶ
617 3001 679 3056 τὸ
709 3001 950 3072 ἅψασθαί
974 3020 1123 3067 τινος
1164 3003 1286 3074 δίχα
1316 3004 1580 3075 ἀνάγκης
1606 3004 1667 3057 τὸ
1693 3006 1787 3059 ὲκ-

209 3098 395 3149 τεῖναι
418 3098 578 3167 χεῖρα
601 3098 747 3151 κατά
764 3114 912 3161 τινος
935 3096 1220 3167 γελῶντος,
1246 3098 1311 3151 τὸ
1340 3098 1550 3169 ὼθῆσαί
1575 3116 1719 3163 τινα,
1749 3100 1784 3171 ἢ

211 3188 468 3259 ἁρπάσαι
500 3206 557 3279 τι
598 3191 726 3261 παρ’
762 3189 953 3256 αὑτοῦ,
978 3190 1044 3289 τὸ
1066 3190 1353 3261 προσέχειν
1397 3191 1504 3245 τινὶ
1532 3191 1780 3256 ἀναιδῶς.
1810 3230 1854 3289 c

209 3278 407 3335 Ταῦτα
435 3268 612 3334 πάντα
640 3282 706 3334 ἐκ
728 3281 823 3334 τοῦ
850 3282 925 3351 μὴ
950 3276 1092 3334 εἶναι
1129 3281 1290 3350 φόϐον
1315 3283 1450 3336 Θεοῦ
1485 3284 1544 3336 ἐν
1583 3288 1648 3355 τῇ
1678 3283 1785 3354 ψυ-

209 3373 315 3443 χῇ·
369 3372 586 3443 έρχεται
630 3371 688 3426 δὲ
728 3374 794 3426 ὲκ
820 3372 1027 3426 τούτων
1058 3373 1202 3428 κατά
1244 3374 1442 3445 μικρόν
1467 3392 1551 3438 τις
1584 3376 1677 3429 καὶ
1704 3377 1786 3441 είς

210 3463 432 3518 τελείαν
483 3466 904 3537 καταφρόνησιν.
960 3466 1058 3521 Διά
1100 3466 1259 3521 τοῦτο
1302 3468 1390 3521 ὅτε
1438 3469 1736 3540 παρεδίδου,
1757 3471 1787 3523 ό

211 3556 356 3622 Θεὸς
413 3557 512 3621 τὰς
563 3558 782 3623 ἐντολὰς
842 3559 958 3613 τοῦ.
986 3560 1173 3631 νόμου,
1234 3560 1417 3631 ἔλεγεν
1447 3577 1461 3592 ·
1497 3562 1787 3629 Εὐλαϐεἴς

211 3650 441 3706 ποιεῖτε
486 3650 627 3718 τοὺς
680 3652 850 3718 υἱοὺς
883 3652 1150 3722 Ἰσραήλ.
1178 3653 1312 3725 Λίχα
1352 3654 1461 3725 γὰρ
1498 3654 1787 3719 εὐλαϐείας

209 3743 529 3799 οὐδὲαύτδν
554 3744 645 3799 τὸν
674 3744 805 3799 Θεὸν
845 3748 981 3817 τιμᾷ
1028 3764 1132 3815 τις,
1175 3748 1298 3801 οὐδὲ
1339 3748 1592 3819 προσέχει
1640 3748 1786 3816 ἅπαξ

208 3839 508 3910 οίφδήποτε
553 3838 763 3909 ἐντολῇ.
810 3839 909 3893 Διά
956 3840 1114 3894 τοῦτο
1147 3840 1301 3894 οὐδὲν
1336 3841 1634 3913 δεινότερον
1687 3846 1787 3914 τῆς

211 3926 554 3998 “ﬁnditur
591 3925 681 3980 διά
710 3927 868 3981 τοῦτο
894 3929 1213 4000 γεννήτειρά
1254 3930 1372 3983 ἐστι
1419 3929 1639 3985 πάντων
1676 3931 1785 3984 τῶν

213 4021 448 4078 παθῶν·
497 4022 685 4095 ἐπειδὴ
709 4022 959 4078 ἐκϐάλλει
981 4024 1080 4095 τὴν
1107 4024 1414 4079 εὐλάϐειανο
1444 4026 1632 4095 ἐπειδὴ
1658 4026 1786 4080 διώ-

210 4133 311 4172 κει
352 4116 445 4169 τὸν
471 4114 635 4185 φόϐον
670 4114 766 4189 τοῦ
786 4116 944 4170 Θεοῦ⁶
980 4116 1167 4187 ἐπειδὴ
1191 4118 1357 4188 γεννᾷ
1382 4117 1481 4189 τὴν
1510 4117 1784 4189 καταφρό-

213 4226 400 4280 νησιν,
434 4209 501 4263 ὲκ
527 4206 795 4280 τοῦέχειν
829 4209 979 4280 ἡμᾶς
1011 4209 1323 4283 παρρησίαν
1349 4209 1490 4279 μετά
1519 4208 1781 4280 ἀλλήλων,

210 4300 320 4356 καὶ
342 4298 720 4355 ἀναιδεύεσθαι
746 4300 883 4371 πρὸς
918 4298 1201 4373 ἀλλήλους·
1241 4302 1337 4356 καὶ
1372 4302 1581 4357 λαλεῖτε
1620 4303 1786 4375 ἀλλή-

204 4391 335 4455 λοις
360 4390 567 4456 κακῶς.
589 4393 684 4447 καὶ
713 4390 981 4465 πλήσσετε
1005 4392 1291 4466 ἀλλήλους.
1328 4395 1438 4449 Καὶ
1463 4398 1558 4451 ὲάν
1586 4395 1673 4470 ῑδῃ
1701 4414 1785 4462 τις

206 4474 279 4548 ἐξ
307 4482 464 4554 ὑμῶν
495 4483 549 4538 τί
583 4501 713 4539 ποτε
756 4484 833 4557 μὴ
879 4484 1151 4554 ὠφελοῦν,
1193 4487 1510 4558 ἀπέρχεται,
1556 4489 1787 4560 φλυαρεῖ

1891 1982 2032 2039 bene
2082 1994 2137 2041 et
2155 1988 2427 2057 sapienter
2470 1990 2617 2045 illam
2669 1992 2805 2046 dixit
2838 1994 3028 2047 vitium
3079 1997 3320 2051 omnium
3369 2014 3460 2067 ge-

1891 2076 2161 2145 nitricem,
2193 2095 2316 2150 qua:
2339 2081 2585 2137 timorem
2621 2081 2837 2139 Domini
2868 2086 2938 2141 ab
2966 2087 3149 2142 anima
3203 2089 3459 2159 pelleret!

1892 2167 1949 2222 Si
1970 2170 2114 2249 enim
2161 2172 2357 2228 timore
2409 2172 2624 2231 Domini
2662 2178 2898 2234 declinat
2921 2180 3045 2249 quis
3070 2194 3101 2233 a
3149 2182 3331 2248 malo;
3367 2182 3462 2237 ubi

1889 2262 2054 2333 igitur
2073 2265 2121 2319 is
2152 2280 2262 2319 non
2312 2265 2501 2333 fuerit,
2547 2284 2709 2325 omne
2760 2283 2819 2327 ut
2873 2272 3005 2327 insit
3047 2273 3258 2336 vitium,
3301 2288 3464 2329 omne

1888 2354 2089 2407 malum
2120 2370 2346 2412 necesse
2369 2367 2473 2413 est.
2494 2359 2697 2431 Eripiat
2718 2379 2819 2418 uos
2854 2362 3120 2421 Dominus
3144 2365 3213 2420 ab
3240 2366 3343 2420 hac
3365 2366 3463 2422 de-

1888 2444 2124 2500 testabili
2147 2451 2585 2521 praesumptionis
2612 2462 2783 2523 peste.
3286 2456 3287 2459 “

1961 2534 2050 2590 Vl.
2080 2536 2334 2596 Pluribus
2360 2551 2542 2597 autem
2573 2546 2752 2600 modis
2797 2561 3129 2616 praesumere
3160 2554 3287 2620 quis
3320 2555 3461 2612 dici-

1889 2639 1994 2693 tur,
2028 2642 2279 2688 scrinone
2300 2628 2529 2699 Scilicet.
2563 2646 2709 2693 tactu
2737 2650 2793 2694 et
2818 2640 2957 2697 visu.
2980 2624 3273 2699 Praesumit
3308 2651 3460 2717 quis-

1885 2724 2011 2793 quis
2038 2739 2179 2778 vana
2215 2734 2268 2780 et
2295 2727 2469 2782 otiosa
2501 2728 2760 2800 loquitur.
2796 2731 3083 2790 Praasumit
3118 2740 3210 2808 qui
3254 2754 3317 2793 ea
3338 2756 3463 2811 quae

1886 2815 2071 2870 saeculi
2096 2824 2247 2883 sunt,
2276 2828 2520 2886 enarrat,
2551 2822 2645 2891 qui
2676 2822 2902 2878 ridenda
2938 2822 3090 2890 facit,
3121 2828 3215 2897 qui
3236 2838 3460 2886 caeteros

1886 2922 1918 2961 a
1945 2908 2213 2977 gravitate
2243 2920 2439 2967 avocat
2460 2913 2756 2969 cachinno.
2788 2916 3147 2989 Praesumptio
3174 2931 3257 2976 est
3296 2923 3461 2977 etiam

1886 3013 2009 3053 cum
2070 3002 2195 3071 quis
2246 3002 2452 3073 absque
2515 3006 2839 3062 necessitate
2898 3009 3071 3063 ullum
3128 3012 3457 3084 contigerit,

1883 3091 2251 3153 extenderitve
2299 3110 2522 3150 manum
2569 3097 2625 3153 in
2674 3098 2841 3153 alium
2900 3100 3190 3169 ridentem,
3234 3105 3463 3177 impule-

1886 3184 1957 3239 rit
1986 3186 2243 3255 aliquem,
2270 3187 2349 3241 vel
2390 3187 2646 3242 violenter
2685 3190 2964 3258 quidpiam
2992 3192 3062 3245 ab
3101 3207 3168 3247 eo
3199 3198 3459 3265 rapuerit,

1884 3284 1980 3330 aut
2013 3276 2353 3347 impudenter
2375 3279 2564 3333 oculos
2593 3280 2648 3333 in
2686 3283 2994 3350 quempiam
3024 3283 3291 3353 iujecerit.
3332 3285 3458 3342 Haec

1884 3369 2071 3425 omnia
2103 3371 2457 3439 prmsumptio
2492 3370 2644 3426 facit.
2670 3370 2798 3426 llaec
2821 3374 3006 3428 omnia
3047 3376 3301 3442 patimur,
3329 3391 3458 3433 cum

1884 3463 2069 3519 divino
2092 3463 2284 3519 timore
2312 3470 2466 3518 vacat
2503 3464 2706 3518 anima.
2760 3464 2987 3519 Labitur
3012 3476 3193 3521 autem
3247 3485 3314 3524 ex
3371 3470 3460 3527 his

1885 3556 2088 3612 sensim
2115 3556 2240 3627 quis
2262 3557 2317 3611 in
2357 3555 2652 3627 perfectum
2681 3566 3077 3627 contemptum.
3106 3556 3287 3625 Quare
3332 3577 3459 3619 cum

1884 3648 2020 3725 legis
2040 3662 2305 3724 praecepta
2325 3653 2479 3708 daret
2512 3650 2674 3719 Deus,
2706 3653 2844 3708 dixit
2872 3670 2887 3707 :
2943 3650 3274 3710 Veneramim‘
3317 3657 3460 3727 filios

1887 3745 2078 3801 Israel.
2107 3744 2327 3816 Absque
2371 3746 2513 3800 enim
2564 3756 2754 3809 mutua
2792 3749 3091 3802 reverentia
3132 3749 3261 3804 colit
3297 3765 3461 3805 nemo

1884 3837 2077 3907 Deum,
2119 3852 2296 3907 neque
2333 3838 2426 3891 uni
2467 3822 2645 3892 etiam
2672 3838 2773 3893 soli
2814 3851 2877 3890 ac
2910 3838 3136 3891 minimo
3191 3849 3460 3909 praecepto

1883 3930 2048 4002 395
2083 3940 2261 4000 potest
2304 3930 2601 3984 adhaerere.
2642 3927 2788 3982 Nihil
2835 3928 2998 3998 igitur
3035 3932 3459 4000 praesumptione

1883 4025 2250 4093 gravius,quae
2278 4021 2537 4075 vitiorum
2576 4021 2821 4075 omnium
2862 4030 2917 4075 et
2945 4030 3118 4075 mater
3156 4030 3239 4076 est
3273 4029 3328 4076 et
3364 4039 3457 4094 ge-

1883 4115 2070 4171 nitrix.
2103 4114 2227 4169 llaec
2260 4114 2411 4170 enim
2446 4114 2801 4170 reverentiam
2827 4125 3071 4169 mutuam
3098 4129 3129 4168 a
3162 4116 3319 4171 nobis
3358 4119 3459 4173 ab-

1881 4208 2052 4278 ducit,
2102 4208 2220 4265 haec
2264 4209 2513 4264 timorem
2563 4206 2660 4263 Dei
2692 4209 2890 4279 abigit,
2936 4207 3050 4263 haec
3089 4218 3459 4281 contemptum

1885 4302 2049 4372 parit.
2092 4301 2174 4356 Ex
2227 4302 2645 4372 pmsumptione
2684 4312 2922 4368 namque
2971 4297 3029 4352 ﬁt
3069 4300 3451 4370 impudenter,

1883 4403 1944 4447 ut
1964 4409 2060 4449 vos
2075 4394 2216 4448 inter
2238 4408 2334 4450 vos
2348 4392 2665 4464 plerumque
2677 4390 2873 4459 agatis,
2886 4389 3026 4443 male
3045 4390 3453 4462 colloquamiui,

1882 4488 2086 4542 mutuis
2113 4484 2630 4543 diverberationibus
2676 4472 3018 4553 lascivitatis.
3074 4483 3213 4541 Hinc
3266 4493 3349 4539 cst
3398 4493 3457 4537 ut

204 4575 390 4643 αὐτῷ,
428 4559 523 4629 καὶ
552 4576 736 4647 βάλλει
758 4580 838 4641 είς
858 4578 958 4649 τὴν
982 4579 1207 4647 καρδίαν
1233 4578 1394 4635 ἄλλου
1424 4581 1654 4650 ἀδελφοῦ
1686 4559 1785 4635 ἀι.

1887 4595 2011 4636 cum
2040 4578 2236 4635 viderit
2261 4580 2385 4651 quis
2410 4585 2645 4633 vestrum
2680 4574 2884 4645 aliquid
2912 4576 3105 4633 inutile
3133 4587 3189 4633 et
3231 4590 3453 4643 vanum,

204 4666 339 4723 τδῦο
371 4666 468 4721 καὶ
509 4667 574 4721 οὐ
602 4668 765 4738 μόνον
802 4669 885 4723 ὅτι
920 4668 1083 4732 αὐτὸς
1126 4668 1446 4739 βλάπτεται,
1483 4671 1622 4725 ἀλλά
1648 4672 1781 4743 βλά-
1814 4741 1824 4749 _

207 4778 346 4817 πτει
368 4760 581 4816 καὶτὸν
600 4760 828 4832 ἀδελφὸν
856 4760 1046 4824 αὐτοῦ,
1079 4760 1288 4832 βάλλων
1309 4766 1390 4826 είς
1412 4782 1516 4835 την
1550 4765 1795 4837 καρδίαν

206 4854 383 4917 αὐτοῦ
415 4855 493 4910 ίδν
524 4854 778 4929 ¹ιιιοννειρόν.
801 4854 914 4911 Καὶ
936 4854 1194 4920 πολλάκις
1220 4851 1333 4927 εἶχε
1360 4857 1451 4910 τὸν
1470 4858 1595 4911 νοῦν
1614 4858 1781 4913 αὐτοῦ

208 4952 301 5016 εις
324 4948 651 5023 προσευχὴν,
678 4948 717 5021 ἢ
744 4949 826 5014 είς
848 4948 976 5022 ἄλλο
1006 4947 1170 5003 καλὸν
1202 4952 1452 5021 πρᾶγμα,
1492 4950 1587 5005 καὶ
1610 4950 1782 5023 ἀπέρο

206 5060 376 5117 χεται
406 5042 632 5107 ὶκεῖνος,
666 5041 899 5115 παρέχει
914 5034 1076 5117 εαύτῷ
1102 5043 1184 5109 εῐς
1207 5060 1262 5097 τι
1282 5040 1658 5115 ἀὼλεσχῆσαι,
1685 5048 1783 5101 καὶ

208 5102 281 5194 :6
308 5137 474 5209 μόνον
492 5102 777 5207 ἐμποδίζεὶ
798 5102 865 5207 ζῇ
897 5102 1136 5209 ὠφελείᾳ
1162 5102 1353 5201 αὐτοῦ,
1382 5102 1786 5192 ἀλλάκαίπει-

216 5233 433 5304 ρασμδν
452 5233 610 5305 φέρει
636 5228 805 5303 αὐτῷ.
834 5230 946 5286 Καὶ
963 5232 1114 5286 οὐδὲν
1132 5229 1290 5284 τοῦτο
1318 5228 1636 5301 βαρύτερον,
1662 5230 1784 5284 οὐδὲ

209 5323 609 5398 όλεθριώτερσν
638 5322 733 5379 τοῦ
758 5339 884 5377 τινα
922 5324 997 5395 μὴ
1035 5324 1195 5395 μόνον
1244 5321 1457 5386 ἑαυτὸν,
1506 5321 1644 5377 ἀλλὰ
1688 5325 1785 5378 καὶ

213 5416 312 5471 τὸν
337 5398 567 5490 πλησίον
594 5418 870 5491 βλάπτειν.

1882 4672 2069 4728 statim
2116 4672 2294 4741 abeat,
2326 4679 2382 4727 et
2427 4669 2556 4724 illud
2598 4668 2816 4740 garrula
2838 4669 3023 4742 lingua
3056 4670 3454 4740 ubiquedissc-

1884 4764 2077 4831 minet,
2103 4775 2160 4821 et
2181 4763 2404 4820 alterius
2450 4762 2635 4819 fratris
2686 4765 2856 4819 menti
2908 4778 2974 4819 ac
2992 4763 3175 4817 animo
3219 4761 3453 4832 ingerat,

1884 4874 1988 4915 nec
2021 4865 2309 4923 contentus
2348 4854 2453 4911 sibi
2487 4854 2590 4925 ipsi
2639 4856 2895 4913 nocuisse
2935 4855 3039 4911 nisi
3072 4844 3125 4939 in
3165 4867 3456 4913 commune

1881 4953 2143 5008 damnum
2198 4957 2248 5004 el
2274 4946 2492 5003 fratrem
2544 4948 2743 5016 trahat,
2794 4962 3128 5020 parvamque
3156 4946 3456 5017 aeruginem

1883 5047 2034 5102 illius
2062 5043 2210 5100 cordi
2236 5042 2513 5098 Immittat.
2541 5040 2698 5109 Alius
2719 5043 2874 5099 alteri
2897 5041 3033 5097 forte
3057 5041 3185 5096 dum
3204 5042 3457 5099 oratione

1884 5148 2059 5204 vacat,
2089 5135 2173 5193 vel
2208 5135 2355 5191 aliud
2410 5136 2543 5205 quid
2604 5136 2734 5192 boni
2779 5141 3057 5207 operatur,
3083 5137 3457 5205 supervenerit

1882 5233 2049 5289 frater
2072 5229 2226 5286 futile
2254 5228 2457 5301 aliquid
2490 5230 2744 5299 affet-ens,
2764 5232 2832 5285 de
2856 5244 2967 5299 quo
3030 5227 3268 5285 inaniter
3311 5232 3455 5288 inter

1882 5341 1942 5382 se
1965 5324 2350 5395 colloquantur
2367 5340 2388 5389 ;
2404 5338 2507 5379 nec
2530 5324 2706 5380 solum
2731 5323 2800 5377 ab
2816 5336 2878 5375 ea
2905 5319 3134 5377 utilitate
3156 5322 3307 5377 illum
3333 5324 3454 5378 abs-

1880 5414 2071 5483 trahit,
2126 5414 2223 5471 sed
2259 5413 2424 5469 etiam
2451 5414 2508 5469 in
2540 5413 2891 5469 tentationem
2947 5425 3292 5468 communem
3336 5422 3452 5465 tra-

214 5509 303 5567 hit
330 5526 346 5567 :
378 5522 488 5582 qua
513 5512 719 5570 malitia
751 5510 898 5567 nulla
928 5509 1142 5567 mvior
1167 5520 1250 5568 est
1275 5508 1771 5580 autperniciosior,
1814 5523 1877 5571 ut
1936 5509 2142 5569 scilicet
2202 5522 2313 5563 non
2334 5508 2429 5562 tibi
2469 5506 2670 5571 solum,
2712 5502 2809 5558 sed
2864 5513 2921 5558 et
2967 5505 3217 5575 proximo
3256 5516 3451 5557 nocere

216 5614 497 5758 ’τίτίίά
518 5697 681 5753 τοῦτο
710 5696 871 5752 καλόν
908 5697 1075 5758 ἐστιν,
1108 5695 1195 5749 ίνα
1228 5696 1439 5769 ἔχωμεν
1466 5694 1774 5767 εὐλάϐειαν,

210 5792 460 5864 ἀδελφοίο
490 5789 579 5847 ἵνα
606 5788 898 5861 (pos-59m
942 5788 1043 5858 τὴν
1069 5785 1273 5858 βλάϐην
1310 5785 1521 5848 ἑαυτῶν
1563 5788 1657 5841 καὶ
1684 5788 1779 5843 ἀλ.

207 5888 416 5963 λήλων,
440 5886 530 5944 ῖνα
559 5881 810 5958 τιμῶμεν
835 5880 1119 5954 ἀλλήλους,
1149 5880 1241 5935 καὶ
1268 5880 1356 5937 ἶνα
1390 5877 1779 5952 σπουδάζωμεν

1952 5693 2065 5749 VII.
2101 5691 2261 5747 Absit
2287 5699 2468 5746 autem
2487 5659 2716 5753 anubis,
2736 5686 2957 5752 fratres,
2985 5697 3043 5742 ut
3063 5688 3165 5741 hoc
3201 5702 3447 5756 agamus.

1886 5786 2175 5843 Servemus
2198 5793 2445 5839 mutuam
2484 5780 2863 5844 reverentiam,
2888 5780 3177 5834 timeamus
3201 5791 3453 5835 commu-

1883 5880 1975 5939 nia
2020 5877 2253 5947 damna,
2305 5873 2534 5933 invicem
2573 5871 2730 5932 nobis
2754 5870 3087 5931 'deleramus.
3122 5869 3449 5959 Studeamus
