4020 6340
593 376 723 440 1667

1769 370 1828 427 S.
1866 359 2287 430 DOROPIIEI}
2307 365 2622 424 ABBATIS

3682 359 3815 424 1668

586 500 655 540 ne
675 483 959 544 nictemns,
991 494 1059 534 ne
1083 491 1336 546 vagentur
1386 475 1580 536 oculis,
1612 489 1679 529 ne
1718 474 1901 527 vultus
1935 481 2150 525 nostros

2255 469 2387 541 μηδὲ
2418 470 2720 529 ἀνανεύειν.
2754 469 2886 540 μηδὲ
2916 470 2996 531 είς
3024 468 3092 522 τὰ
3123 467 3389 539 πρόσωπα
3409 467 3674 538 ἀλλήλων.
3712 469 3817 522 Καὶ

584 575 774 628 crebro
798 571 1240 640 contemplemur.
1272 566 1406 621 Nam
1464 567 1596 621 illud
1628 571 1847 636 quoque
1889 578 2151 634 praesum-

585 665 784 733 ptionis
810 672 888 718 cst
916 677 1107 733 genus,
1132 670 1190 713 ut
1240 659 1505 728 majorum
1555 657 1655 712 fuit
1696 657 1977 713 sententia.
2011 655 2168 708 Prw--

588 769 730 812 terea
747 758 789 810 si
823 756 1042 810 fratrem
1071 752 1372 822 conspicias
1388 765 1668 821 perperam
1685 749 1812 818 quid
1843 747 2151 810 facientem,

589 865 654 904 nc
681 849 829 904 illum
861 861 1104 916 spernas,
1133 859 1198 900 ne
1227 857 1518 912 conspuas,
1544 857 1611 897 ne
1640 850 1817 896 taceas
1850 854 1916 894 ac
1973 837 2152 909 perire

588 941 906 1011 permittas;
939 953 1111 1007 neque
1137 938 1299 992 etiam
1354 934 1430 989 illi
1474 932 1766 989 maledicas
1813 943 1907 987 aut
1954 931 2154 1000 ubique

587 1033 851 1088 diffamcs.
902 1029 993 1083 sed
1047 1044 1170 1082 cum
1211 1027 1576 1083 misericordia
1607 1033 1662 1080 et
1693 1025 1888 1079 timore
1923 1022 2018 1078 Dei
2076 1022 2150 1076 illi

588 1126 762 1180 revela
785 1125 875 1192 qui
898 1122 1070 1190 possit
1096 1134 1220 1174 eum
1243 1118 1466 1189 erigere.
1493 1117 1672 1172 Auttu
1710 1125 1761 1170 te
1784 1117 1897 1185 ipse
1932 1114 2152 1188 fratrem
2205 1163 2208 1166 .

587 1222 850 1290 compella
865 1234 986 1274 cum
1007 1215 1370 1270 benevolentia
1391 1222 1446 1267 ct
1468 1211 1901 1274 mansuetudine,
1924 1209 2111 1263 dicens
2135 1223 2149 1258 :

591 1312 662 1365 Da
693 1311 922 1372 veniam,
962 1308 1210 1367 obsecro.
1244 1307 1316 1358 mi
1371 1303 1557 1365 frater,
1597 1303 1753 1364 video
1779 1299 1921 1370 quod
1947 1299 2046 1354 hoc
2075 1295 2152 1350 rei

587 1403 703 1455 sine
733 1401 899 1455 dubio
931 1414 1038 1453 non
1063 1398 1199 1452 bene
1231 1410 1380 1464 agas.
1413 1393 1564 1458 Quod
1589 1393 1632 1448 si
1671 1402 1721 1446 tc
1753 1407 1860 1445 non
1891 1389 2147 1451 audierit,

586 1493 741 1545 alteri
776 1491 926 1544 dicas
957 1489 1009 1541 in
1043 1502 1154 1556 quo
1199 1486 1398 1539 videris
1427 1498 1551 1537 eum
1587 1482 1746 1536 fidem
1784 1481 2010 1542 habere,
2061 1477 2148 1532 vel

585 1586 746 1639 etiam
778 1581 1066 1652 praeposito
1091 1588 1185 1634 aut
1239 1577 1417 1632 abbati
1451 1591 1548 1646 pro
1571 1573 1791 1644 .peccali
1828 1570 2154 1642 magnitudi-

587 1691 686 1739 ne;
725 1689 787 1727 ac
843 1671 1036 1726 deinde
1074 1684 1299 1725 securus
1351 1677 1468 1722 esto
1503 1674 1599 1720 :ut
1649 1674 1829 1718 autem
1881 1663 2144 1727 diximus,

585 1779 774 1823 caveat
795 1767 974 1838 quivis
1002 1767 1106 1819 hoc
1137 1773 1261 1834 agat
1286 1761 1388 1815 alia
1427 1758 1720 1813 intentione
1751 1766 1913 1824 atque
1944 1755 2148 1818 animo,

584 1878 743 1932 quam
785 1860 966 1915 fratris
990 1858 1182 1927 agendi
1212 1875 1226 1909 :
1254 1870 1362 1908 non
1385 1868 1474 1923 per
1508 1851 1900 1922 garrulitatem,
1920 1863 2027 1902 non
2057 1861 2151 1915 per

585 1954 885 2015 infamiam,
915 1966 1022 2004 non
1057 1963 1151 2018 per
1185 1955 1553 2013 contemptum
1591 1943 1782 2011 ipsius,
1820 1954 1924 1994 non
1981 1947 2040 1992 ut
2096 1937 2150 1990 in

583 2043 884 2109 exemplum
913 2042 1143 2096 aliorum
1180 2039 1381 2098 trahat,
1409 2050 1513 2089 non
1545 2043 1603 2086 ut
1631 2033 1837 2102 judicet
1862 2045 2009 2093 eum,
2045 2044 2151 2083 non

585 2148 880 2204 pnetexens
915 2130 1259 2204 svi-mulatione
1303 2125 1716 2182 correctionem.
1738 2120 1893 2187 Quod
1922 2122 1966 2174 si
1993 2120 2150 2173 babet

585 2226 638 2278 in
665 2239 723 2279 sc
751 2223 1032 2294 quidpiam
1072 2221 1265 2273 borum
1309 2232 1429 2286 qua:
1475 2213 1844 2284 praediximus,
1868 2220 1927 2266 ut
1946 2210 2153 2266 scilicet

581 2315 790 2370 delator
821 2310 1002 2367 fratris
1036 2312 1106 2366 sit
1132 2310 1272 2378 apud
1317 2308 1564 2362 abbatem
1629 2304 1854 2361 nocendi
1898 2302 2148 2365 consilio,

584 2421 692 2459 non
739 2403 918 2458 studio
963 2400 1306 2477 corrigendi,
1351 2407 1629 2467 peccatum
1688 2407 1770 2450 est
1816 2407 1868 2450 et
1899 2395 2146 2448 infamia.

586 2497 924 2553 Semiabitur
955 2496 1134 2565 primo
1171 2508 1266 2546 cor
1318 2506 1476 2546 suum
1514 2489 1955 2559 diligentissime;
1989 2497 2044 2541 et
2100 2487 2150 2541 si

584 2587 874 2659 simultatis
914 2585 1172 2645 instinctu
1204 2592 1305 2636 aut
1327 2582 1452 2635 odio
1475 2581 1579 2635 hoc
1601 2595 1662 2634 se
1682 2579 1868 2634 facere
1899 2577 2148 2640 senserit,

579 2678 875 2746 abstinebit
902 2691 1080 2745 neque
1117 2676 1287 2730 dicet.
1325 2673 1381 2728 Si
1418 2682 1598 2727 autem
1634 2685 1760 2725 cum
1794 2668 2003 2724 viscera
2052 2682 2150 2723 sua

583 2768 864 2837 diligenter
899 2767 1126 2820 rimatus
1170 2765 1368 2825 fuerit,
1421 2777 1542 2817 st-se
1605 2759 1921 2829 cognoverit
1971 2772 2152 2812 corre-

585 2859 777 2914 ctionis
793 2865 846 2912 et
867 2856 1154 2911 cbaritatis
1179 2854 1352 2924 gratia
1381 2851 1431 2906 id
1463 2851 1662 2911 facere.
1687 2847 1934 2916 impediri
1962 2858 2147 2902 autem

587 2970 617 3006 a
637 2933 960 3021 cogitatione
991 2948 1310 3016 scrupulosa
1348 2941 1604 3011 quadam,
1627 2940 1810 2994 abbati
1869 2939 2149 2992 bumiliter

586 3052 640 3096 et
685 3055 844 3095 suum
894 3048 946 3092 et
982 3036 1210 3107 proximi
1263 3043 1542 3104 peccatum
1606 3029 1827 3100 pandat,
1894 3029 2150 3096 dicatque

585 3129 927 3188 conscientia:
967 3126 1272 3183 testimonio
1319 3125 1371 3180 id
1386 3116 1583 3177 facere
1619 3128 1680 3176 ut
1711 3118 1984 3189 corrigat;
2026 3132 2148 3171 ver-

588 3224 761 3276 berari
791 3230 966 3273 tamen
1029 3233 1086 3272 se
1107 3233 1137 3270 a
1167 3216 1324 3270 turba
1353 3213 1584 3284 quadam
1631 3209 2047 3279 cogitationum,
2082 3207 2154 3260 ita

586 3326 645 3368 ut
684 3315 912 3382 ignoret,
941 3323 1007 3362 an
1046 3309 1330 3362 adversum
1368 3305 1587 3357 fratrem
1617 3301 1896 3369 quidpiam
1934 3297 2150 3360 habeat,

587 3421 655 3459 an
687 3405 800 3456 hate
827 3399 1096 3455 calumnia
1118 3398 1241 3454 sita
1261 3413 1368 3466 qua
1396 3394 1720 3464 impediatur
1743 3392 1890 3460 loqui
1913 3400 1966 3444 et
1985 3388 2156 3442 corri-

587 3509 730 3565 gere.
785 3491 884 3546 Cui
941 3489 1281 3560 postmodum
1347 3485 1673 3555 respondeat
1732 3482 1920 3542 abbas,
1966 3481 2158 3533 debeat

590 3598 756 3638 necne
811 3582 942 3636 illud
970 3581 1165 3652 dicere.
1218 3575 1302 3629 Fit
1347 3584 1524 3628 autem
1581 3573 1685 3626 boc
1733 3581 1787 3624 et
1829 3569 2154 3639 aliquando,

493 3680 496 3684 ί
590 3692 687 3729 nec
725 3685 941 3744 propter
987 3668 1333 3726 commodum
1359 3676 1452 3720 aut
1488 3665 1747 3720 damnum
1807 3654 2022 3726 fratris,»
2056 3676 2156 3715 nec

589 3776 813 3837 propter
867 3763 1205 3818 inimicitiam
1249 3761 1410 3815 ullam
1447 3756 1580 3812 :sed
1609 3770 1674 3810 ex
1730 3753 1962 3823 quadam
2018 3752 2157 3806 male

589 3859 844 3930 loquendi
879 3855 1286 3912 consuetudine.
1323 3855 1386 3907 Et
1423 3853 1566 3921 quis,
1595 3863 1712 3912 oro,
1743 3848 1904 3918 bnjus
1930 3847 2157 3918 garruli-

592 3954 718 4004 tatis
743 3950 922 4005 usus?
949 3963 1089 4016 saepe
1127 3947 1271 3999 enim
1304 3945 1363 3997 tit
1407 3955 1464 3996 ut
1507 3943 1765 3998 resciscat
1797 3937 2154 4014 postmodum

591 4044 758 4096 frater
783 4042 886 4096 sibi
939 4040 1238 4093 detractum
1286 4051 1444 4098 esse,
1485 4045 1538 4089 et
1578 4034 1925 4104 perturbetur
1987 4034 2158 4086 mole-

592 4137 802 4204 stiaque
830 4149 934 4187 non
967 4132 1172 4185 modica
1199 4128 1463 4183 aﬂiciatnr
1503 4144 1516 4180 :
1549 4136 1603 4180 et
1636 4128 1740 4180 hoc
1761 4125 1988 4200 alterum
2012 4138 2150 4191 gno-

595 4241 698 4292 que
731 4225 988 4277 damnum
1034 4221 1274 4274 accedat.
1325 4218 1478 4285 Quod
1513 4217 1558 4272 si
1587 4213 1903 4286 (nt-praefati
1947 4213 2157 4277 sumus)

598 4315 647 4367 id
681 4314 769 4366 fiat
797 4315 865 4365 ob
896 4313 1180 4366 utilitatem
1219 4319 1270 4363 et
1301 4307 1644 4362 commodum
1689 4304 1893 4368 fratris,
1927 4321 2033 4360 non
2065 4320 2160 4374 pa-

599 4408 728 4459 titur
760 4403 900 4459 Dens
933 4405 1080 4458 illum
1114 4401 1412 4473 perturbari
1453 4407 1548 4452 aut
1589 4400 1867 4462 fluctuare,
1905 4414 2011 4452 non
2064 4412 2159 4450 an-

595 4497 852 4566 gustiam,
889 4511 994 4549 non
1028 4498 1287 4548 damnum‘
1313 4475 1589 4548 accedere.

663 4589 796 4662 \‘lll.
823 4590 1021 4642 Curate
1065 4589 1226 4656 igitur
1259 4598 1313 4641 et
1342 4587 1580 4654 linguam
1615 4584 1890 4644 cohibere,
1945 4599 2011 4637 ne
2037 4583 2160 4653 quis

589 4681 834 4748 proximo
862 4678 1000 4731 nulla
1058 4677 1326 4745 loquatur,
1357 4691 1455 4728 nec
1503 4676 1673 4729 ullum
1721 4673 1883 4728 verbo
1925 4683 2160 4726 autum-

588 4774 703 4832 bra,
736 4769 894 4839 395
926 4776 1019 4823 aut
1070 4783 1145 4831 re,
1179 4778 1271 4820 aut
1314 4765 1507 4836 quovis
1575 4766 1799 4818 omnino
1853 4762 1960 4816 alio
2000 4763 2160 4817 modo

585 4865 762 4916 feriat.
797 4860 982 4929 Neque
1038 4859 1159 4913 sitis
1184 4861 1490 4926 prurientes
1539 4858 1764 4913 auribus
1794 4876 1806 4911 :
1840 4871 1904 4910 ne
1933 4855 2157 4921 scilicet,

585 4963 708 5005 (‘lllll
732 4951 857 5020 quis
888 4950 1121 5004 audierit
1148 4949 1424 5018 quidpiam
1459 4950 1525 5002 de
1554 4963 1612 5001 se
1638 4948 2004 5010 maledictum,
2031 4960 2160 5020 pru-

588 5045 692 5098 ritu
733 5044 876 5098 illico
921 5045 1254 5113 percutiatur
1295 5059 1307 5094 :
1362 5053 1416 5096 et
1477 5043 1591 5112 ipse
1625 5055 1844 5109 quoque
1899 5041 1978 5093 vel
2025 5037 2160 5092 male

584 5140 904 5210 respondeat
965 5137 1046 5190 vel
1090 5136 1434 5206 perturbetur
1487 5137 1555 5190 ab
1578 5151 1661 5189 eo.
1693 5132 1809 5188 Non
1831 5135 1974 5188 enim
2031 5132 2158 5186 talia

584 5242 955 5287 concertantes
1007 5230 1220 5285 athleta:
1250 5243 1413 5298 agere
1439 5238 1861 5288 consueverunt,
1899 5242 2006 5281 non
2063 5225 2158 5293 qui

585 5337 683 5393 pro
712 5323 880 5376 salute
904 5323 1189 5377 desudant.
1230 5320 1508 5376 Possidete
1543 5321 1790 5374 timorem
1819 5319 1933 5382 Dei,
1961 5328 2015 5372 et
2039 5333 2159 5371 tnu-

585 5424 673 5465 tua
712 5410 1010 5465 reverentia
1049 5424 1146 5464 vos
1188 5410 1478 5477 prazvenite
1507 5425 1519 5460 :
1546 5408 1697 5462 vobis
1742 5406 1886 5461 obvii
1943 5417 2152 5460 estote:

582 5502 838 5560 inclinate
866 5503 1038 5571 capita
1073 5513 1250 5557 vestra
1282 5519 1295 5554 :
1333 5501 1694 5555 bumiliamini
1744 5501 1798 5553 in
1863 5508 2156 5567 conspectu

581 5595 779 5666 summi
815 5593 904 5647 Dei
934 5602 986 5647 et
1017 5594 1067 5644 in
1094 5602 1392 5662 conspectu
1428 5589 1657 5645 fratrum
1700 5607 1712 5642 τ
1752 5589 2004 5657 subjicite
2029 5603 2155 5658 pro-

580 5687 751 5758 priam
782 5688 1134 5740 voluntatem.
1165 5687 1396 5749 Bonum,
1427 5684 1823 5751 inquam,opns
1846 5682 2153 5750 aggreditur

581 5781 674 5852 qui
703 5781 806 5835 hoc
832 5778 979 5845 facit,
1004 5780 1094 5850 qui
1125 5779 1422 5836 advenienti
1463 5777 1613 5832 fratri
1649 5776 1812 5842 cedit,
1848 5775 1938 5844 qui
1975 5774 2148 5829 honoa

2251 561 2408 614 τοῦτο
2433 561 2560 630 γὰρ,
2577 561 2651 624 ὡς
2680 556 2800 613 εἷπέ
2818 577 2900 623 τις
2924 561 3033 623 τῶν
3059 560 3350 630 γερόντων,
3374 558 3511 624 εἶδός
3537 560 3655 613 ἐστι
3675 562 3816 630 παῤ-

2253 649 2471 720 ρησίας.
2531 651 2638 718 καὶ
2688 649 2781 702 ἐὰν
2833 648 3013 718 συμϐῇ
3043 665 3165 701 τινα
3200 647 3420 718 βλέπειν
3466 647 3554 701 τὸν
3585 646 3816 715 ἀδελφὺν

2203 763 2207 767 ’
2253 739 2425 794 αὑτοῦ
2479 740 2876 809 ἁμαρτάνοντα,
2939 755 3077 810 μητε
3122 739 3442 811 καταπτύσῃ
3486 738 3674 803 αὑτοῦ,
3727 741 3818 791 καὶ

2254 832 2519 902 σιωπήσει
2553 832 2645 884 καὶ
2672 831 2872 902 ἀφήσει
2905 831 3066 886 αὑτὸν
3111 830 3424 894 ἀπολέσθαι,
3472 831 3612 901 μήτε
3657 829 3819 884 πάλιν

2251 921 2548 992 λοιδορήσει
2607 922 2789 982 αὑτὸν.
2840 924 2976 992 μήτε
3035 921 3394 991 καταλαλήσει
3439 919 3629 985 αὑτοῦ,
3687 917 3818 974 ἀλλὰ

2255 1013 2392 1083 μετὰ
2429 1011 2768 1082 συμπαθείας
2805 1014 2898 1066 καὶ
2923 1011 3088 1081 φόϐου
3118 1011 3251 1066 Θεοῦ
3281 1012 3412 1083 εἴπῃ
3439 1011 3514 1081 τῷ
3534 1010 3818 1082 δυναμένῳ

2250 1099 2648 1170 διορθώσασθαι
2705 1099 2888 1165 αὐτὸν,
2923 1101 2957 1171 ἢ
3007 1102 3166 1165 αὐτὸς
3218 1101 3441 1172 λαλήσει
3480 1099 3635 1170 αὐτῷ
3683 1101 3818 1170 μετὰ

2252 1191 2475 1274 ἀγάπης
2502 1191 2596 1244 καὶ
2624 1190 3003 1254 ταπεινώσεως
3031 1191 3221 1260 λέγων·
3259 1192 3642 1263 Συγχὼρησον,
3675 1192 3819 1244 ἀδελ-

2252 1280 2320 1350 φέ
2347 1297 2472 1350 μου,
2510 1282 2614 1344 ὅτι,
2645 1281 2720 1344 ὡς
2749 1281 3089 1352 ἀσύστροφος
3109 1281 3311 1353 βλέπω,
3345 1283 3427 1335 ὅτι
3451 1283 3591 1354 τάχα
3619 1281 3684 1334 οὐ
3719 1299 3817 1335 κα-
3863 1305 3873 1336 ι

2250 1372 2360 1435 λῶς
2389 1372 2651 1443 ποιοῦμεν
2679 1373 2796 1427 τόδε
2831 1373 2892 1426 τὸ
2922 1377 3170 1444 πρᾶγμα.
3202 1374 3312 1428 Καὶ
3338 1373 3432 1427 ἐὰν
3464 1374 3537 1445 μὴ
3575 1372 3816 1445 ἀκούσῃ,

2253 1465 2376 1518 εἰπὲ
2420 1465 2584 1535 ἄλλῳ,
2627 1468 2704 1528 εἰς
2751 1445 2809 1517 al,
2843 1464 3053 1535 βλέπων
3085 1466 3167 1519 ὅτι
3203 1465 3314 1534 ἔχει
3352 1466 3750 1538 πληροφορίαν,
3782 1466 3816 1536 ἢ

2251 1556 2373 1609 εἰπὲ
2395 1555 2473 1624 τῷ
2499 1556 2766 1629 ἐπιστάτῃ
2798 1553 2984 1620 αὐτοῦ,
3015 1557 3048 1627 ἢ
3081 1555 3157 1626 τῷ
3186 1556 3328 1626 ἀϐϐᾷ
3366 1559 3501 1628 πρὸς
3539 1556 3640 1626 τὴν
3662 1555 3820 1608 δύνα-

2254 1665 2346 1718 μιν
2381 1646 2474 1700 τοῦ
2511 1647 2844 1717 σφάλματος,
2872 1648 2967 1701 καὶ
3008 1648 3334 1718 ἀμερίμνει·
3384 1650 3515 1714 ἀλλ’,
3555 1650 3638 1712 ὡς
3667 1649 3819 1702 etme

2256 1753 2376 1806 μεν,
2409 1735 2596 1805 σκοπῷ
2632 1736 2727 1790 τοῦ
2758 1736 3113 1809 διορθωθῆναι
3149 1739 3241 1792 τὸν
3285 1737 3508 1807 αδελφὺν
3538 1739 3712 1794 αὑτοῦ
3745 1741 3822 1793 εί-

2185 1806 2226 1864 B
2260 1843 2354 1900 πῃ,
2389 1829 2484 1881 καὶ
2525 1828 2598 1898 μὴ
2633 1827 2773 1881 κατὰ
2805 1806 3094 1898 φλυαρίαν,
3129 1828 3203 1900 μὴ
3234 1829 3567 1892 καταλαλῶν,
3606 1831 3686 1900 μὴ
3729 1829 3820 1896 ἐξ·

2256 1921 2488 1974 ουδενῶν
2519 1921 2702 1986 αὐτὸν,
2735 1921 2809 1991 μὴ
2831 1920 2999 1974 θέλων
3023 1922 3204 1986 αὑτὸν,
3233 1922 3413 1992 φησιν,
3441 1921 3820 1992 παραδειγμα-

2255 2014 2426 2076 τίσαι,
2483 2012 2556 2082 μὴ
2603 2011 2949 2082 κατακρίνων
2996 2012 3197 2078 αὐτὸν,
3227 2015 3300 2085 μὴ
3354 2011 3821 2084 σχηματιζόμενος

2255 2103 2414 2174 δῆθεν
2444 2104 2726 2173 διόρθωσιν
2748 2119 2761 2135 ·
2798 2104 2999 2156 ἔσωθεν
3024 2103 3079 2156 δὲ
3107 2103 3247 2174 ἔχων
3285 2105 3473 2156 τίποτε
3503 2094 3714 2156 ⁸ιέοιὶιιιων
3745 2097 3820 2154 ὧν

2257 2189 2428 2247 sia-tow
2480 2194 2645 2258 ὅντως
2684 2194 2792 2264 γὰρ
2819 2194 2968 2265 αὑτῷ
2991 2193 3068 2264 τῷ
3099 2195 3242 2266 ἀϐϐᾷ
3279 2194 3440 2248 αὑτοῦ
3465 2211 3479 2224 ·
3531 2193 3632 2246 ἐὰν
3681 2194 3817 2263 λέγῃ

2255 2303 2360 2350 τις,
2388 2297 2483 2338 και
2526 2284 2598 2354 μὴ
2637 2284 2768 2354 λέγῃ
2809 2284 2896 2336 διὰ
2938 2285 3036 2353 τὴν
3076 2283 3358 2354 διόρθωσιν
3383 2287 3476 2338 τοῦ
3503 2283 3757 2354 πλησίον,
3787 2284 3822 2354 ἢ

2255 2377 2341 2429 διὰ
2401 2375 2533 2428 ἰδίαν
2593 2373 2814 2443 βλάϐην,
2865 2374 3137 2444 ἁμαρτίας
3181 2376 3315 2426 ἐστι·
3358 2375 3664 2428 καταλαλιὰ
3712 2377 3822 2444 γάρ

2256 2470 2423 2519 ἐστιν.
2461 2464 2619 2516 Ἀλλὰ
2651 2463 2965 2533 ψηλαφήσει
2990 2463 3088 2534 τὴν
3121 2462 3344 2533 καρδίαν
3383 2461 3596 2525 ἑαυτοῦ,
3630 2464 3683 2515 εί
3723 2463 3821 2531 ἔχῃ

2255 2553 2470 2622 κίνησίν
2498 2571 2618 2605 τινα
2645 2551 2890 2622 ἐμπαθῆ,
2916 2553 3010 2605 καὶ
3049 2551 3123 2623 μὴ
3152 2553 3300 2622 εῑπῃ.
3337 2549 3461 2603 Ἐὰν
3491 2551 3546 2603 δὲ
3561 2551 3661 2604 καὶ
3696 2551 3819 2621 βλέ-

2256 2661 2346 2696 πει
2375 2643 2569 2696 ἑαυτὸν
2595 2642 2730 2712 μετὰ
2760 2642 3070 2712 ἀκριϐείας,
3103 2643 3183 2695 ὅτι
3216 2634 3312 2696 ’διὰ
3339 2641 3435 2714 τὴν
3469 2641 3821 2712 συμπάθειαν

2255 2736 2351 2788 καὶ
2387 2733 2656 2802 ὠφέλειαν
2694 2731 2838 2784 θέλει
2890 2733 3085 2793 εἰπεῖν,
3123 2732 3270 2801 ὀχλεῖ
3299 2731 3356 2784 δὲ
3383 2735 3476 2786 καὶ
3507 2733 3534 2784 ὁ
3556 2729 3821 2800 λογισμός

2254 2845 2338 2890 τις
2377 2825 2577 2878 ἔσωθεν
2620 2825 2894 2896 ἐμπαθὴς,
2923 2823 3236 2891 ἀναγγεῖλαι
3267 2823 3344 2880 τῶ
3379 2824 3519 2893 ἁϐϐᾷ
3547 2824 3694 2892 μετὰ
3727 2839 3820 2875 τα·

2257 2917 2585 2980 πεινῶσεως,
2611 2917 2704 2970 καὶ
2746 2916 2806 2968 τὸ
2842 2917 2970 2969 ἴδιον
3005 2917 3100 2968 καὶ
3132 2915 3195 2968 τὸ
3224 2913 3316 2967 τοῦ
3349 2915 3572 2986 πλησίον
3604 2914 3821 2983 λέγων,

2255 3010 2336 3061 ὅτι
2371 3009 2435 3060 Ἦ
2459 3009 2554 3077 μὲν
2581 3006 2883 3076 συνείδησίς
2903 3025 3002 3077 μου
3023 3008 3287 3077 μαρτυρεῖ
3308 3022 3406 3075 μου
3433 3005 3513 3058 ὅτι
3536 3005 3626 3059 διὰ
3652 3005 3824 3076 ὄρθω-

2258 3119 2342 3154 σιν
2372 3101 2512 3154 θέλω
2541 3102 2736 3164 εἰπεῖν,
2761 3100 2874 3153 ἀλλ’
2906 3098 3228 3168 αἰσθάνομαι
3250 3099 3332 3150 ὅτι
3354 3095 3551 3149 ἔσωθέν
3574 3094 3667 3158 τίς
3687 3111 3822 3149 ποτε

2255 3193 2512 3262 λογισμὸς
2543 3190 2902 3261 μεμιγμένος.
2948 3189 3071 3242 Εἴτε
3104 3189 3292 3259 ἐπειδὴ
3321 3189 3476 3256 ἔσχον
3500 3185 3631 3240 ποτὲ
3675 3185 3823 3240 κατὰ

2254 3285 2348 3338 τοῦ
2378 3282 2629 3352 ἀδελφοῦ,
2660 3282 2761 3335 οὐκ
2789 3277 2923 3335 οἶδα·
2956 3283 3062 3334 εἴτε
3094 3279 3420 3350 συκοφαντία
3445 3280 3562 3331 ἐστὶ
3582 3277 3823 3332 θέλουσα

2255 3375 2542 3446 ἐμποδίσαι
2598 3391 2687 3443 μοι
2731 3375 2904 3426 εἰπεῖν
2952 3373 3047 3428 καὶ
3088 3370 3341 3440 γενέσθαι
3380 3370 3692 3441 διόρθωσιν,
3720 3369 3822 3423 οὐκ

2255 3463 2390 3518 οἶδα.
2424 3465 2534 3516 Καὶ
2569 3462 2754 3514 λοιπὸν
2783 3463 2811 3515 ὁ
2841 3457 3015 3524 ἀϐϐἅς
3049 3461 3197 3527 λέγει
3223 3459 3388 3529 αὐτῷ,
3419 3462 3467 3512 εἰ
3488 3459 3696 3527 ὀφείλει
3739 3461 3821 3512 εί-

2257 3560 2398 3620 πεῖν,
2441 3556 2473 3625 ἦ
2519 3555 2591 3624 μὴ
2623 3556 2814 3607 εἰπεῖν.
2855 3554 3012 3606 Ἔστι
3053 3552 3110 3605 δὲ
3133 3555 3223 3605 ὅτε
3262 3550 3410 3618 λέγει
3449 3568 3533 3615 τις
3572 3549 3704 3604 οὔτε
3733 3551 3827 3604 διὰ

2257 3647 2522 3716 ὠφέλειαν
2548 3645 2641 3697 τοῦ
2662 3643 2888 3711 ἀδελφοῦ
2926 3642 3112 3714 abaci,
3141 3641 3265 3694 οὔτε
3301 3641 3388 3693 διὰ
3421 3641 3556 3693 ἰδίαν
3586 3639 3820 3710 βλάϐην,

2257 3740 2378 3794 οὔτε
2411 3739 2553 3792 κατὰ
2588 3737 2951 3807 μνησικακίαν
2980 3735 3122 3796 τινὰ,
3162 3733 3275 3787 ἀλλ’
3302 3733 3473 3795 οὕτως
3515 3732 3707 3796 ἁπλῶς
3747 3731 3823 3783 διο

2257 3834 2579 3902 ηγούμενος,
2603 3835 2677 3896 ὡς
2708 3833 2814 3886 ἀπὸ
2842 3831 3185 3904 ἀργολογίας.
3217 3831 3328 3884 Καὶ
3355 3829 3439 3894 τίς
3463 3830 3496 3899 ἡ
3526 3827 3690 3898 χρεία
3722 3827 3823 3897 τῆς

2259 3926 2522 3999 φλυαρίας
2560 3928 2793 3999 ταύτης,
2827 3926 3092 3990 Πολλάκις
3113 3925 3283 3979 δὲκαὶ
3313 3923 3572 3995 μανθάνει
3598 3923 3628 3974 ὁ
3663 3920 3823 3974 ἀδελ-

2259 4022 2358 4090 φὸς
2385 4023 2465 4073 ὃτι
2489 4017 2607 4075 εἷπε
2634 4041 2697 4074 πε
2707 4022 2760 4091 pl.
2780 4019 2965 4086 αὑτοῦ,
2988 4021 3082 4072 καὶ
3104 4017 3591 4088 καταταράσσεται,
3609 4019 3710 4070 καὶ
3736 4013 3822 4082 γί-

2259 4131 2407 4167 νεται
2439 4116 2502 4167 ἐκ
2536 4115 2726 4166 τούτου
2760 4113 2960 4180 θλίψις,
2987 4095 3192 4180 γίνεται
3226 4107 3491 4187 καὶσᾶλλη
3530 4107 3821 4178 προσθήκη

2262 4206 2488 4276 βλάϐης.
2513 4209 2680 4260 Ὅταν
2699 4207 2807 4276 γὰρ
2834 4205 2982 4272 λέγει
3003 4220 3094 4266 *τις
3119 4203 3187 4256 δι’
3215 4201 3382 4271 αὐτὴν
3407 4200 3506 4270 τὴν
3527 4200 3820 4279 ὠφέλειαν,

2257 4300 2332 4359 ὡς
2357 4301 2602 4367 εἴπομεν,
2635 4300 2730 4352 καὶ
2754 4297 2941 4368 μόνην,
2966 4297 3026 4348 οὐ
3058 4296 3328 4364 συγχωρεῖ
3358 4294 3386 4345 ὁ
3406 4291 3537 4355 Θεὸς
3564 4292 3822 4359 γενέσθαι

2259 4396 2523 4464 ταραχή-ν
2569 4393 2667 4443 οὐκ
2718 4392 2828 4461 ἁφῇ
2865 4388 3339 4460 παρακολουθῆσαι
3379 4384 3576 4453 θλίψιν,
3604 4386 3641 4456 ἢ
3693 4386 3825 4456 βλά-

2192 4506 2234 4560 D
2264 4484 2384 4555 δην.

2336 4575 2417 4629 H'.
2475 4574 2813 4627 Σπουδάσατε
2868 4573 2945 4636 δὲ,
2979 4572 3054 4634 ὡς
3081 4571 3326 4641 εἴπομεν,
3373 4572 3468 4624 καὶ
3503 4573 3692 4642 τηρεῖν
3724 4573 3824 4639 τὴί

2261 4666 2511 4735 γλῶσσαν
2541 4666 2714 4736 ὑμῶν,
2743 4664 2828 4716 ἵνα
2862 4663 2935 4732 μὴ
2965 4663 3114 4715 λαλεῖ
3133 4678 3216 4724 τις
3239 4660 3426 4722 κακῶς
3456 4661 3533 4731 τῷ
3565 4658 3820 4729 πλησίον.

2265 4761 2400 4829 μήτε
2433 4758 2660 4829 πλήσσει
2693 4759 2834 4819 τινὰ,
2863 4755 2896 4824 ἧ
2939 4754 3101 4825 λόγῳ,
3137 4753 3170 4823 ἦ
3213 4752 3379 4821 ἔργῳ,
3408 4753 3441 4821 ἢ
3480 4751 3748 4825 σχήματι,
3786 4750 3821 4818 ἢ

2259 4853 2548 4924 οίῳδήποτε
2597 4851 2804 4920 τρόπῳ·
2860 4849 2995 4920 μηδὲ
3048 4845 3234 4900 ἔσεσθε
3281 4844 3570 4898 abnuo-tor
3609 4845 3706 4898 ἵνα
3745 4843 3821 4913 μὴ

2259 4941 2384 4993 ὅταν
2415 4937 2637 4992 ἀκούσει
2670 4951 2753 4998 τις
2787 4934 2938 5004 ὑμῶν
2967 4935 3117 5004 παρὰ
3145 4931 3238 4985 τοῦ
3266 4929 3495 5003 ἁδελφοῦ
3523 4932 3696 4987 αὑτοῦ
3725 4931 3822 4999 ῥῆ-

2263 5049 2360 5100 μα,
2389 5030 2587 5092 εὐθέως
2615 5027 2874 5090 κνίζεται,
2906 5026 2939 5094 ἦ
2960 5027 3052 5078 καὶ
3072 5025 3418 5095 ἀποκρίνεται
3437 5024 3586 5093 αὐτῷ
3607 5022 3820 5089 κακῶς,

2258 5124 2291 5192 ἢ
2338 5122 2485 5190 μένει
2523 5120 2835 5186 θλιϐόμενος
2867 5116 2985 5170 κατ’
3013 5117 3198 5169 αὐτοῦ.
3233 5115 3346 5169 Οὐκ
3377 5119 3482 5170 είσὶ
3523 5113 3700 5166 ταῦτα
3732 5114 3818 5166 θε-

2257 5215 2452 5268 λόντων
2481 5214 2740 5282 σωθῆναι,
2763 5212 2860 5263 οὐκ
2875 5211 2979 5263 εἰσὶ
3006 5209 3174 5263 ταῦτα
3203 5207 3634 5279 ἀγωνιζομένων.
3663 5207 3818 5277 Κτή-

2259 5308 2422 5360 σασθε
2458 5308 2548 5361 τὸν
2578 5303 2739 5374 φόϐον
2767 5303 2861 5356 τοῦ
2887 5301 3043 5365 Θεοῦ,
3064 5289 3197 5357 ἀλλὰ
3223 5303 3362 5373 μετὰ
3389 5298 3702 5366 εὐλαϐείας,
3729 5301 3818 5352 ἵνα

2257 5402 2526 5452 ἀπαντᾶτε
2557 5397 2822 5466 ἀλλήλοις,
2851 5395 3076 5457 ἕκαστος
3101 5394 3295 5449 κλίνων
3322 5393 3420 5462 τὴν
3449 5392 3694 5463 κεφαλὴν
3723 5391 3820 5444 αὖε

2253 5491 2346 5544 τοῦ
2387 5489 2696 5560 ἔμπροσθεν
2734 5486 2828 5542 τοῦ
2866 5486 3094 5555 ἀδελφοῦ
3127 5485 3312 5549 αὑτοῦ,
3341 5482 3522 5548 καθὼς
3561 5486 3818 5553 εἴπομεν,

2255 5585 2478 5644 ἕκαστος
2527 5579 2943 5650 ταπεινούμενος
2982 5580 3207 5634 ἐνώπιον
3247 5576 3340 5630 τοῦ
3383 5575 3544 5642 Θεοῦ,
3577 5579 3676 5630 καὶ
3730 5577 3818 5627 ἔνι

2253 5675 2419 5729 ώπιον
2440 5674 2530 5728 τοῦ
2556 5673 2781 5742 ἀδελφοῦ
2805 5674 2990 5736 αὑτοῦ,
3007 5674 3099 5726 καὶ
3114 5673 3330 5725 κόπτων
3355 5670 3505 5741 αὖεῷ
3528 5670 3588 5722 τὺ
3605 5667 3817 5738 θέλημα

2253 5768 2435 5824 αὑτοῦ.
2471 5770 2675 5829 Ὄντως
2726 5765 2907 5836 καλὸν,
2951 5766 3046 5841 ἑαν
3104 5780 3185 5828 τις
3243 5754 3368 5832 ποιῇ
3425 5763 3678 5831 πρᾶγμ-ιι,
3725 5773 3814 5812 και
