4020 6340
221 409 347 492 ιςω

1546 403 1918 462 ΒΟΩΤΗΙΝᾸ
1985 403 2073 461 l\'.

3283 399 3417 464 1670

218 514 594 587 παραχωρήσει
617 512 692 582 τῷ
722 510 936 581 ἀδελφῷ
960 511 1146 574 αὑτοῦ,
1187 510 1280 563 καὶ
1309 511 1632 580 προτιμήσει
1663 511 1762 563 αύ-

1880 525 1924 565 re
1947 509 2204 580 praevenit
2239 527 2252 562 :
2285 510 2638 578 consequitur
2675 509 2797 581 plus
2827 510 3095 566 commodi
3132 512 3224 582 qui
3252 516 3415 580 cedit,

218 612 319 662 tov'
345 606 630 674 ὠφελεῖται
654 603 814 667 αὐτὸς
847 607 877 657 ὁ
905 605 1309 674 παραχωρήσας
1343 601 1505 655 πλέον
1535 603 1762 654 ἐκείνου.

225 699 361 768 Ἐγὼ
412 699 512 752 οὐκ
567 693 685 750 οῖδα
741 697 975 768 ἐμαυτὸν
1027 694 1330 765 ποιήσαντά
1362 710 1492 746 ποτε
1539 693 1762 761 ἀγαθόν.

225 791 378 845 Ἀλλά
407 793 456 844 εί
484 789 619 853 ὅλως
651 785 998 858 ἐσκεπάσθην
1027 788 1091 840 ὲκ
1117 785 1327 849 τούτου,
1354 780 1469 838 οἶδα
1496 786 1577 838 ὅτι
1608 787 1765 838 ἐσκε-

216 883 440 953 πάσθην,
471 883 553 934 ὅτι
581 880 835 934 οὐδέποτε
877 864 1174 949 προέκρινα
1214 877 1448 947 ἐμαυτὸν
1480 875 1572 929 τοῦ
1608 877 1764 928 ἀδελ-

1867 614 1934 656 eo
1960 601 2048 653 cui
2077 599 2307 653 ceditur.
2345 598 2571 671 Ego-me
2613 600 2792 668 ipsum
2816 601 2939 654 novi
2969 601 3045 655 uil
3075 601 3201 656 boni
3239 616 3420 674 agere,

1866 692 1961 745 sed
1994 690 2136 759 quod
2163 688 2325 758 hujus
2350 690 2472 742 vitii.
2495 690 2718 744 omnino
2742 705 2936 760 expers
2961 691 3063 746 sim
3101 699 3157 745 ct
3193 706 3420 758 vacuus,

1867 779 1970 835 hoc
2016 780 2200 848 utique
2237 778 2387 834 novi.
2427 777 2612 850 Neque
2657 781 2804 836 enim
2859 797 2946 836 me
2973 783 3263 853 aliquando
3317 782 3424 838 fra-

1867 884 2008 925 trum
2038 872 2287 940 cuiquam
2315 872 2622 940 anteposui,
2651 872 2744 929 sed
2783 874 3028 943 quemvis
3047 873 3178 927 mihi
3209 888 3424 944 semper
3539 917 3541 920 ‹

215 977 335 1048 φοῦ,
373 975 486 1030 ἀλλ’
521 975 609 1029 ἀεὶ
662 972 754 1027 τὸν
809 969 1037 1040 ἀδελφόν
1083 986 1186 1040 μου
1226 969 1416 1023 ἔϐαλον
1458 967 1767 1057 ἔμπροσθέν

1880 957 2101 1020 iudicavi
2138 966 2392 1026 praestare
2412 958 2630 1015 debere.

215 1087 355 1212 μοέῑ.
395 1157 532 1212 ﬂori:
556 1156 706 1220 ὄντος
737 1173 837 1227 μου
871 1154 951 1208 ἔτι
987 1155 1044 1208 ὲν
1081 1157 1196 1218 τοῖς
1224 1152 1319 1208 τοῦ
1353 1153 1496 1208 άϐϐἄ
1521 1152 1764 1223 Σερίδου,

211 1252 501 1322 ἠσθένησεν
529 1251 560 1302 ὁ
585 1249 863 1319 ὑπηρέτης
888 1247 984 1300 τοῦ
1009 1248 1262 1318 γέροντος
1285 1246 1380 1299 τοῦ
1409 1239 1554 1298 assa
1591 1233 1768 1298 Ἰωάνέ

213 1360 299 1396 νου
322 1342 416 1395 τοῦ
443 1341 584 1394 κατά
609 1340 701 1393 τὸν
719 1339 893 1414 άϐϐἄν
921 1337 1345 1406 Βαρσανούφιον,
1381 1338 1475 1391 καὶ
1503 1335 1768 1406 ἐπέτρεψέ

215 1453 301 1504 μοι
347 1436 375 1487 ὁ
423 1433 596 1497 ἁϐϐἇς
645 1432 988 1502 ὑπηρετῆσαι
1037 1431 1128 1486 τὸν
1175 1431 1426 1500 γέροντα.
1475 1428 1661 1490 Οὕτως
1708 1428 1789 1480 δὲ.

209 1524 533 1595 ἠσπαζόμην
582 1523 682 1592 τὴν
727 1522 898 1594 θύραν
944 1520 1038 1576 τοῦ
1085 1523 1294 1577 κελλίου
1341 1520 1504 1575 αὐτοῦ
1545 1520 1765 1586 ἔξωθεν,

214 1615 398 1684 ὧσπερ
432 1615 726 1684 προσκυνεῖ
767 1628 849 1675 τις
879 1611 970 1664 τὸν
996 1612 1175 1683 τίμιον
1212 1611 1460 1682 σταυρόν.
1514 1609 1671 1679 Πόσῳ
1703 1625 1766 1676 γε

215 1707 412 1778 μᾶλλον
453 1705 516 1759 τὸ
557 1704 902 1775 ὑπηρετῆσαι
947 1703 1126 1773 αὐτῷ;
1175 1704 1258 1766 τίς
1299 1704 1408 1772 γὰρ
1448 1702 1548 1755 οὑκ
1588 1701 1767 1754 ἔθελεν

213 1797 505 1867 ἀξιωθῆναι
525 1795 765 1850 τοιούτου
792 1795 981 1864 άγίου;
1013 1792 1140 1865 Εἶχε
1166 1795 1224 1848 δὲ
1243 1795 1336 1848 καὶ
1364 1794 1520 1861 λόγον
1553 1792 1765 1862 θαυμά-

1935 1135 2172 1192 lX.Cum
2196 1152 2371 1193 essem
2388 1139 2680 1209 aliquando
2708 1140 2846 1210 apud
2878 1141 3125 1198 abbatem
3153 1141 3421 1208 Scridum,

1865 1238 2124 1300 tegrotare
2150 1229 2371 1299 contigit
2401 1231 2708 1302 ministrum
2735 1233 2946 1288 abbatis
2981 1232 3208 1289 Joannis
3249 1253 3262 1288 :
3289 1249 3425 1305 qua-

1867 1335 1925 1372 re
1963 1319 2095 1372 mihi
2128 1321 2408 1389 imperavit
2435 1320 2601 1376 abbas
2632 1322 2829 1377 seniori
2855 1333 2913 1376 ut
2937 1323 3282 1379 deservirem.
3317 1325 3428 1393 Ego

1866 1427 1995 1466 vero
2020 1413 2173 1466 oneri
2203 1412 2445 1476 subiens,
2477 1414 2554 1468 sic
2582 1414 2788 1469 cellulas
2827 1415 2998 1485 ipsius
3018 1416 3213 1470 ostium
3241 1417 3426 1472 obser-

1867 1503 2078 1566 vabam,
2123 1514 2178 1558 ut
2230 1504 2319 1574 qui
2362 1505 2648 1574 pretiosam
2689 1521 2904 1561 crucem
2950 1507 3178 1563 adorat:
3226 1517 3431 1584 quanto

1869 1595 2032 1664 igitur
2057 1596 2228 1664 magis
2261 1610 2385 1650 cum
2418 1595 2495 1648 illi
2522 1597 2931 1652 ministraretn?
2962 1597 3096 1664 Quis
3133 1599 3277 1652 enim
3320 1612 3430 1652 non

1868 1697 2073 1756 optaret
2103 1699 2209 1742 tam
2241 1698 2430 1745 saneto
2464 1675 2685 1743 homini
2728 1690 3036 1746 deservire?
3064 1693 3192 1747 Erat
3246 1704 3429 1748 autem

1869 1779 2020 1834 suavi
2042 1790 2095 1834 et
2120 1780 2438 1835 admirando
2459 1782 2694 1852 eloquio.
2713 1783 2892 1848 Quare
2919 1797 3019 1853 ego
3038 1784 3280 1854 quotidie
3309 1793 3431 1854 post

213 1911 348 1958 σιον,
376 1864 469 1946 παὶ
499 1891 862 1946 καθ’ἒκαστον
891 1889 978 1942 ἀεὶ
1009 1864 1146 1958 μετὰ
1158 1885 1260 1958 [τὸ]
1275 1886 1554 1957 πληρῶσαί
1581 1903 1645 1957 με
1674 1885 1772 1954 τὴν

1880 1873 2136 1941 expletum
2185 1873 2543 1928 ministerium
2593 1875 2850 1930 inclinato
2896 1891 3124 1946 corpore
3149 1877 3225 1931 illi
3271 1892 3425 1934 reve-

224 1985 529 2059 ὐπηρεσίαν
562 1981 750 2046 αὐτοῦ,
778 1980 997 2034 ἔϐαλλον
1021 1979 1169 2050 αὐτῴ
1200 1978 1483 2049 μετάνοιαν
1509 1978 1596 2031 ἶνα
1624 1976 1772 2030 λάϐω

212 2074 518 2147 παράθεσιν
567 2073 698 2142 παρ’
741 2070 907 2124 αὑτοῦ
936 2069 1033 2123 καὶ
1063 2069 1422 2140 άναχωρήσω,
1462 2066 1558 2121 καὶ
1594 2066 1771 2120 ἐλάλει

215 2184 307 2236 μοι
326 2165 563 2227 πάντως.
590 2159 719 2232 Εἶχε
750 2161 856 2232 γὰρ
882 2161 911 2212 ὁ
933 2159 1111 2232 γέρων
1137 2159 1379 2228 τέσσαρα
1411 2158 1651 2228 ῥήματα,
1679 2158 1771 2209 καὶ

211 2258 286 2321 ὡς
335 2252 487 2310 εἷπον
520 2273 536 2289 ·
593 2255 712 2308 καθ’
745 2252 1017 2323 ἑσπέραν,
1061 2249 1136 2313 ὡς
1181 2250 1409 2321 ἡμελλον
1446 2250 1768 2318 ἀναχωρεῖν,

213 2348 368 2417 ἐλεγέ
394 2364 485 2418 μοι
508 2346 725 2408 πάντως
757 2343 816 2396 ἒν
845 2346 908 2396 ἐκ
924 2341 1031 2395 τῶν
1046 2343 1348 2411 τεσσάρων,
1365 2341 1460 2392 καὶ
1482 2340 1664 2406 ἔλεγεν
1679 2338 1772 2390 οὖ-

211 2452 350 2500 τωςο
388 2454 406 2487 ι
425 2435 592 2505 Φησὶν
629 2432 806 2496 ἅπαξ·
837 2451 856 2484 ›
884 2430 1069 2500 δοῦτως
1099 2430 1204 2500 γὰρ
1235 2424 1302 2499 ἦν
1336 2431 1368 2498 ἠ
1399 2427 1648 2497 συνήθεια
1680 2426 1772 2480 τοῦ

211 2529 464 2600 γέροντος
503 2528 560 2578 ὲν
588 2524 800 2594 ἑκάστῳ
844 2524 1045 2593 ῥήματι
1088 2520 1263 2589 λέγειν
1287 2535 1302 2547 ·
1353 2537 1372 2570 σ
1400 2520 1566 2588 Φησὶν
1606 2517 1772 2582 ἅπαξ,

212 2619 431 2689 ἁδελφὲ,
460 2619 488 2670 ὁ
507 2616 638 2678 Θεὸς
666 2613 919 2684 φυλάξειε
948 2612 1047 2682 τὴν
1075 2611 1347 2680 ἀγάπην.)
1384 2606 1549 2664 Εἶπον
1577 2609 1626 2662 οί
1665 2609 1776 2662 Πά-

210 2727 365 2782 τρες,
391 2708 466 2762 Τὸ
492 2705 722 2776 φυλάξαι
748 2705 849 2774 τὴν
879 2701 1180 2770 συνείδησιν
1207 2699 1298 2753 τοῦ
1340 2699 1575 2782 πλησίου,
1601 2699 1776 2751 τίκτει

211 2795 312 2865 τὴν
339 2790 861 2862 ταπεινοφροσύνην.
911 2789 1079 2844 Πάλιν
1112 2791 1178 2860 τῇ
1207 2787 1340 2860 ἄλλῃ
1387 2786 1594 2858 ἑσπέρᾳ
1627 2787 1777 2855 ἕλεγέ

139 2935 144 2938 .
215 2898 349 2951 μοι’
399 2900 420 2934 ι
450 2881 620 2952 Φησὶν
659 2877 828 2942 ἅπαξ,
872 2879 1091 2949 ἁδελφὲ,
1134 2880 1164 2930 ὁ
1204 2877 1335 2942 θεὸς
1382 2878 1638 2946 φυλάξειε
1679 2878 1778 2946 τὴν

212 2972 458 3042 ἀγάπην.
509 2989 529 3022 ι
581 2969 748 3026 Εἶπον
796 2972 844 3024 οί
889 2972 1130 3042 Πάτρεςο
1179 2955 1444 3042 Οὐδέποτε
1492 2969 1679 3022 ἔϐαλον
1718 2969 1778 3021 τὸ

213 3061 432 3133 θέλημά
479 3078 578 3131 μου
628 3062 938 3134 ἔμπροσθεν
983 3061 1079 3115 τοῦ
1111 3061 1340 3130 ἀδελφοῦ
1396 3078 1520 3130 μου.
1558 3060 1778 3113 Ἀλλοτε

215 3152 381 3206 πάλιν
408 3151 562 3219 ἔλεγε
583 3168 597 3180 ο
631 3169 651 3202 ε
673 3152 842 3223 Φησὶν
874 3148 1042 3215 ἅπαξ,
1071 3136 1283 3220 ἁϐελφὲ,
1314 3153 1343 3204 ὁ
1375 3152 1506 3215 Θεὸς
1528 3152 1779 3221 φυλάξειε

212 3247 319 3313 τὴν
346 3243 588 3312 ἀγάπην.
609 3259 642 3306 λ»
691 3237 859 3294 Εἶπον
887 3243 935 3294 oi.
959 3241 1168 3312 Πάτρες
1188 3257 1201 3271 ο
1244 3261 1261 3294 ι
1286 3241 1456 3310 Φεῦγε
1484 3241 1553 3295 τὰ
1579 3241 1781 3312 ἀνθρώ-

217 3348 355 3388 πινα
377 3333 470 3386 καὶ
489 3331 658 3404 σώζῃ.
688 3350 707 3384 ι
732 3330 904 3385 Πάλιν,
925 3330 1078 3400 ἔλεγε
1099 3349 1114 3363 ο
1149 3333 1356 3404 (Φησὶν
1376 3333 1544 3398 ἅπαξ,
1564 3333 1777 3402 άδελφὲ,

216 3423 394 3486 ὸΘεὸς
411 3423 666 3492 φυλάξειε
688 3421 785 3493 τὴν
806 3422 1044 3492 ἀγάπην.
1061 3441 1079 3473 ι
1102 3418 1268 3502 [ςίἷπον
1290 3426 1338 3477 οί
1358 3425 1586 3494 Πάτρεςσ
1617 3443 1635 3476 ι
1661 3424 1780 3502 ’ᾼλτ

215 3516 399 3587 λήλων
422 3514 492 3569 τὰ
514 3514 655 3586 βάρη
682 3514 1002 3585 βαστάζετε,
1030 3499 1125 3576 καί
1155 3514 1327 3580 οὕτως
1352 3499 1781 3588 ἀναπληρώσατε

216 3609 314 3662 τὸν
343 3609 504 3679 νόμον
527 3608 621 3661 τοῦ
649 3607 953 3680 Χριστοῦ.,›
986 3589 1208 3669 Πάντως
1236 3601 1378 3687 εἶχέν
1402 3610 1430 3662 ὁ
1449 3610 1625 3680 γέρων
1655 3609 1783 3679 μίαν

165 3686 172 3690 ”
217 3699 603 3770 παραγγελίαν
647 3698 835 3784 δοῦνανί
881 3716 974 3770 μοι
1023 3702 1087 3754 lx
1113 3699 1222 3754 τῶν
1253 3686 1532 3774 τεσσάρων
1559 3699 1782 3766 τούτων,

221 3791 302 3854 ὡς
340 3790 649 3862 ἀνεχώρουν
674 3778 815 3847 ’κα-οδ
839 3792 1098 3862 ἑσπέραν,
1132 3792 1209 3855 ὥς
1233 3791 1316 3856 τίς
1355 3808 1486 3844 ποτε
1532 3793 1785 3861 παρέχων

215 3882 335 3936 τινὶ
359 3881 570 3949 ἐφόδια.
599 3874 710 3934 Καί
740 3879 912 3944 οἴνους
937 3863 1082 3952 εἶχον
1110 3881 1249 3936 αὐτὰ
1277 3883 1357 3946 είς
1386 3881 1632 3953 φυλακὴν
1660 3883 1787 3951 ὅλης

218 3972 326 4042 τῆς
353 3972 509 4050 ζωῆς.
526 3988 626 4040 es"
645 3988 674 4020 ἠ
697 3972 793 4026 καὶ
828 3973 860 4023 δ

221 4063 355 4134 ρίαν
380 4061 521 4132 ἔχων
550 4064 629 4126 είς
662 4062 752 4117 τὸν
781 4056 954 4131 ἅγιον,
986 4064 1082 4114 καὶ
1111 4062 1256 4116 οὕτω
1292 4063 1630 4133 διακείμενος
1658 4067 1786 4136 περὶ

219 4154 326 4226 τὴν
359 4154 662 4225 ὑπηρεσίαν
703 4153 868 4207 αὑτοῦ
892 4169 906 4184 ο
959 4155 1046 4208 ἵνα
1094 4153 1368 4224 αἴσθωμαι
1403 4147 1561 4224 μόνον
1592 4156 1673 4208 ὅτι
1703 4156 1786 4218 τίς

193 4263 366 4319 ,ποτε
409 4245 519 4299 τῶν
546 4242 789 4314 ἀδελφῶν
841 4235 1084 4299 ὲθλίϐετο
1134 4243 1309 4315 ζητῶν
1355 4247 1441 4299 ἵνα
1485 4247 1644 4310 αὐτὸς
1687 4246 1784 4298 ὑπο

220 4352 479 4410 ηρετησῃ
522 4331 688 4412 αὐτῷ.
734 4334 995 4404 Ἀπῆλθον
1044 4330 1133 4388 οὖν
1160 4336 1294 4407 πρὸς
1338 4337 1428 4390 τὸν
1466 4335 1658 4401 ἁϐϐἄν,
1692 4337 1786 4390 καὶ

197 4411 582 4499 ’παρεκάλεσα
650 4428 810 4482 αὐτόν
871 4427 1044 4496 λέγων
1066 4465 1083 4491 ,
1147 4421 1228 4481 ὅτι
1271 4428 1416 4499 Τῷδε
1464 4416 1542 4500 τῷ
1579 4424 1788 4500 ἁδελφῴ

864 3953 977 4040 μείς
1005 3972 1203 4056 καίπερ
1233 3972 1485 4042 τοιαύτην
1513 3974 1787 4045 πληροφο-
1823 3970 1827 3973 ’

1871 1964 2096 2016 rentiam
2118 1964 2460 2026 exhibebant,
2487 1974 2547 2018 ut
2578 1965 2701 2019 data
2741 1967 2894 2021 venia
2924 1981 2976 2022 et
2996 1978 3212 2038 accepta
3264 1970 3430 2024 bene-

1872 2054 2106 2108 dictione
2150 2054 2501 2109 discederem.
2547 2055 2612 2110 Et
2656 2072 2869 2126 semper
2917 2058 3008 2112 ille
3049 2060 3181 2113 mihi
3223 2060 3432 2130 aliquid

1872 2148 2014 2214 quod
2070 2149 2358 2200 instrueret
2409 2132 2824 2217 :rtlificarctque,
2865 2149 3203 2219 loquebatur.
3234 2149 3434 2207 Habuit

1873 2245 2050 2290 autem
2075 2252 2236 2292 senex
2267 2247 2500 2306 quatuor
2522 2240 2678 2294 verba
2705 2240 2758 2293 in
2783 2256 2876 2295 ore
2901 2251 3181 2307 consueta,
3198 2260 3433 2314 quorum

1875 2343 2040 2380 unum
2071 2341 2354 2382 recessuro
2392 2330 2526 2382 milii
2554 2330 2620 2383 ad
2662 2346 2942 2400 vesperam
2966 2349 3179 2404 settiper
3197 2351 3436 2394 comme-
3493 2348 3498 2352 '

1877 2419 2138 2472 morabat.
2169 2416 2282 2472 Mos
2313 2428 2494 2474 autem
2530 2421 2728 2474 seniori
2766 2430 2882 2475 erat
2905 2431 3032 2479 ante
3067 2441 3281 2482 omnem
3310 2443 3436 2483 nar-

1876 2510 2138 2564 rationem
2173 2524 2328 2562 suam
2354 2509 2458 2563 hoc
2476 2525 2823 2579 praeponere:
2858 2511 3216 2581 (Conserva,
3251 2517 3436 2582 frater,

1877 2600 2020 2669 Deus
2038 2601 2354 2654 charitatem
2373 2611 2638 2655 mutuam.
2679 2619 2697 2650 ι
2733 2599 2890 2666 Quod
2919 2617 3044 2656 cum
3076 2587 3180 2664 hoc
3219 2606 3440 2675 quoque
3487 2622 3489 2625 '

1876 2706 2115 2762 tempore
2137 2693 2270 2749 mihi
2298 2693 2545 2758 dixisset,
2580 2693 2822 2748 arbitrati
2873 2703 3001 2750 sunt
3033 2692 3219 2751 Patres
3259 2706 3442 2751 custo-

1876 2783 2018 2837 diam
2055 2784 2282 2853 pr0prizc
2328 2783 2674 2838 conscientiae
2711 2798 2838 2854 erga
2886 2786 3194 2854 proximum
3239 2802 3437 2856 parare

1880 2873 2258 2928 humilitatem.
2287 2872 2344 2927 In
2376 2875 2609 2929 secunda
2633 2891 2848 2944 quoque
2868 2862 3091 2946 vespera
3107 2877 3242 2931 dixit
3268 2879 3398 2932 mihi
3422 2896 3435 2932 :

1886 2986 1903 3017 c
1933 2967 2248 3031 Conservet,
2282 2965 2466 3032 frater,
2492 2964 2634 3022 Deus
2657 2975 2900 3022 mutuam
2932 2969 3305 3024 charitateum
3334 2971 3438 3023 Ar-

1879 3058 2060 3112 bitrati
2098 3066 2225 3111 sunt
2254 3057 2442 3113 Patres
2477 3059 2831 3128 voluntatem,
2854 3061 3127 3129 propriam
3186 3060 3441 3116 fraternae

1879 3161 2156 3217 nunquam
2184 3149 2637 3217 anteponendam.
2659 3148 2843 3204 Tertia
2868 3165 3091 3224 vespera
3126 3153 3203 3207 ait
3229 3173 3243 3208 :
3265 3153 3440 3209 «Con-

1881 3248 2077 3300 servet,
2110 3238 2296 3302 frater,
2323 3238 2465 3294 Deus
2492 3250 2733 3294 mutuam
2757 3241 3097 3298 charitatcm.
3127 3264 3148 3303 ρ
3181 3244 3444 3302 Dixerunt

1880 3327 2066 3383 Patres
2102 3346 2116 3382 :
2164 3349 2181 3380 ι
2207 3328 2353 3400 Fuge
2381 3331 2616 3384 humana
2643 3331 2774 3396 hanc,
2803 3343 2856 3388 et
2874 3334 3214 3408 salvaberisn
3238 3336 3442 3404 Quarto

1880 3419 1965 3472 die
1990 3419 2166 3482 dixit:
2207 3438 2226 3470 ι
2260 3418 2575 3485 Conservet,
2609 3419 2795 3487 frater,
2826 3421 2969 3478 Deus
2989 3436 3231 3481 mutuam
3264 3428 3444 3482 chari-
3527 3482 3531 3487 .
3567 3498 3576 3509 ι

1885 3520 2068 3566 tatem.
2103 3530 2120 3562 ι
2185 3511 2444 3566 Dixerunt
2500 3511 2730 3568 Patres:
2761 3533 2778 3564 ι
2808 3515 3041 3570 Invicem
3109 3517 3154 3572 si
3207 3517 3446 3575 feramus

1883 3617 2047 3656 onera
2083 3613 2283 3668 nostra,
2315 3604 2389 3659 ita
2419 3604 2820 3675 Christi‘lcgcm
2865 3602 3251 3678 completuros.
3291 3629 3309 3662 ι
3355 3612 3448 3669 Sic

1881 3708 2098 3762 semper
2123 3705 2476 3749 consueverat
2529 3711 2690 3753 senex
2751 3714 2817 3753 ex
2851 3700 2933 3755 his
2959 3717 3120 3756 uuam
3145 3704 3276 3760 mibi
3313 3689 3449 3775 quo-

1883 3800 2096 3855 cunque
2167 3787 2256 3841 die
2291 3789 2626 3843 sententiam
2679 3803 3126 3862 commemorare,
3189 3782 3444 3867 tanquam

1884 3876 2084 3946 aliquid
2119 3878 2298 3953 viatici
2329 3889 2612 3946 praestans.
2649 3879 2796 3945 Quas
2825 3897 3013 3938 omnes
3061 3886 3114 3938 in
3145 3887 3267 3948 vita:
3311 3903 3445 3944 mea

1883 3968 2184 4022 custodiam
2224 3968 2436 4021 servavi
2465 3984 2678 4038 semper
2703 3980 2759 4024 et
2789 3957 2934 4026 tenui
2963 3991 2976 4026 :
3017 3982 3165 4030 tanta
3192 3977 3295 4032 [ide
3319 3993 3446 4048 erga

1885 4058 2286 4112 sanctissimum
2341 4057 2554 4114 Patrem
2599 4060 2697 4123 fui,
2749 4063 2876 4116 dmn
2937 4064 3011 4118 illi
3061 4067 3443 4127 ministrarent.

1883 4149 2018 4204 Cum
2056 4158 2233 4204 autem
2293 4151 2457 4205 semel
2509 4161 2722 4208 tantum
2776 4155 3164 4214 intellexissem
3220 4177 3386 4217 unum
3418 4181 3448 4219 e

1885 4241 2141 4304 fratribus
2166 4242 2444 4307 aﬂlictum,
2471 4246 2565 4313 qui
2592 4247 2642 4300 id
2675 4247 3036 4304 ministerium
3075 4252 3205 4306 mihi
3227 4261 3450 4324 exopta-

1884 4342 1968 4386 ret
1989 4333 2487 4408 eripere,rabhatem
2514 4335 2626 4390 adii
2657 4340 2933 4401 statim,et
2963 4342 3137 4397 accito
3167 4342 3336 4400 fratre
3367 4363 3449 4398 ro-

1887 4424 2004 4493 gavi
2037 4423 2271 4488 Patretn,
2303 4427 2422 4496 ejus
2449 4430 2631 4482 animo
2677 4437 2738 4496 ut
2799 4444 3006 4485 morem
3041 4444 3266 4502 gereret,
3303 4427 3446 4505 quod
3541 4433 3552 4439 ”

222 4519 444 4589 μᾶλλον
462 4518 657 4589 πρέπει
677 4520 834 4574 τοῦτο
856 4521 950 4575 ἐὰν
969 4523 1218 4592 συνορᾷς,
1243 4521 1418 4592 κύριε.
1451 4523 1560 4575 Kal.
1584 4523 1644 4574 ού
1669 4540 1779 4575 συν-

1893 4517 1944 4570 id
1975 4514 2332 4572 ministerium
2362 4528 2418 4573 et
2434 4534 2633 4572 munus
2662 4518 2832 4571 multo
2857 4535 2944 4575 me
2987 4524 3179 4580 melius
3226 4530 3448 4595 exsequi

220 4611 480 4683 εχώρησέ
509 4627 598 4681 μοι
624 4610 746 4665 οὔτε
771 4615 800 4666 ὁ
831 4611 1024 4676 άϐϐἄς,
1049 4610 1172 4664 οὔτε
1195 4611 1354 4674 αὐτὸς
1372 4613 1401 4663 ὁ
1418 4613 1613 4682 γέρων.
1643 4613 1788 4683 Πλὴν

203 4705 374 4775 τέως
403 4702 515 4771 ἐγὼ
546 4703 837 4774 ὲπλήρωσα
881 4704 979 4775 τὴν
1019 4701 1244 4773 δύναμίν
1276 4720 1378 4772 μου
1409 4705 1490 4766 είς
1516 4705 1575 4757 τὸ
1606 4722 1790 4776 προτι-
1816 4696 1824 4701 ’

225 4793 476 4866 μηθῆναι
503 4791 594 4844 τδν
637 4792 882 4860 ἀδελφόν.
927 4795 1036 4847 Καὶ
1083 4795 1164 4846 ὅτι
1213 4794 1441 4862 ἐποίησα
1477 4795 1593 4847 ἐκεῖ
1637 4797 1790 4850 ἐννέα

223 4888 355 4956 ιτη,
400 4884 502 4936 οὐκ
546 4877 663 4948 οἶδα
693 4881 948 4953 ’λαλήσας
980 4887 1088 4938 τινὶ
1126 4887 1274 4955 ῥῆμα
1328 4886 1564 4956 σαπρόν·
1615 4887 1789 4939 καίτοι

217 4969 376 5049 ἔχων
401 4972 692 5038 διακονίαν,
723 4973 813 5026 ἶνα
844 4974 926 5042 μή
955 4991 1039 5038 τις
1068 4977 1193 5058 εἴπῃ
1221 4977 1302 5029 ὃτι
1334 4976 1433 5028 οὐκ
1466 4971 1624 5044 εἶχον.

233 5242 236 5245 ’
303 5242 366 5294 l'.
407 5238 521 5293 Kal.
549 5236 892 5301 πιστεύσατε,
924 5229 1042 5288 οἶδα
1069 5235 1151 5288 ὅτι
1179 5238 1430 5310 εποίησεν
1462 5234 1541 5303 εἷς
1565 5238 1792 5308 ἀδελφὸς

227 5333 353 5390 ἀπὸ
379 5330 474 5384 τοῦ
503 5326 846 5400 νοσοκσμείου
890 5323 995 5388 ἕως
1020 5328 1120 5395 τῆς
1159 5328 1450 5400 ἔκκλησίας
1479 5329 1794 5408 περιπατῶν

225 5424 420 5480 ὀπίσω
455 5439 554 5492 μου
581 5419 815 5493 ὑϐρίζων
843 5432 944 5488 με·
998 5415 1154 5498 κάγὼ
1184 5417 1494 5490 Ιιμπροιτθεν
1514 5422 1682 5490 αὑτοῦ
1720 5422 1794 5493 μὴ

229 5511 611 5585 φθεγγόμενος
641 5508 791 5579 αὐτῷ
815 5506 933 5561 οὐδὲ
959 5505 1016 5558 ἓν
1049 5505 1201 5576 ῥῆμα
1219 5524 1232 5537 ο
1262 5509 1396 5564 ἀλλά
1424 5514 1520 5565 καὶ
1549 5515 1638 5566 ὅτε
1663 5513 1795 5584 έμα-

227 5605 337 5660 Θεν
365 5604 396 5655 ὀ
422 5599 616 5666 ἀϐϐᾶς,
643 5593 884 5667 οὐκίοῐδα
913 5596 1054 5668 τίνος
1084 5592 1327 5660 εἰπόντος
1355 5600 1522 5678 αύτῷ,
1556 5604 1650 5656 καὶ
1673 5604 1796 5673 ὴθέ-

227 5700 409 5770 λησεν
455 5694 774 5764 ἐπιτιμῆσαι
816 5689 984 5761 αὐτῷ,
1040 5688 1149 5757 ἐγὼ
1193 5687 1382 5758 ἔμεινα
1429 5695 1644 5765 κρατῶν
1671 5699 1797 5759 τοὺς

227 5789 413 5851 πόδας
439 5783 839 5854 αὒτοῦ,λὲτων·
872 5781 985 5853 Μὴ,
1014 5779 1101 5836 διὰ
1129 5779 1219 5835 τὸν
1243 5780 1465 5850 Κύριον,
1492 5784 1602 5853 ἐγὼ
1631 5787 1794 5857 ἐσφά-

1887 4617 1943 4661 et
1987 4607 2143 4661 vellet
2203 4616 2258 4681 et
2316 4617 2517 4675 posset.
2546 4603 2776 4676 Negavit
2817 4608 2996 4675 Pater,
3025 4623 3080 4668 et
3119 4630 3290 4684 neque
3334 4615 3450 4685 ipse
3548 4633 3552 4640 ‘

1889 4711 2064 4765 neque
2089 4711 2250 4751 senex
2267 4696 2368 4750 hoc
2399 4700 2757 4764 permiserunt
2787 4718 2801 4752 :
2837 4715 2938 4771 ego
2959 4714 3157 4767 tamen,
3183 4714 3448 4773 quantum

1891 4788 1946 4840 in
1969 4803 2057 4841 me
2078 4786 2207 4850 fuit,
2229 4786 2449 4841 fratrem
2481 4787 2614 4842 mihi
2654 4791 2884 4857 praetuli.
2915 4793 3050 4846 Cum
3079 4795 3252 4848 etiam
3273 4810 3449 4854 annos

1887 4892 2082 4939 novem
2102 4879 2156 4932 in
2189 4893 2256 4932 eo
2293 4878 2874 4948 ministeriofuissom,
2909 4881 3180 4954 nunquam
3236 4889 3290 4941 in
3337 4888 3448 4946 fra-

1890 4977 2022 5023 trem
2052 4969 2200 5022 illum
2229 4971 2420 5038 exspui
2458 4972 2678 5026 verbum
2719 4975 2801 5029 vel
2826 4985 2980 5045 turpe
3026 4977 3106 5030 vel
3136 4959 3447 5051 molestum,

1889 5061 2052 5114 etiam
2076 5074 2195 5113 cum
2226 5060 2750 5133 administrationem
2783 5067 3016 5136 aliquam
3049 5067 3326 5137 haberem,
3355 5089 3448 5128 ne-

1892 5165 2000 5205 oue
2031 5151 2275 5219 privatus
2298 5166 2473 5206 essem
2497 5157 2738 5212 omnino.

1961 5240 2028 5294 Χ.
2065 5241 2197 5306 ουκ
2231 5241 2406 5314 dicam
2451 5247 2672 5302 credite.
2706 5247 2789 5300 Ah
2841 5247 3133 5303 iutirmaria
3159 5255 3236 5308 .ad
3278 5257 3452 5311 eccle-

1893 5332 2025 5388 siam
2053 5333 2369 5402 plerumque
2418 5337 2507 5391 me
2556 5335 2720 5392 frater
2786 5337 3081 5396 insectatus
3130 5353 3214 5399 est
3263 5346 3449 5399 multis

1893 5422 2153 5492 conviciis
2181 5429 2241 5478 et
2269 5427 2653 5490 contumeliis;
2683 5426 2773 5481 cui
2795 5442 2896 5497 ego
2920 5445 3197 5502 nunquam
3221 5449 3288 5487 ne
3324 5447 3448 5487 ver-

1894 5514 2019 5569 bum
2050 5513 2326 5584 quodlibet
2352 5532 2522 5571 unum
2557 5525 2748 5572 contra
2784 5523 3057 5590 respondi.
3093 5522 3231 5588 Quin
3271 5523 3451 5590 potius

1896 5616 2104 5661 etcum
2149 5605 2202 5659 id
2253 5607 2504 5662 rescisset
2543 5607 2729 5671 abbas,
2764 5611 2948 5680 nescio
2999 5625 3107 5680 quo
3161 5608 3446 5674 referente,

1899 5697 2335 5767 decrevissetque
2361 5699 2509 5752 illum
2536 5696 2845 5768 obiurgare,
2886 5700 3088 5769 procidi
3116 5714 3215 5768 ego
3237 5699 3317 5753 'ad
3351 5715 3452 5770 pe-

1897 5793 1992 5848 des
2051 5789 2223 5846 Patris
2261 5787 2424 5862 m
2471 5790 2763 5847 obsecrans
2806 5807 2899 5860 per
2940 5789 3122 5845 Iesum
3174 5791 3452 5850 Christum
