4020 6340
552 419 688 488 16⁸71

1746 412 1808 467 S.
1852 404 2241 470 DOROTHEI
2290 403 2608 463 ABBATIS

3678 396 3815 459 1672

553 534 608 589 id
634 547 703 587 ne
731 529 951 590 faceret,
983 523 1129 595 quod
1151 520 1398 576 videlicet
1425 532 1601 572 meum
1622 515 2136 584 fuissetpeecatum,

2259 528 2359 580 ιην,
2393 511 2544 564 οὐδὲν
2578 512 2807 581 πρᾶγμα
2837 510 2950 581 ἔχει
2980 515 3010 563 ὀ
3032 510 3287 579 ἀδελφός.
3318 510 3431 563 Kal.
3457 493 3619 571 ἄλλος
3651 511 3815 562 πάλιν

558 635 670 679 non
695 617 899 673 fratris.
928 598 1323 682 Alter'quo'que
1353 610 1433 662 vel
1456 624 1524 661 ex
1556 605 1857 660 tentatiooe
1894 604 1979 658 vel
2002 604 2133 656 sim—

554 711 811 783 plicitate,
843 717 901 761 ut
932 706 1082 760 novit
1123 701 1287 767 Deus,
1312 703 1597 755 observato
1650 698 1825 752 noctis
1858 706 2136 764 tempore,

556 801 769 855 urinam
792 812 944 853 suam
980 797 1034 849 in
1063 804 1224 865 caput
1273 807 1453 855 meum
1479 790 1687 853 clfudit,
1728 789 1800 842 ita
1846 797 1905 841 ut
1959 787 2136 841 lectu-

557 893 645 948 lus
695 905 848 945 meus
889 896 1036 943 totus
1059 886 1317 941 maderet.
1350 884 1455 937 Alii
1488 897 1708 952 quoque
1759 882 1959 935 fratres
2008 894 2142 934 con-

558 998 754 1038 venere
776 996 870 1051 per
901 980 1043 1033 diem
1096 989 1155 1032 ut
1205 986 1418 1033 storeas
1463 991 1591 1030 suas
1654 980 1969 1029 excuterem
2018 981 2142 1025 ante

558 1072 751 1128 cellam
786 1085 1001 1135 meam;
1036 1083 1145 1137 quo
1211 1066 1354 1121 facto
1380 1076 1527 1120 tanta
1568 1062 1828 1119 cimicum
1886 1062 2137 1116 multitu-

562 1166 633 1220 do
664 1165 720 1218 ln
747 1177 867 1217 eam
905 1160 1303 1229 commigravit,
1338 1166 1597 1228 quantam
1626 1170 1727 1225 ego
1788 1154 1935 1207 nullo
1983 1154 2144 1207 modo

564 1257 699 1312 satis
737 1255 962 1310 fuissem
992 1252 1295 1307 interlicere
1332 1259 1524 1305 :erant
1565 1260 1745 1303 autem
1805 1246 1998 1300 inﬁniti
2029 1261 2141 1315 pra:

564 1356 719 1402 tanto
749 1355 904 1401 aestu.
936 1343 1074 1397 Cum
1101 1358 1202 1410 ego
1230 1342 1394 1411 igitur
1444 1341 1685 1396 cubitum
1728 1336 2143 1400 concessissem,

566 1436 623 1491 in
654 1450 741 1491 me
765 1450 954 1490 omnes
986 1434 1131 1488 facto
1173 1434 1385 1504 agmine
1433 1446 1687 1486 corruere
1715 1445 1730 1497 ;
1766 1444 1999 1499 cumque
2027 1429 2149 1497 ditt-

565 1528 679 1582 tius
715 1527 1110 1581 obdorntissem
1141 1540 1250 1594 pra:
1274 1524 1478 1584 labore,
1508 1531 1569 1576 ut
1600 1537 1751 1577 eram
1816 1522 1995 1575 fessus
2048 1522 2147 1573 all-'-

565 1620 784 1675 modum
811 1620 863 1672 in
894 1619 1001 1682 die,
1055 1616 1269 1669 tandem
1320 1616 1589 1669 excitatus
1633 1629 1662 1666 a
1700 1626 1894 1667 somno
1951 1610 2148 1665 offendi

566 1710 953 1780 corpusculum
985 1724 1164 1762 meum
1194 1721 1357 1761 omne
1389 1706 1674 1773 depastum
1701 1723 1714 1758 :
1752 1720 1929 1774 neque
1962 1712 2146 1757 tamen

2237 607 2344 657 εἴτε
2376 606 2485 657 ἀπὸ
2516 603 2819 675 πειρασμοῦ
2843 606 2953 658 εἴτε
2979 604 3087 656 ἀπὺ
3112 604 3436 671 ἁπλότητος,
3470 606 3501 656 ὁ
3523 603 3655 666 Θεὸς
3675 600 3814 655 οἶδεν

2240 699 2423 763 πόθεν,
2469 699 2691 769 ἐποίησε
2738 700 2928 768 χρόνον
2958 697 3099 750 κατά
3144 698 3313 751 νύκτα
3360 697 3534 749 ποιῶν
3577 697 3640 749 ea
3672 696 3814 767 ὕδωρ

2238 791 2404 846 αὑτοῦ
2434 792 2569 861 πρὸς
2595 791 2833 859 κεφαλήν
2866 802 2989 861 μου,
3014 789 3156 842 ὥστε
3187 790 3281 843 καὶ
3309 789 3481 858 αὐτὴν
3512 788 3612 858 τὴν
3643 789 3814 857 στρῶο

2242 887 2327 939 σίν
2378 903 2479 957 μου
2532 884 2843 956 βρέχεσθαι.
2901 884 3136 955 Ὀμοίως
3186 885 3281 937 καῖ⁶
3329 884 3479 939 ἄλλοι
3524 883 3671 946 τινὲς
3709 882 3815 935 τῶν

2240 979 2485 1053 ἀδελφῶν
2512 979 2744 1050 ήρχοντο
2786 978 3035 1050 ἡμέριον,
3076 980 3170 1031 καὶ
3199 976 3479 1032 ὲτίνασσον
3524 976 3595 1031 τὰ
3624 975 3815 1045 ψιάθια

2242 1069 2420 1124 αὐτῶν
2445 1068 2750 1139 ἔμπροσθεν
2774 1067 2868 1121 τοῦ
2907 1068 3116 1123 κελλίου
3150 1086 3273 1139 μου,
3304 1069 3398 1121 καὶ
3424 1066 3657 1120 ἔϐλεπον
3686 1083 3813 1119 τοσ-
3864 1120 3871 1135 ,_

2243 1161 2401 1221 οὗτον
2445 1160 2648 1230 πλῆθος
2696 1160 2925 1230 κορίδων
2962 1159 3361 1231 εἰσερχομένων
3399 1160 3482 1220 εἰς
3510 1158 3573 1211 τδ
3604 1156 3816 1210 κελλίον

2248 1271 2372 1323 μου,
2418 1252 2495 1316 ὡς
2550 1253 2687 1323 μήτε
2734 1251 3113 1323 περιγενέσθαι
3164 1251 3260 1305 τοῦ
3310 1250 3559 1321 φονεύειν
3607 1250 3816 1314 am;-

2244 1341 2386 1416 ἦσαν
2433 1346 2543 1415 γὰρ
2586 1344 2801 1416 ἄπειροι
2848 1346 2914 1397 ὲκ
2957 1344 3064 1398 τῶν
3112 1328 3427 1415 καυμάτων.
3486 1343 3688 1397 Λοιπὸν
3744 1345 3820 1406 ὡς

2246 1436 2575 1508 ἀπηρχόμην
2616 1435 2967 1506 κοιμηθῆναι,
3004 1437 3299 1507 συνήγοντο
3327 1435 3449 1488 ὅλαι
3484 1436 3693 1488 ἐκεῖναι
3724 1436 3821 1487 ἐπ-

2247 1530 2361 1583 άνω
2392 1546 2519 1599 μου,
2549 1528 2645 1583 καὶ
2672 1528 2872 1599 ἤρχετο
2903 1530 3002 1599 μὲν
3026 1530 3055 1582 ὀ
3085 1528 3248 1590 ὕπνος
3284 1530 3349 1580 ὲκ
3381 1526 3477 1580 τοῦ
3507 1527 3704 1581 πολλοῦ
3731 1527 3822 1581 κό-

2250 1640 2351 1675 που
2382 1640 2398 1655 ο
2448 1621 2797 1693 ἐγειρομένου
2824 1620 2883 1674 δέ
2917 1638 3019 1691 μου
3058 1620 3166 1673 ἀπὸ
3191 1619 3287 1672 τοῦ
3328 1618 3519 1685 ὕπνου,
3558 1620 3824 1689 ηὕρισκον

2248 1714 2368 1769 ὅλον
2398 1714 2460 1768 τὸ
2492 1714 2653 1784 σῶμά
2694 1730 2795 1783 μου
2837 1710 3325 1781 καταϐεόρωμένον
3359 1725 3375 1739 ⁶
3426 1712 3521 1763 καὶ
3564 1711 3823 1764 οὐδέποτε

569 1800 783 1854 illorum
812 1802 1066 1870 cuiquam
1084 1792 1316 1853 verbutn
1331 1796 1622 1867 aliquando
1638 1796 1805 1849 ullum
1828 1796 1949 1858 leci,
1964 1803 2059 1848 aut
2083 1807 2151 1847 ne

2259 1803 2405 1861 εἶπόν
2419 1824 2525 1861 τινι
2549 1806 2747 1869 αὐτῶν,
2766 1805 2858 1876 Μὴ
2878 1804 3124 1875 ποιήσεις
3148 1801 3341 1867 οὕτως,
3372 1803 3407 1871 ή
3439 1802 3538 1855 Διά
3564 1802 3618 1854 τί
3650 1801 3823 1865 οὕτως

570 1890 622 1944 id
639 1890 834 1949 atnodo
855 1868 1094 1943 facerent
1115 1886 1364 1957 autquod
1384 1886 1522 1940 male
1538 1884 1796 1940 facerent.
1822 1884 1886 1938 Et
1902 1893 1961 1939 ut
1976 1884 2156 1953 praedi'

2259 1902 2467 1965 ποιεῖςς
2502 1897 2638 1953 Οὔτε
2666 1892 2783 1951 οἶδα
2812 1868 3069 1967 ἐμαυτδν,
3097 1894 3277 1956 καθὼς
3307 1868 3481 1957 εἷπον,
3508 1893 3823 1963 λαλήσαντᾷ

568 1994 661 2037 eta
676 1991 1028 2051 repetam,me
1054 1995 1331 2049 nunquam
1354 1977 1576 2038 memini
1598 1978 1893 2046 quidquam
1913 1976 2158 2045 aliquan-

568 2073 910 2135 dolocutum,
924 2072 1066 2143 quod
1085 2078 1168 2126 vel
1185 2073 1487 2125 molestiam
1505 2071 1587 2125 vel
1606 2069 1949 2124 afllictionem
1972 2068 2065 2121 ulli
2078 2068 2157 2121 af-

571 2171 753 2224 ferret.
774 2163 970 2220 Discite
987 2165 1149 2235 igitur
1166 2173 1220 2217 ct
1237 2179 1355 2227 vos,
1377 2162 1571 2216 fratres
1588 2174 1637 2225 ⁸,
1653 2162 1789 2214 alter
1802 2160 2018 2214 alterius
2032 2175 2155 2212 one-
2190 2175 2197 2179 '

578 2273 639 2308 ra
658 2268 871 2325 portare
907 2266 952 2319 r;
986 2256 1179 2308 discite
1208 2255 1843 2347 mutua/tureverentiam
1875 2254 2152 2306 exhibere.

572 2347 815 2416 Cumque
847 2356 1083 2400 vestrum
1111 2347 1233 2415 quis
1274 2340 1496 2400 verlium
1524 2345 1798 2399 audiverit
1823 2340 2156 2414 quandoque

574 2438 1007 2507 minusgratum,
1042 2452 1107 2491 ne
1162 2438 1305 2490 illico
1351 2438 1694 2507 deprimatur
1766 2446 1860 2490 aut
1914 2436 2151 2499 deﬁciat,

575 2545 680 2583 non
713 2530 895 2583 statim
932 2529 1158 2597 pruriat,
1184 2544 1251 2582 ne
1282 2528 1407 2582 belli
1440 2537 1495 2582 et
1528 2529 1665 2584 lucri
1696 2538 1941 2597 tempore
1997 2528 2151 2581 inve-

573 2621 755 2675 niatur
800 2621 963 2676 corde
990 2620 1209 2685 alllicto,
1264 2621 1523 2685 demisso,
1554 2621 1771 2681 obtuso,
1812 2620 1959 2690 quod
2010 2619 2154 2673 scili-

579 2723 665 2767 cet
688 2713 956 2782 impotens
992 2712 1062 2765 sit
1092 2712 1256 2765 etiam
1279 2712 1448 2766 ictum
1483 2710 1771 2765 minimum
1827 2710 2103 2765 sustinere
2135 2724 2149 2760 :

581 2808 721 2861 utin
747 2822 952 2876 pepoue
983 2805 1121 2861 solet
1141 2805 1378 2869 evenire,
1410 2819 1596 2873 quem,
1628 2804 1674 2856 si
1705 2817 1933 2873 parvum
1960 2819 2154 2861 vaseu-

576 2896 688 2949 lttnt
709 2896 1012 2965 contigerit,
1068 2896 1212 2949 illico
1254 2895 1502 2948 vulnerat
1539 2902 1593 2947 et
1629 2903 1944 2961 putrescere
1984 2895 2149 2964 cogit.

584 2986 754 3042 Virile
808 3003 904 3042 cor
929 2995 984 3040 et
1015 2985 1342 3054 intrepidum
1374 2985 1569 3039 habete
1600 3002 1615 3037 :
1650 2986 2152 3055 magnanimitatem

581 3081 807 3143 induite,
838 3088 895 3132 ut
949 3092 1290 3147 quacunque
1310 3076 1449 3130 inter
1468 3091 1563 3131 vos
1582 3077 1925 3147 contigerint,
1965 3090 2151 3132 mutua

2259 2008 2388 2044 ποτε
2441 1992 2595 2061 ρἦα
2648 1989 2883 2059 πλῆττον
2936 1987 2970 2056 ἥ
3026 1985 3229 2039 λυποῦν
3277 2003 3420 2041 τινα.
3444 1985 3685 2059 Meam
3728 1984 3826 2039 καὶ

2258 2078 2414 2147 ὑμεῖς
2436 2075 2764 2141 βαστάζειν
2786 2076 2859 2135 τὰ
2884 2075 3046 2142 ,ϐάρη
3082 2074 3391 2143 ἀλλήλων.
3432 2075 3632 2146 μάθετε
3665 2074 3825 2128 εὐλα-

2258 2167 2467 2220 ϐεῖσθαι
2495 2167 2778 2236 ἀλλήλους.
2824 2165 2934 2220 Kal.
2968 2164 3062 2218 ἐὰν
3093 2166 3302 2239 ἀκούσῃ
3344 2183 3432 2227 τις
3472 2166 3628 2235 ὑμῶν
3674 2168 3827 2237 ῥῆμα

2258 2260 2408 2331 παρά
2437 2276 2581 2321 τινος
2623 2258 2935 2328 ἀπαρέσκον
2967 2256 3136 2327 αὐτῷ,
3181 2256 3215 2326 ἢ
3261 2258 3356 2310 ὲάν
3385 2256 3537 2331 πάθῃ
3572 2258 3662 2320 τίς
3692 2274 3825 2310 ποτε

2256 2351 2408 2421 παρὰ
2440 2352 2775 2421 προαίρεσιν,
2811 2350 2883 2420 μὴ
2910 2349 3110 2412 εὐθέως
3142 2347 3490 2419 ὀλιγωρήσει,
3525 2348 3599 2418 μὴ
3624 2349 3828 2412 εὐθέως

2255 2442 2471 2514 κνισθῇ,
2527 2442 2601 2513 μὴ
2634 2440 2829 2513 εὑρεθῇ
2876 2442 2933 2493 ἐν
2963 2440 3140 2511 καιρῷ
3184 2439 3394 2508 ἀγῶνος
3437 2440 3533 2493 καὶ
3562 2440 3829 2508 ὠφελείας

2256 2535 2393 2606 ἔχων
2423 2533 2650 2605 καρδίαν
2689 2531 3077 2603 ἐκλελυμένην,
3116 2530 3470 2601 ἀμελέτητον.
3505 2529 3718 2596 ἄτονον,
3754 2529 3828 2600 μή

2253 2626 2556 2696 δυναμένην
2582 2623 2837 2691 δέξασθαι
2885 2624 3202 2694 οἱανδήποτε
3244 2623 3553 2693 προσϐολήν
3582 2638 3595 2650 ·
3638 2621 3829 2691 ὥσπερ

2255 2717 2343 2770 tul
2375 2716 2467 2770 τοῦ
2496 2716 2748 2780 πέπονος,
2774 2716 2858 2770 ὅτι
2882 2714 3084 2785 μικρὸν
3118 2714 3360 2785 βιζάκιον
3385 2713 3482 2768 ἐὰν
3510 2713 3711 2786 ὲγγίσῃ
3737 2714 3831 2767 αὒ-

2253 2807 2354 2877 τῷ.
2383 2806 2585 2870 εὐθέως
2613 2808 2760 2858 ποιεῖ
2790 2804 3011 2876 τραῦμα
3036 2804 3133 2857 καὶ⁵
3166 2788 3432 2874 σήπεταιό
3460 2804 3599 2858 ἀλλά
3629 2805 3831 2875 μᾶλλον

2254 2897 2343 2948 ἵνα
2374 2896 2535 2965 ἔχητε
2564 2893 2790 2964 καρδίαν
2825 2894 3071 2964 στερεὰν,
3122 2892 3209 2946 ἶνα
3234 2892 3394 2963 ἔχητε
3423 2893 3828 2964 μακροθυμίαν,

2256 2987 2344 3041 ἵνα
2387 2989 2516 3057 νικᾷ
2556 2985 2735 3040 πάντα
2771 2985 2843 3038 τά
2870 2983 3235 3055 συμϐαίνοντα
3263 2986 3297 3055 ή
3342 2985 3533 3054 ἀγάπη
3565 2983 3724 3055 ὑμῶν
3752 2988 3831 3048 είς

2254 3076 2539 3147 ἀλλήλους.
2575 3076 2685 3129 Kal.
2712 3075 2809 3129 ὲάν
2836 3074 2935 3147 ἔχῃ
2963 3091 3048 3139 τις
3076 3075 3371 3141 διακονίαν,
3403 3075 3435 3145 ἧ
3476 3076 3571 3128 καὶ
3612 3076 3712 3128 ἐὰν
3738 3078 3832 3129 εὖ·

579 3173 818 3229 cbaritas
845 3186 907 3226 ea
934 3170 1160 3225 suﬂ‘erat
1184 3178 1237 3225 et
1263 3169 1466 3224 vincat.
1501 3167 1657 3234 Quod
1719 3169 1767 3223 si
1799 3169 1925 3238 quis
1963 3184 2029 3224 ex
2052 3184 2150 3224 voc

2261 3167 2391 3238 ρεθῇ
2435 3184 2520 3229 τις
2550 3164 2610 3230 ἐξ
2647 3164 2801 3236 ὑμῶν
2833 3164 2973 3235 ἔχων
3009 3165 3330 3238 οἱανδήποτε
3363 3164 3676 3237 ἀπόκρισιν,
3720 3166 3832 3217 εῐτε

580 3266 670 3321 bis
700 3265 862 3318 etiam
892 3262 1421 3317 administrationem
1446 3259 1717 3321 habuerit,
1761 3258 2041 3329 fueritque
2071 3276 2162 3315 ne-

577 3371 734 3415 cesse
762 3355 844 3409 vel
874 3352 1075 3418 olitori,
1111 3351 1193 3405 vel
1218 3365 1416 3420 coquo,
1435 3350 1520 3403 vel
1544 3363 1863 3403 cmconomo
1889 3350 2162 3418 quidpiam

581 3447 931 3527 respondere,
963 3446 1047 3499 vel
1076 3445 1250 3499 cuivis
1307 3443 1397 3497 alii
1423 3442 2009 3508 coadministrantium,
2044 3452 2163 3497 stu-

584 3538 1005 3609 deat,robsecro,
1039 3543 1267 3604 uterque
1294 3543 1349 3587 et
1397 3533 1489 3601 qui
1519 3534 1747 3586 daturus
1784 3541 1837 3586 et
1881 3532 1993 3599 qui'
2014 3547 2175 3585 acce-.

583 3641 778 3702 pturus
832 3642 1157 3697 responsum
1214 3635 1319 3687 est,
1350 3633 1551 3679 statum
1576 3639 1738 3678 suum
1783 3623 1839 3676 in
1888 3623 2037 3677 omni
2084 3639 2163 3685 re,

586 3734 854 3787 servare;
930 3721 1001 3772 ita
1046 3727 1106 3771 ut
1168 3716 1300 3771 nihil
1360 3714 1713 3779 alllictionis,
1756 3714 1890 3768 nihll
1947 3722 2162 3783 pertur-

586 3808 819 3864 bationis
850 3850 867 3875 ,
918 3808 1052 3863 nihil
1092 3805 1397 3861 affectionis
1441 3805 1577 3859 nihil
1624 3803 2011 3873 indignationis
2070 3804 2148 3857 si-

585 3910 679 3955 nat
716 3913 961 3967 unquam
1018 3896 1362 3959 intervenire,
1416 3909 1592 3965 neque
1646 3893 1864 3964 aliquid
1916 3894 2167 3964 propria:

470 4036 473 4039 .
587 3991 881 4044 voluntatis
932 3988 1203 4051 interlabi,
1240 4002 1416 4058 neque
1460 3986 1731 4056 justitiam
1784 3985 2084 4054 aliquando
2134 4000 2165 4039 a

590 4079 867 4147 μηδεμία
915 4079 1113 4133 divinis
1142 4078 1376 4148 patiatur
1406 4078 1697 4132 aberrare:
1732 4076 1825 4132 sed
1856 4076 1932 4148 uti
1973 4091 2060 4130 res
2088 4075 2166 4129 in-

596 4176 752 4223 venta
784 4168 946 4223 fuerit
983 4172 1065 4223 vel
1096 4186 1259 4240 parva
1306 4171 1388 4225 vel
1428 4185 1645 4240 magna,
1685 4170 1760 4224 ita
1792 4184 1913 4224 eam
1935 4169 2165 4240 per-tit-

590 4266 673 4314 tat
715 4265 771 4313 et
802 4259 1049 4329 negligat.
1076 4261 1171 4316 Est
1208 4262 1354 4317 enim
1410 4262 1587 4317 malus
1641 4260 1912 4332 ejusmodi
1981 4275 2163 4315 rerum

592 4360 958 4420 contemptus,
988 4360 1044 4405 et
1070 4353 1475 4425 improbandus.
1508 4352 1697 4423 Neque
1726 4367 1943 4408 rursum
1986 4350 2164 4406 hono-

484 4442 488 4447 ⁴
591 4453 675 4499 ret
696 4442 847 4498 illum
876 4441 1017 4496 ultra
1057 4443 1174 4511 ejus
1195 4446 1681 4510 statum,maxime
1734 4443 1781 4498 si
1824 4443 2021 4497 anima:
2063 4442 2164 4497 da-

2265 3260 2399 3332 πρδς
2426 3258 2516 3313 τὸν
2557 3256 2853 3330 κηπουρὸν,
2900 3263 3010 3311 εἴτε
3040 3259 3178 3329 πρὸς
3226 3257 3319 3311 τὸν
3346 3258 3693 3330 κελλαρίτην,
3724 3260 3836 3327 εἴτε

2264 3352 2401 3423 πρὸς
2435 3352 2525 3405 τὸν
2555 3352 2836 3421 μάγειρον,
2864 3349 2974 3403 εἴτε
3001 3350 3189 3410 ἁπλῶς
3240 3352 3376 3422 πρὸς
3417 3351 3602 3405 ὅντινα
3630 3352 3836 3421 δήποτε

2263 3445 2371 3498 τῶν
2399 3440 2884 3496 συνδιακονούντων
2912 3442 3064 3511 ὑμῖν,
3107 3442 3198 3493 ἵνα
3242 3441 3520 3512 σπουδάζει
3548 3443 3644 3495 καὶ
3672 3444 3836 3505 αὐτὸς

2263 3538 2293 3589 δ
2334 3535 2433 3603 τήν
2483 3534 2775 3603 ἀπόκρισιν
2806 3532 3006 3601 ζητῶν,
3058 3532 3156 3584 καὶ
3201 3532 3364 3594 αὐτὸς
3393 3534 3421 3584 ὁ
3452 3533 3779 3603 διακονητὴς
3806 3536 3837 3586 ὁ

2266 3625 2543 3695 παρέχων,
2578 3622 2687 3693 πρὸ
2711 3621 2913 3684 παντὸς
2943 3621 3269 3693 πράγματος
3302 3620 3536 3689 φυλάξαι
3567 3623 3667 3691 τὴν
3697 3624 3837 3677 ἰδίαν

2265 3718 2615 3778 κατάστασιν,
2665 3716 2759 3769 καὶ
2792 3702 3060 3785 μηδέποτε
3098 3712 3305 3782 ἀφιέτω
3340 3713 3557 3773 ἑαυτὸν,
3608 3714 3720 3766 εἴτε
3752 3716 3835 3779 εξς

2265 3809 2527 3878 ταραχὴν,
2566 3807 2681 3861 εἴτε
2730 3808 2810 3868 είς
2852 3804 3227 3867 ἀντιπάθειαν,
3274 3803 3307 3875 ή
3356 3804 3751 3875 προσπάθειαν,
3798 3807 3833 3876 ἢ

2264 3899 2575 3970 οίονδήποτε
2620 3898 2747 3950 ἴδιον
2776 3894 3008 3966 θέλημα,
3053 3894 3297 3948 ἐκκλῖναι
3318 3890 3438 3948 ἀπὸ
3476 3893 3578 3956 τῆς
3614 3895 3835 3963 ἐντολῆς

2266 3990 2357 4045 τοῦ
2387 3991 2522 4044 Θεοῦ
2544 4006 2558 4021 ·
2605 3988 2740 4042 ἀλλά
2763 3982 2874 4042 οἷον
2902 3986 3098 4059 εὑρεθῇ
3122 3985 3186 4039 τὸ
3206 3987 3471 4055 πρᾶγμα,
3502 3986 3613 4038 εἴτε
3637 3986 3835 4057 μικρὸν

2265 4084 2375 4136 εἴτε
2408 4082 2575 4153 μέγα,
2604 4078 3005 4149 καταφρονήσει
3033 4077 3199 4131 αὑτοῦ
3229 4078 3325 4131 καὶ
3351 4077 3636 4147 ἀμελήσει.
3669 4076 3834 4148 Κακὴ

2264 4175 2372 4245 γάρ
2398 4174 2546 4226 ἐστιν
2566 4173 2598 4242 ή
2622 4171 2933 4241 ἀδιαφορία.
2960 4170 3114 4240 Μήτε
3141 4168 3305 4222 πάλιν
3327 4170 3659 4239 προτιμήσει
3683 4167 3834 4237 αὐτῷ

2261 4263 2362 4339 τῆς
2394 4259 2966 4325 ίδίαςκαταστάσεως,
2990 4259 3071 4321 είς
3094 4256 3158 4311 τὸ
3180 4258 3275 4310 καὶ
3295 4256 3580 4327 βλαϐῆναι,
3599 4258 3649 4310 εί
3670 4255 3833 4327 τύχῃ.

2262 4352 2363 4423 τήν
2390 4347 2782 4427 ψυχήνυαὺτοῦ,
2825 4349 2915 4401 διὰ
2940 4347 3004 4401 τὸ
3031 4346 3416 4419 περιγενέσθαι
3440 4344 3538 4398 τοῦ
3572 4346 3836 4416 πράγμα-

2266 4436 2390 4504 τος(
2423 4439 2522 4504 Είς
2552 4433 2664 4492 οἷον
2701 4437 2811 4509 γὰρ
2841 4439 3076 4509 πρᾶγμα
3100 4435 3196 4489 ιάν
3224 4434 3511 4503 εὑρεθῆτε,
3555 4433 3659 4485 κᾶν
3687 4433 3833 4488 πάνυ

593 4550 785 4591 mnum
810 4500 1111 4598 incumbat,
1131 4534 1258 4601 quia
1286 4500 1539 4589 videlicet
1566 4550 1596 4588 a
1628 4549 1687 4588 re
1715 4532 1830 4603 ipsa
1862 4542 2156 4602 superetur.

2270 4500 2594 4598 κατεπεῖχόν
2617 4500 3213 4590 ἔστιν-καίστιουδαῑον,
3241 4500 3307 4577 οὗ
3328 4500 3467 4575 Θέλω
3496 4522 3639 4592 ὑμᾶς
3656 4526 3834 4577 ποιεῖν

593 4636 930 4698 υιιοσιιιιιιιιε
947 4610 1090 4678 enim
1139 4622 1438 4695 invnegotio
1478 4624 1713 4691 fueritis,
1734 4625 1838 4679 etsi
1890 4623 2031 4678 illud
2061 4624 2167 4677 im-

595 4720 803 4793 pellens
853 4712 1145 4770 admodum
1202 4713 1295 4780 sit,
1322 4717 1673 4787 requiratquo
1723 4714 2061 4785 diligentiam
2114 4722 2167 4768 et

597 4812 857 4874 studium,
888 4805 1014 4862 nolo
1035 4799 1131 4888 vos
1175 4803 1463 4873 aliquando
1498 4808 1630 4863 illud
1665 4822 1790 4863 cum
1823 4806 2168 4862 contentione

598 4916 803 4973 gerere.
831 4899 937 4955 Sed
964 4896 1229 4953 certiores
1284 4903 1479 4962 estote,
1511 4914 1674 4955 omne
1712 4914 1851 4969 opus
1894 4898 2171 4969 quodcun-

599 5006 705 5061 que
732 4991 912 5061 agitis,
938 4990 1066 5069 licet
1086 5000 1339 5056 magnum
1360 4985 1526 5045 fuerit
1557 4991 1642 5045 vel
1664 5006 1911 5058 parvum,
1942 4999 2005 5044 ut
2031 4990 2168 5052 dixi,

597 5093 846 5139 octavam
879 5089 1085 5152 partem
1114 5090 1238 5133 esse
1278 5076 1397 5146 ejus
1424 5079 1502 5131 rei
1533 5096 1709 5149 quam
1752 5082 2011 5152 quaeritis.
2057 5080 2171 5135 Cu—

601 5168 809 5223 stodire
831 5179 1009 5223 autem
1058 5164 1339 5238 proprium
1405 5173 1625 5232 statum,
1660 5170 1875 5225 etiamsi
1946 5186 2013 5225 ex
2065 5168 2171 5225 hoc

601 5254 897 5323 contigerit
916 5257 1127 5325 privari
1146 5253 1641 5320 administratione,
1670 5269 1920 5328 quartum
1950 5268 2035 5315 est
2085 5258 2174 5313 di-

605 5344 831 5402 midium
850 5347 1044 5401 octavi.
1070 5345 1257 5401 Videte
1285 5343 1449 5415 igitur
1474 5350 1733 5413 quantum
1760 5350 1983 5405 distent.

676 5437 771 5511 XI.
800 5438 937 5493 Cum
973 5454 1103 5510 ergo
1138 5454 1253 5495 rem
1300 5437 1466 5491 ullam
1500 5437 1694 5508 agitis,
1733 5442 1776 5495 si
1807 5458 1930 5495 eam
1969 5452 2172 5511 captus

608 5532 875 5601 integram
904 5529 1382 5602 incorruptaqu
1410 5542 1647 5593 servare,
1675 5532 1885 5586 studete
1935 5548 2057 5589 eam
2090 5533 2167 5586 uti

598 5629 691 5693 est
710 5615 909 5683 facere,
933 5618 1080 5687 quod
1110 5618 1226 5674 dixi
1272 5621 1340 5677 de
1368 5629 1601 5675 octavo:
1632 5628 1687 5673 et
1735 5622 2015 5690 proprium
2052 5632 2168 5677 sta-

685 5801 709 5831 '
739 5792 916 5854 Galat.
944 5810 1018 5863 vr,
1041 5795 1100 5850 2.
1148 5815 1154 5821 ο

2272 4636 2403 4674 ποτε
2436 4618 2575 4690 μετά
2601 4616 2934 4687 φιλονεικίας
2954 4630 3010 4669 τι
3041 4613 3078 4684 ἢ
3108 4612 3252 4684 μετὰ
3276 4610 3522 4681 ταραχῆς
3543 4625 3559 4641 ⁸
3601 4610 3716 4665 ἀλλ’
3744 4613 3834 4666 ἵνα

2272 4713 2396 4767 ἐστὲ
2422 4709 2968 4784 πεπληροφορημένοι
2995 4706 3077 4760 δτι
3100 4705 3210 4757 πᾶν
3229 4702 3391 4773 ἔργον
3437 4702 3467 4755 δ
3488 4702 3583 4758 ἐὰν
3607 4707 3832 4770 ποιεῖτε,

2272 4806 2373 4859 κᾶν
2406 4804 2571 4876 μέγα,
2598 4803 2675 4866 ὡς
2700 4802 2949 4871 εἴπομεν,
2984 4795 3135 4859 ἐστὶ,
3164 4792 3266 4848 κᾶν
3301 4794 3513 4864 μικρὸν.
3556 4796 3618 4848 τὺ
3645 4794 3834 4863 ὄγδοόν

2275 4896 2391 4947 ἐστι
2417 4893 2513 4947 τοῦ
2537 4892 2863 4962 πράγματος
2892 4884 2988 4940 τοῦ
3018 4881 3366 4953 ζητουμένου.
3417 4882 3493 4941 Τὸ
3515 4882 3573 4938 δι
3600 4882 3833 4951 φυλάξαι

2274 4982 2373 5053 τὴν
2403 4983 2538 5037 ίδίαν
2566 4977 2922 5039 κατάστασιν,
2956 4971 3062 5028 κάν
3098 4970 3279 5042 συμϐῇ
3309 4971 3398 5025 διὰ
3422 4971 3599 5045 ,τοῦτο
3625 4974 3832 5027 em

2276 5073 2392 5143 χεϊν
2416 5070 2510 5126 τοῦ
2530 5064 2944 5135 διακονήματος,
2963 5061 3029 5114 τδ
3052 5060 3225 5131 ήμισυ
3246 5059 3502 5131 τέταρτον
3526 5059 3622 5113 τοῦ
3643 5060 3832 5129 ὸγδὸω

2276 5162 2414 5217 ὲστί.
2455 5161 2691 5215 Βλέπετε
2717 5154 2883 5207 πόσον
2909 5152 3028 5204 ἐστὶ
3054 5151 3118 5204 τὸ
3145 5150 3421 5220 διάφορον.
3590 5170 3597 5175 ·

2346 5427 2447 5482 ΙΔν.
2487 5424 2659 5476 Ὀταν
2683 5413 2775 5472 οὖν
2814 5376 3021 5471 multa.
3045 5416 3295 5487 πρᾶγμα,
3336 5413 3432 5468 ἐὰν
3474 5414 3655 5471 θέλετε
3699 5418 3835 5471 αὐτὸ
3876 5380 3883 5381 7

2275 5520 2479 5575 τέλειον
2519 5514 2615 5569 καὶ
2651 5491 2954 5582 4δλόιιληρον
3000 5507 3194 5573 ποιεῖν,
3240 5508 3327 5562 ἶνα
3366 5488 3699 5581 σπουδάζήτε
3742 5512 3835 5565 καὶ

2275 5610 2409 5666 αὐτὸ
2464 5605 2527 5660 τδ
2586 5604 2818 5674 πρᾶγμα
2873 5600 3097 5672 ποιῆσαι
3146 5599 3283 5672 ὅπερ
3331 5599 3477 5657 ἐστὶν
3537 5603 3727 5674 ὥσπερ
3776 5605 3841 5659 εδ
