4020 6340
631 418 768 490 1675

1856 419 1915 476 S.
1948 414 2333 476 DOROTHEI
2367 412 2695 472 ABBATIS'

3734 406 3869 475 1676

631 531 773 589 Deus
810 536 993 586 noster
1046 529 1386 600 gratiﬁcetur
1406 526 1564 582 nobis
1604 522 1855 580 timorem
1904 539 2085 579 suum.
2120 523 2206 577 Ait

2311 522 2472 592 φόϐον
2505 519 2695 574 αὐτοῦ.
2729 518 2889 586 Λέγει
2919 517 3049 589 γὰρ,
3097 518 3208 573 Τὸν
3236 519 3385 574 Θεὸν
3410 519 3601 589 φοϐοῦ
3640 520 3739 575 καί
3768 522 3871 585 τὰς

626 623 772 677 enim
804 640 817 675 :
845 620 1007 674 Deum
1037 620 1183 685 time,
1203 628 1254 673 et
1281 616 1535 671 mandata
1560 615 1675 684 ejus
1700 615 1927 678 custodi,
1950 615 2201 683 quoniam

629 711 727 766 hoc
758 711 1043 778 requiritur
1079 709 1135 764 in
1154 708 1299 763 omni
1327 708 1535 765 homine
1567 716 1614 758 ³.

1087 812 1254 883 393
1294 810 1645 867 DOCTRlNA
1680 808 1741 864 v.

638 925 757 985 Non
815 926 998 980 debere
1028 939 1365 1009 quamquam
1420 939 1531 978 sua:
1584 922 1878 990 prudentia:
1929 920 2205 991 conﬁdere.

706 1080 745 1132 Ι.
802 1068 946 1131 lnter
1007 1075 1300 1131 Proverbia
1334 1075 1576 1130 dicitur:
1619 1074 1825 1140 Quibus
1862 1089 1964 1126 non
1993 1084 2071 1125 est
2108 1089 2209 1143 gu-

638 1169 908 1233 bernatio,
969 1165 1211 1220 decidunt
1268 1176 1324 1219 ut
1375 1164 1740 1234 fotiaasalus
1795 1172 1970 1217 autem
2016 1173 2097 1216 est
2154 1164 2210 1216 in

640 1260 804 1311 multo
865 1256 1079 1311 comitio
1122 1260 1166 1309 ι.
1246 1252 1704 1323 Contemplamini
1756 1250 2034 1307 sententiae
2078 1250 2209 1317 vim,

642 1347 855 1403 fratres.
910 1343 1361 1414 Contemplamini
1392 1343 1520 1412 quid
1554 1342 1731 1397 divina
1758 1343 2034 1413 Scriptum
2082 1340 2213 1397 edo-

639 1449 777 1493 ceat.
820 1437 1024 1491 Cavere
1057 1449 1162 1511 nos
1210 1432 1466 1488 admonet
1512 1448 1579 1487 ne
1628 1432 1990 1500 nosmetipsos
2040 1429 2212 1485 infor-

534 1554 539 1559 -
646 1543 881 1593 memus,
913 1543 979 1581 ne
1009 1534 1109 1581 nos
1138 1524 1338 1579 sciolos
1363 1523 1677 1589 habeamus,
1698 1538 1768 1578 ne
1789 1522 2213 1593 persuadeamur

641 1630 761 1672 esse
786 1631 885 1670 nos
923 1613 1055 1669 satis
1104 1613 1260 1668 nobis
1320 1613 1387 1667 ad
1432 1614 1672 1683 regimen
1729 1621 2002 1667 nostrum.
2062 1610 2212 1681 Opus

647 1706 792 1761 enim
844 1704 1000 1758 nobis
1048 1713 1131 1758 est
1184 1703 1384 1758 auxilio
1431 1714 1624 1773 plveter
1658 1702 1848 1769 Deum,
1884 1717 2021 1772 Opus
2048 1702 2213 1757 eoad-

639 1794 932 1866 jntoribus.
964 1790 1108 1846 Nihil
1151 1800 1238 1846 est
1290 1791 1676 1855 miserabilius,
1732 1792 1808 1845 nil
1850 1791 1996 1861 quod
2049 1790 2212 1846 citius

642 1883 941 1954 expugnari
976 1891 1155 1950 queat
1178 1883 1260 1937 his
1282 1880 1374 1950 qui
1413 1881 1604 1935 'nullos
1637 1881 1825 1945 duces,
1876 1881 2056 1936 nullos
2109 1896 2211 1935 au-
2239 1866 2285 1921 Β

642 1982 817 2026 ctores
852 1970 1047 2025 habent
1082 1969 1149 2023 ad
1171 1968 1313 2023 viam
1345 1968 1459 2021 Dei.
1485 1967 1575 2021 Ait
1611 1967 1756 2022 enim
1789 1984 1804 2021 :
1850 1966 2051 2033 Quibus
2106 1982 2211 2021 non

645 2069 722 2112 est
744 2057 1070 2126 gubernatio,
1096 2057 1343 2111 decidunt
1377 2062 1433 2107 ut
1475 2053 1626 2122 folia.
1677 2052 1885 2108 Folium
1916 2069 1948 2108 a
2005 2055 2212 2124 princi-

647 2148 737 2215 pio
781 2159 993 2213 semper
1022 2144 1225 2205 virens,
1262 2157 1475 2212 semper
1495 2144 1824 2212 germinans,
1869 2158 2083 2214 semper
2113 2144 2210 2199 de-

650 2233 895 2289 lectabile
921 2241 1003 2288 est
1031 2249 1045 2299 ;
1084 2247 1193 2286 non
1226 2231 1398 2285 multo
1426 2240 1545 2300 post
1572 2234 1771 2287 arescit
1794 2242 1848 2287 et
1868 2233 2104 2300 languet,
2159 2243 2214 2289 et

650 2323 851 2378 cadens
871 2320 1236 2376 contemnitur
1264 2328 1314 2375 et
1345 2321 1717 2376 conculcatur.
1763 2320 1911 2376 Talis
1937 2323 2099 2377 homo
2124 2332 2210 2379 est

646 2415 741 2484 qui
767 2425 796 2467 a
818 2412 1031 2467 nemine
1058 2411 1280 2480 regitur.
1314 2413 1357 2463 A
1391 2412 1655 2481 principio
1683 2411 2114 2467 ferventissimus
2142 2414 2210 2468 ad

644 2503 871 2575 ieiunia,
902 2501 969 2556 ad
994 2501 1224 2570 vigilias,
1266 2502 1333 2555 ad
1401 2501 1660 2570 quietem,
1716 2500 1785 2555 ad
1830 2501 2210 2569 obedientiam,

648 2604 704 2649 et
739 2593 804 2646 ad
834 2605 1167 2661 quaecunque
1192 2599 1385 2646 caetera
1415 2592 1574 2646 bona.
1620 2590 1789 2647 Paulo
1841 2600 1965 2661 post
2016 2593 2219 2647 exetin-

652 2690 740 2735 cto
761 2695 827 2735 eo
856 2680 1086 2745 fervore,
1102 2680 1149 2734 si
1176 2680 1384 2735 nullum
1405 2680 1656 2737 habuerit
1686 2681 1773 2737 sui
1796 2682 2214 2748 gubernatorem

650 2775 745 2822 aut
790 2767 1013 2819 altorem
1059 2766 1156 2835 qui
1204 2766 1535 2821 exstinctum
1563 2768 1742 2836 ignem
1782 2769 2007 2823 suscitet
2042 2778 2096 2823 et
2120 2784 2216 2823 ac-

652 2853 868 2916 cendat,
923 2851 1232 2906 desiccatur
1287 2861 1342 2917 et
1400 2853 1565 2917 cadit,
1592 2867 1657 2907 ac
1682 2852 1901 2907 demum
1930 2854 2218 2911 destitutus

654 2944 722 2997 ah
763 2942 1009 2995 hostibus
1055 2940 1170 2996 suis
1201 2940 1446 3010 captivus
1483 2941 1731 3005 trahitur,
1782 2942 1898 3011 qui,
1931 2951 1991 2995 ut
2018 2943 2214 2996 volue-

656 3032 788 3097 rint,
818 3030 873 3084 in
900 3030 1074 3098 ipsum
1098 3038 1432 3099 grassantur.
1468 3028 1543 3084 De
1577 3030 1663 3085 his
1693 3039 1872 3085 autem
1936 3032 2029 3099 qui
2084 3031 2251 3085 nihil’

2246 3163 2290 3221 ε
2320 3161 2613 3230 γελλόντων
2643 3162 2709 3216 τὰ
2738 3162 2859 3216 καθ’
2892 3163 3139 3229 ἑαυτοὺς,
3167 3153 3261 3219 καὶ
3298 3167 3437 3234 μετά
3468 3165 3663 3236 βουλῆς
3704 3168 3879 3221 πάντα

655 3120 1009 3189 praecipitant,
1060 3117 1193 3172 nihil
1250 3127 1470 3182 temere,
1521 3118 1615 3174 sed
1651 3119 1833 3173 omnia
1862 3119 2112 3174 consulto
2138 3119 2217 3173 fa-

652 3204 824 3266 ciunt,
854 3203 927 3257 ait
961 3220 977 3257 :
1018 3199 1179 3256 Salus
1222 3211 1397 3257 autem
1433 3211 1511 3258 est
1540 3203 1602 3257 in
1631 3203 1795 3257 multo
1838 3204 2076 3257 comitio.
2106 3202 2216 3259 Nec

652 3306 783 3347 vero
829 3291 962 3346 dicit
1007 3292 1065 3344 in
1107 3292 1272 3343 multo
1316 3290 1561 3355 consilio,
1592 3300 1652 3345 ut
1681 3291 1803 3361 quis
1839 3306 2218 3363 quemcunque

656 3380 923 3447 consulat,
983 3377 1077 3434 sed
1136 3386 1198 3442 ut
1240 3394 1364 3434 eum
1394 3379 1552 3448 cujus
1578 3379 1701 3433 ﬁdei
1727 3393 1786 3448 se
1821 3388 1997 3434 totum
2038 3381 2217 3435 credi-

657 3468 815 3522 derit.
866 3467 1050 3539 Neque
1103 3466 1210 3520 hoc
1253 3474 1313 3520 nt
1339 3474 1535 3531 taceat,
1564 3465 1696 3519 illud
1724 3466 2001 3535 loquatur,
2036 3465 2133 3521 sed
2156 3476 2218 3521 ut

658 3555 839 3610 omnia
857 3559 1112 3622 exponat.
1138 3554 1205 3606 de
1231 3548 1487 3607 omnibus
1512 3551 1818 3605 consultet:
1840 3551 2216 3619 hujuscemodi

658 3642 804 3697 enim
854 3639 1008 3697 salus
1062 3638 1304 3710 profecto
1351 3649 1435 3695 est
1488 3640 1545 3693 in
1597 3639 1771 3694 multo
1813 3638 2064 3694 consilio.
2102 3637 2219 3694 Nisi

658 3729 800 3786 enim
853 3729 1017 3783 homo
1074 3736 1267 3782 cuncta
1316 3740 1418 3783 sua
1470 3727 1587 3781 viro
1606 3726 1777 3797 probo
1797 3735 2051 3796 exponat,
2085 3727 2219 3781 etin

659 3820 778 3889 ejus
803 3819 924 3873 sinu
953 3816 1207 3888 deponat,
1234 3824 1288 3872 et
1309 3817 1358 3871 is
1386 3817 1621 3871 maxime
1643 3813 1737 3885 qui
1765 3830 1936 3885 nuper
1961 3831 1993 3872 a
2037 3817 2219 3887 pravis

656 3908 902 3964 moribus
952 3906 1020 3962 ad
1059 3906 1464 3979 conversionem
1522 3904 1787 3960 bonorum
1834 3905 2001 3970 venit,
2028 3906 2083 3958 in
2114 3904 2219 3959 hoc

654 3997 904 4067 protinus
951 3994 1199 4052 diabolus
1233 3994 1448 4057 unicam
1482 3992 1687 4048 invenit
1713 3991 2065 4059 voluntatem,
2094 3992 2219 4045 uni-

658 4100 778 4142 cam
826 4085 1118 4156 justitiam,
1163 4099 1260 4156 per
1312 4094 1475 4154 quam
1535 4083 1713 4152 ipsum
1744 4082 2032 4138 demolitur
2050 4091 2104 4136 et
2123 4081 2219 4136 de-

661 4174 843 4230 struit.
893 4172 1027 4228 Cum
1057 4174 1201 4228 enim
1252 4170 1560 4241 quempiam
1610 4169 1923 4234 cognoverit
1946 4167 2214 4234 diabolus,

660 4263 887 4332 elegisse
924 4262 1069 4316 nullo
1098 4259 1260 4317 modo
1280 4273 1528 4332 peccare,
1552 4270 1729 4327 neque
1755 4265 1840 4312 est
1870 4258 2003 4312 adeo
2028 4272 2218 4314 amens

658 4365 715 4411 et
772 4355 987 4423 ineptus
1046 4354 1112 4406 ad
1170 4355 1313 4409 male
1359 4350 1647 4422 agendum,
1671 4356 1732 4413 ut
1767 4348 1949 4406 statim
1986 4348 2062 4401 illi
2094 4364 2220 4418 sug-

659 4450 810 4516 gerl.
857 4448 953 4496 aut
981 4441 1297 4511 persuadeat
1324 4441 1599 4512 quidpiam
1654 4437 1921 4526 malorum
1950 4434 2219 4526 profanis.
2245 4472 2292 4526 Β

659 4532 946 4590 simorum,
1007 4526 1187 4595 qualia
1238 4537 1364 4583 sunt
1419 4526 1684 4583 adulteria
1732 4534 1788 4581 et
1821 4524 1966 4579 furta
2022 4524 2217 4592 (novit

657 4616 802 4670 enim
846 4611 972 4683 quia
1022 4609 1150 4664 talia
1190 4612 1519 4667 declinamus
1537 4623 1592 4668 et
1613 4609 2039 4682 fugimus):sed
2064 4612 2213 4666 inve-

659 4705 834 4767 niens,
860 4716 963 4756 nos
989 4698 1186 4754 habere
1208 4701 1475 4767 pr0priam
1526 4700 1854 4754 voluntatem
1908 4696 2212 4767 prepriam-

657 4804 765 4860 que
786 4786 1073 4859 justitiam,
1110 4784 1304 4853 quaerit
1328 4798 1429 4839 nos
1455 4787 1677 4842 callidus
1701 4801 1825 4841 cum
1868 4800 1930 4839 ea
1957 4786 2059 4840 sub
2110 4785 2213 4838 ali-

658 4896 766 4951 quo
798 4880 1024 4935 rationis
1061 4883 1318 4947 praetextu
1349 4875 1607 4944 decipere.
1632 4875 1791 4931 Unde
1814 4890 2028 4931 rursum
2079 4874 2215 4929 dici-

659 4979 784 5022 tur:
840 4966 1047 5022 Pravus
1093 4974 1215 5018 tunc
1269 4961 1406 5017 male
1454 4966 1584 5032 agit,
1614 4981 1730 5017 cum
1748 4964 2024 5036 justitiam
2054 4962 2215 5016 eoad-

659 5055 838 5107 miscet
869 5064 918 5108 τι.
956 5054 1162 5107 Pravus
1191 5049 1439 5105 diabolus
1468 5056 1571 5113 est,
1625 5060 1752 5105 tunc
1804 5060 1979 5106 autem
2026 5062 2217 5120 perpe-

658 5155 775 5196 ram
805 5140 1346 5213 agitcumjustitiam
1380 5137 1641 5192 admiscet
1693 5138 1912 5207 iustitia:
1971 5147 2212 5193 nostrae:

661 5240 791 5285 tunc
829 5231 970 5285 enim
1022 5232 1213 5287 fortior
1239 5240 1344 5296 est,
1379 5237 1507 5282 tunc
1535 5228 1703 5297 magis
1732 5240 1903 5296 nocet,
1941 5239 2069 5283 tunc
2091 5243 2214 5282 am-

658 5322 799 5392 plius
824 5332 1092 5391 operatur.
1130 5323 1266 5376 Cum
1315 5317 1458 5374 enim
1500 5328 1801 5385 perstamus
1836 5319 1890 5373 in
1937 5319 2210 5374 voluntate

657 5428 866 5482 nostra,
896 5425 950 5472 et
978 5418 1338 5486 nosmetipsos
1383 5412 1606 5483 justitiis
1651 5413 1848 5467 nostris
1876 5412 2209 5468 instituimus

657 5515 712 5561 et
734 5505 1108 5567 informamus,
1162 5517 1288 5559 tunc
1329 5503 1430 5559 sub
1452 5508 1708 5570 praetextu
1739 5500 1841 5555 hoc
1870 5501 1995 5555 hom
2052 5501 2210 5555 nobis

657 5596 889 5651 maxime
938 5596 1273 5650 insidiamur.
1338 5606 1440 5648 nec
1469 5589 1717 5644 novimus
1766 5604 1872 5657 quo
1919 5602 2073 5660 pacto
2107 5590 2208 5660 ipsi

729 5730 948 5787 "Eccle.
984 5748 1080 5795 xu,
1106 5732 1185 5786 l3.
1267 5734 1281 5766 ε
1313 5728 1469 5783 Prov.
1505 5743 1577 5790 .\'t,
1618 5727 1697 5779 ιι.

2307 610 2558 675 ἐντολὰς
2577 607 2762 662 αὐτοῦ
2785 607 3079 677 φύλαξον,
3098 607 3192 695 ὅτι
3207 609 3382 664 τοῦτο
3402 608 3730 664 (ἐπαιτεῖται
3754 608 3871 675 πᾶς

2308 702 2636 769 ἅνθρωπος.

2830 809 3238 865 ΔῘΔΔΣΚΔΔΙΔ
3276 813 3349 865 E’.

2308 926 2450 998 Περὶ
2500 925 2609 981 τοῦ
2654 924 2742 996 μὴ
2787 926 3053 1049 «ignauam
3075 929 3241 1051 ἐτινὰ
3293 928 3562 998 στοιχεῖν
3617 926 3697 998 τῇ
3750 927 3869 994 ὶδιᾳ

2997 1013 3077 1051 vr
3107 1012 3223 1051 σει.

2997 1012 3150 1052 υνεσ
3151 1012 3202 1051 ει
3208 1036 3223 1050 .

2378 1093 2459 1147 A'.
2512 1092 2603 1165 Ἐν
2628 1091 2752 1155 ταῖς
2774 1090 3102 1161 Παροιμίαις
3128 1091 3312 1158 λέγει’
3357 1084 3460 1156 Οἷς
3492 1090 3581 1161 μὴ
3619 1088 3869 1158 ὑπάρχει

2310 1183 2692 1252 κυϐέρνησις,
2742 1182 3033 1235 πίπτουσιν
3060 1181 3249 1252 ὥσπερ
3279 1181 3458 1250 φύλλα
3480 1197 3492 1211 ·
3540 1181 3785 1252 σωτηρία
3817 1178 3871 1234 δὲ

2311 1275 2549 1345 ὑπάρχει
2580 1275 2641 1349 ὲν
2667 1272 2836 1345 πολλῇ
2883 1272 3069 1344 βουλῇ.
3111 1273 3348 1326 Βλέπετε
3380 1274 3479 1342 τὴν
3522 1271 3752 1341 δύναμιν
3776 1272 3872 1325 τοῦ

2309 1363 2499 1433 λόγου,
2547 1363 2790 1434 ἀδελφοί.
2837 1363 3075 1416 Βλέπετε
3113 1364 3167 1415 τί
3206 1363 3447 1417 διδάσκει
3487 1364 3634 1433 ἡμᾶς
3669 1364 3706 1432 ὴ
3742 1361 3873 1429 ἁγία

2309 1455 2528 1526 Γραφή·
2558 1453 3096 1523 ἀσφαλίζεταιήμᾶς,
3119 1452 3205 1504 ῐνα
3224 1452 3297 1523 μὴ
3323 1451 3620 1521 στοιχῶμεν
3643 1449 3872 1513 inurat,

2311 1544 2400 1597 ῐνα
2425 1544 2501 1615 μὴ
2521 1542 2733 1612 ἔχωμεν
2769 1542 2995 1604 ἑαυτοὺς
3022 1541 3297 1604 συνετοὺς,
3320 1541 3411 1594 ῐνα
3438 1541 3513 1610 μὴ
3534 1538 3876 1608 πιστεύωμεν

2308 1634 2391 1687 ὅτι
2415 1632 2689 1702 δυνάμεθα
2709 1633 2935 1695 ἑαυτοὺς
2971 1626 3258 1702 διοικῆσαι.
3284 1631 3571 1701 Χρῄζομεν
3604 1629 3874 1699 βοηθείας,

2261 1780 2271 1791 ,
2309 1725 2584 1797 χρῄζομεν
2607 1723 2718 1777 τῶν
2750 1725 2891 1794 μετά
2928 1723 3063 1777 Θεὸν
3094 1722 3485 1793 κυϐερνῶντων
3516 1725 3685 1793 ἡμᾶς.
3715 1721 3879 1776 Οὐδέν

2311 1816 2458 1869 ἔστιν
2476 1810 2819 1885 ἀθλιώτερον,
2844 1812 2995 1866 οὐδὲν
3017 1811 3313 1865 εὐαλωτότε
3319 1827 3412 1883 ρον
3430 1811 3541 1863 τῶν
3556 1811 3631 1881 μὴ
3648 1810 3879 1880 ἑχόντων

2308 1906 2430 1960 τινὰ
2464 1904 2758 1975 ὁδηγοῦντα
2778 1906 2973 1968 αὐτοὺς
3012 1906 3093 1967 είς
3123 1904 3221 1974 τὴν
3239 1903 3357 1957 ὁδὸν
3380 1903 3477 1957 τοῦ
3500 1901 3658 1955 Θεοῦ.
3681 1901 3747 1955 Τί
3770 1902 3878 1970 γὰρ

2308 1997 2487 2065 λέγεις
2549 1993 2651 2061 οἷς
2684 1996 2771 2067 μὴ
2816 1996 3074 2065 ὑπάρχει
3116 1994 3474 2063 κυϐέρνησις
3491 2034 3507 2061 ,
3552 1995 3881 2047 πίπτουσιν

2308 2086 2511 2155 ὥσπερ
2542 2088 2766 2156 φύλλα.
2790 2087 2866 2140 το
2886 2086 3083 2155 φύλλον
3109 2085 3167 2152 ιε
3196 2085 3372 2157 ἀρχῆς
3393 2087 3482 2139 ἀεί
3507 2088 3623 2138 ἐστι
3648 2084 3878 2155 χλωρὸν,

2312 2176 2555 2238 εὐθαλὲς,
2586 2176 2842 2246 τερπνὸν,
2877 2170 3001 2228 εἶτα
3027 2174 3169 2227 κατὰ
3203 2175 3399 2245 μικρὸν
3430 2175 3747 2245 ξηραίνεται
3786 2174 3880 2228 καὶ

2312 2267 2531 2320 πίπτει’
2561 2266 2657 2319 καί⁸
2681 2264 2867 2317 λοιπὸν
2893 2267 3318 2335 περιφρονείτω,
3340 2265 3435 2317 καὶ
3461 2267 3877 2319 καταπατεῖται.

2313 2355 2498 2419 Οὕτως
2531 2354 2651 2406 ἐστὶ
2683 2354 2778 2407 καὶ
2802 2356 2832 2406 ὀ
2859 2352 3147 2424 ἄνθρωπος
3172 2354 3202 2405 δ
3231 2353 3309 2423 μὴ
3336 2353 3751 2425 κυϐερνώμενος
3779 2353 3881 2406 ὑπό

2312 2462 2473 2509 τινος.
2515 2444 2606 2509 Ἐξ
2634 2445 2809 2515 ἀρχῆς
2841 2443 2942 2515 μὲν
2972 2444 3063 2497 ἀεὶ
3102 2442 3215 2513 ἔχει
3243 2443 3457 2515 θέρμην
3486 2445 3567 2508 είς
3606 2444 3880 2513 νηστείαν,

2314 2539 2393 2599 είς
2423 2536 2749 2605 ἀγρυπνίαν,
2782 2537 2865 2598 είς
2893 2535 3144 2606 ἡσυχίαν,
3192 2535 3275 2598 είς
3320 2534 3590 2605 ὑπακοὴν,
3621 2536 3705 2598 είς
3745 2535 3879 2588 ἀλλα

2313 2626 2437 2679 τινὰ
2464 2625 2679 2693 ἀγαθά⁸
2731 2620 2853 2677 εἶτα
2884 2624 3023 2694 μετά
3054 2624 3247 2695 μικρὸν
3272 2625 3373 2694 τῆς
3410 2624 3621 2696 θέρμης
3664 2625 3878 2695 ἐκείνης

2316 2715 2681 2785 σϐεννυμένης
2707 2717 2802 2768 καὶ
2835 2717 2911 2786 μὴ
2955 2715 3170 2784 ἔχοντος
3208 2714 3373 2769 αὐτοῦ
3400 2716 3493 2768 τὸν
3532 2714 3879 2787 κυϐερνῶντα

2314 2806 2499 2869 αὑτὸν,
2528 2805 2619 2858 τὸν
2644 2804 2925 2858 πιαίνοντα
2953 2805 3048 2858 καὶ
3077 2802 3381 2869 ἑξάπτοντα
3408 2805 3510 2877 τὴν
3544 2805 3759 2877 θέρμην
3784 2807 3877 2858 αὐ-

2318 2893 2432 2957 τοῦ,
2467 2891 2774 2962 ξηραίνεται
2805 2891 2977 2955 οὕτως
3023 2893 3473 2965 ἀνεπαισθήτως,
3527 2898 3623 2949 καὶ
3665 2893 3875 2957 πίπτει,

2319 2984 2415 3035 καὶ
2456 2982 2667 3050 γίνεται
2711 2982 2899 3035 λοιπὸν
2943 2982 3254 3053 ὑποχείριος
3300 2987 3414 3048 τοῖς
3472 2982 3691 3056 ἐχθροῖς
3712 3026 3732 3051 ,
3788 2985 3876 3038 Ita)

2320 3071 2563 3125 ποιοῦσιν
2592 3073 2671 3133 είς
2699 3071 2864 3125 αὐτὸν
2888 3073 2942 3125 εί
2959 3088 3015 3124 τι
3043 3071 3278 3133 θέλουσι.
3313 3074 3452 3144 Περὶ
3469 3074 3529 3128 δὲ
3567 3075 3678 3128 τῶν
3717 3075 3878 3141 ἑξαγ-

2314 3249 2644 3315 ποιούντων,
2689 3247 2874 3316 λέγει,
2924 3251 3189 3318 Σωτηρία
3240 3251 3497 3321 ὑπάρχει
3550 3252 3620 3306 ἐν
3677 3251 3880 3319 πολλῇ

2306 3339 2533 3407 βουλῇ.
2560 3340 2635 3394 Οὐ
2664 3338 2814 3408 λέγει
2840 3338 3008 3409 πολλῇ
3038 3340 3223 3411 βουλῇ,
3252 3340 3328 3406 ὡς
3360 3343 3449 3396 ἵνα
3479 3343 3618 3412 μετά
3645 3343 3879 3396 ἑκάστου

2315 3428 2625 3498 βουλεύεται
2643 3445 2660 3461 ·
2701 3428 2859 3498 δῆλον
2889 3430 3124 3498 ὃτιμεθ⁹
3154 3424 3218 3483 οὗ
3243 3431 3451 3499 ὀφείλει
3476 3431 3623 3501 ἔχειν
3669 3433 3879 3503 πληροο

2314 3520 2528 3588 φορίαν,
2552 3520 2650 3571 καὶ
2672 3517 2743 3571 τὰ
2768 3518 2866 3586 μιν
2884 3521 3116 3588 σιοητᾷν,
3137 3520 3207 3572 τά
3229 3519 3288 3573 δὲ
3315 3520 3517 3589 λέγειν,
3543 3520 3684 3576 ἀλλά
3703 3522 3877 3576 πάντα

2315 3604 2661 3673 ἐξαγγέλλει,
2710 3604 2806 3658 καὶ
2858 3605 2939 3667 είς
2990 3605 3171 3679 πάντα
3224 3604 3561 3675 βουλεύεται.
3625 3604 3721 3678 Τῷ
3769 3609 3877 3676 γὰρ

2315 3695 2539 3765 τοιούτῳ
2578 3694 2819 3764 ἀκριϐῶς
2859 3694 3103 3765 σωτηρία
3133 3695 3366 3767 ὑπάρχει
3401 3697 3460 3749 ἐν
3488 3695 3657 3768 πολλῇ
3691 3697 3874 3767 βουλῇ.

2329 3781 2456 3834 Ἐὰν
2480 3781 2589 3850 γὰρ
2634 3780 2711 3851 μὴ
2753 3780 2931 3835 πάντα
2977 3782 3287 3835 ἀνατίθεται
3328 3782 3617 3854 ἄνθρωπος
3654 3785 3729 3838 τά
3753 3786 3877 3838 καθ’

2317 3868 2526 3933 ἑαυτὸν,
2566 3868 2662 3921 καὶ
2689 3868 2921 3938 μάλιστα
2949 3869 3044 3922 ἐὰν
3069 3869 3267 3942 εὑρεθῇ
3295 3887 3379 3934 τις
3402 3871 3516 3929 ἀπὸ
3541 3872 3725 3941 κακῆς
3756 3889 3872 3925 συν-

2315 3958 2575 4029 ηθείας,ῆ
2598 3959 2691 4013 καὶ
2717 3958 3045 4030 ἀνατροφῆς,
3069 3960 3310 4030 εὑρίσκει
3335 3960 3367 4014 δ
3384 3960 3625 4026 διάϐολος
3651 3964 3711 4016 ἐν
3730 3961 3874 4033 αὐτῷ

2313 4048 2372 4101 ἓν
2406 4049 2636 4121 θέλημα,
2667 4050 2702 4120 ἢ
2729 4049 2788 4103 ἓν
2811 4048 3105 4121 δικαίωμα,
3133 4052 3230 4104 καὶ
3257 4051 3324 4105 δι’
3353 4051 3521 4105 αὑτοῦ
3544 4051 3873 4109 καταϐάλλει

2313 4142 2499 4198 αὐτόν.
2527 4142 2695 4197 Ὅταν
2718 4140 2829 4213 γὰρ
2855 4140 3041 4210 βλέπει
3071 4141 3101 4194 δ
3122 4140 3363 4206 διάϐολός
3387 4160 3511 4214 τινα
3548 4143 3624 4214 μὴ
3652 4141 3870 4197 θέλοντα

2314 4233 2651 4301 ἁμαρτῆσαι,
2697 4231 2797 4301 οὐχ
2839 4230 3012 4295 οὕτως
3059 4232 3206 4286 ἔστιν
3241 4213 3420 4302 ἀφυὴς
3459 4213 3591 4304 περὶ
3613 4213 3680 4287 τὸ
3710 4222 3871 4287 κακο-

2314 4320 2559 4390 ποιῆσαι,
2601 4318 2743 4373 ὥστε
2772 4319 3091 4387 ὑποϐάλλειν
3122 4319 3291 4390 αὐτῷ,
3333 4319 3506 4383 οὕτως
3554 4319 3763 4392 ἀφαιρῇ
3787 4336 3869 4383 τις

2314 4409 2424 4461 τῶν
2449 4394 2736 4479 προφανίῦν
2763 4409 3191 4480 ἁμαρτημάτων,
3211 4409 3273 4479 οὐ
3293 4408 3440 4478 λέγει
3468 4408 3863 4479 αὐτῷ’Υπαγε,

2319 4497 2612 4568 πόρνευσον
2636 4514 2650 4527 ·
2686 4497 2826 4563 οὐδὲ,
2857 4498 3096 4566 Ὕπαγε,
3128 4496 3349 4566 κλέψεν.
3391 4491 3513 4550 Οἵδε
3557 4496 3666 4568 γὰρ
3695 4498 3779 4551 δτι
3806 4500 3864 4551 οὐ

2318 4588 2541 4658 θέλομεν
2568 4587 2738 4642 ταῦτα
2762 4607 2779 4622 ο
2827 4588 2924 4642 καὶ
2963 4590 3062 4642 οὐκ
3091 4589 3340 4659 ἀνέχεται
3366 4589 3498 4659 ἡμῖν
3522 4589 3696 4642 είπεῖν
3727 4589 3769 4644 ἃ.
3803 4590 3864 4643 οὐ

2318 4674 2542 4743 θέλομεν
2565 4689 2581 4705 ·
2624 4675 2759 4729 ἀλλὰ
2790 4677 3031 4745 εὑρίσκει
3056 4678 3199 4747 ἡμᾶς
3228 4677 3468 4748 ἔχοντας,
3506 4679 3583 4741 ὡς
3610 4674 3783 4745 εἷπον,
3808 4677 3868 4730 ιν

2317 4762 2548 4831 θέλημα,
2592 4761 2627 4832 ἢ
2670 4761 2730 4814 tv
2770 4762 3061 4833 δικαίωμα,
3115 4765 3209 4817 καὶ
3249 4766 3316 4817 δι’
3344 4766 3555 4820 ἐκείνου
3595 4766 3735 4837 μετὰ
3771 4765 3863 4821 καὶ

2317 4849 2730 4923 εὐλογοφανείας
2777 4848 3001 4918 βλάπτει
3048 4854 3193 4922 ἡμᾶς
3223 4871 3238 4884 ο
3308 4854 3431 4908 ὅθεν
3475 4856 3637 4910 πάλιν
3682 4856 3859 4925 λέγει,

2316 4941 2586 5010 Πονηρὸς
2617 4939 2938 5003 mercatui,
2969 4940 3115 4993 ὅταν
3144 4944 3411 5011 συμμίξῃ
3447 4944 3753 5013 δικαίωμα.
3803 4946 3859 4999 '0

2316 5031 2547 5101 πονηρός
2571 5032 2721 5083 ἐστιν
2745 5030 2773 5081 ὁ
2801 5028 3067 5093 διάϐολος,
3091 5030 3211 5082 τότε
3238 5030 3295 5082 δὲ
3320 5034 3700 5102 κακοποιῆσαι,
3735 5036 3859 5089 ὅταν

2317 5122 2564 5191 συμμίξῃ
2596 5118 2887 5189 δικαίωμα,
2916 5118 3058 5172 τοῦτ’
3087 5120 3202 5171 ἔστι
3227 5118 3307 5189 τῷ
3334 5114 3657 5191 δικαιώματι
3682 5124 3853 5194 ἡμῶν.

2314 5212 2446 5263 Τότε
2497 5210 2606 5279 γὰρ
2648 5208 2808 5261 πλέον
2864 5207 3056 5277 ιοχύει,
3106 5208 3229 5261 τότε
3263 5206 3425 5261 πλέον
3456 5200 3703 5279 βλάπτει,
3742 5212 3856 5265 τότε

2312 5300 2471 5355 πλέον
2521 5282 2750 5371 ἐνεργεῖ.
2790 5298 2960 5352 Ὅταν
2997 5298 3107 5367 γὰρ
3144 5297 3435 5369 κρατῶμεν
3466 5299 3525 5352 τδ
3562 5300 3723 5368 ἴδιον,
3769 5301 3856 5355 καὶ

2313 5390 2613 5461 στοιχῶμεν
2646 5391 2757 5452 τοῖς
2788 5386 3147 5458 δικαιώμασιν
3184 5386 3362 5457 ἡμῶν,
3396 5387 3513 5441 τότε
3550 5388 3755 5454 λοιπὸν,
3785 5390 3854 5452 ὥς

2310 5488 2474 5541 καλὸν
2518 5489 2751 5558 πρᾶγμα
2802 5485 3112 5552 ποιοῦντες,
3157 5485 3382 5549 cautela;
3423 5486 3851 5561 δπιϐουλεύομεν,

2311 5586 2405 5640 καὶ
2442 5586 2562 5640 οὔτε
2583 5582 2819 5656 -οἷδαμεν
2850 5586 2965 5650 πῶς
3001 5584 3366 5654 ἀπολλύμεθα.
3402 5583 3526 5651 Πῶς
3555 5587 3658 5659 γὰρ
3696 5589 3843 5643 δυνά·

1774 5738 1801 5765 ιι
1828 5728 1952 5782 ibid.
1984 5730 2049 5783 l5
2074 5743 2181 5784 sec.
2212 5724 2372 5781 LXX.
