4020 6340
133 482 277 548 1677

1510 483 1887 544 DOCTRINA
1908 486 1969 545 V.

3224 492 3362 559 1678

134 599 285 668 μεθα
310 596 519 668 γνῶναι
556 596 618 649 ab
652 595 860 667 θέλημα
905 595 1001 650 τοῦ
1047 594 1203 660 Θεοῦ,
1233 597 1268 668 ἢ
1301 594 1436 660 ὅλως
1468 597 1696 668 ζητῆσαι

1798 612 2100 667 pereamus.
2121 596 2402 663 Quomodo
2422 600 2565 655 enim
2590 597 2680 653 Dei
2702 600 3025 655 voluntatem
3049 604 3128 657 vel
3162 618 3360 674 cogno-

130 684 290 757 αὐτῷ
320 684 662 748 πιστεύοντες
700 685 913 747 ἑαυτοῖς
934 724 951 750 ,
990 684 1085 739 καὶ
1118 683 1450 754 κρατοῦντες
1484 687 1542 739 τὺ
1572 686 1701 738 ἴδιον

132 775 390 846 θέλημα;
1372 842 1375 846 .

201 865 283 921 B’.
327 865 427 920 Διά
453 865 614 920 τοῦτο
645 868 675 922 6
712 865 886 931 άϐϐἆς
917 867 1122 940 ποιμὴν
1166 868 1369 939 ἔλεγεν,
1402 869 1484 922 ὅτι
1514 869 1576 921 τὸ
1609 868 1701 921 θέ-

130 959 288 1028 λημα
332 957 513 1028 τεῖχός
545 958 662 1012 εστι
706 956 936 1028 χαλκοῦν
982 959 1251 1030 άναμέσον
1295 959 1578 1029 ἀνθρώπου
1610 960 1702 1011 καὶ

130 1046 227 1102 τοῦ
253 1047 415 1102 Θεοῦ.
460 1048 695 1102 Βλέπετε
731 1048 959 1127 δύναμιν
987 1048 1165 1119 λόγου.
1210 1051 1318 1104 Καὶ
1344 1048 1504 1104 πάλιν
1534 1066 1701 1120 προσ-

132 1138 327 1208 έθηκε,
372 1137 548 1208 λέγων
578 1155 592 1171 ⁸
650 1158 670 1193 ι
704 1139 886 1211 Πέτρα
926 1142 1075 1197 ἐστὶν
1114 1140 1483 1213 ἁντιδέρουσα.
1527 1140 1704 1194 υἱονεὶ

131 1229 531 1300 ἐναντιουμένη
583 1229 681 1285 καὶ
726 1231 1121 1303 άντικρούουσα
1167 1232 1247 1303 τῷ
1294 1231 1557 1302 θελήματι
1605 1232 1701 1285 τοῦ

129 1319 295 1376 Θεοῦ.
337 1320 464 1374 Ἐάν
490 1316 586 1375 οὖν
608 1321 909 1393 καταλείπῃ
941 1322 1071 1396 αζιτὸ
1098 1323 1402 1395 ἅνθρωπος,
1431 1322 1577 1390 λέγει
1607 1323 1702 1375 καὶ

129 1410 324 1474 αὐτὸς,
373 1410 471 1463 Ἐν
497 1408 579 1474 τῷ
619 1407 740 1473 Θεῷ
772 1426 896 1478 μου
931 1410 1341 1481 ὑπερϐήσομαι
1382 1409 1596 1479 τεῖχος.
1638 1411 1701 1464 '0

132 1499 283 1565 Θεός
298 1516 441 1569 μου,
470 1498 706 1568 ἄμωμος
731 1498 771 1566 ἠ
804 1498 945 1566 ὁδὸς
967 1500 1172 1555 αὐτοῦ.
1198 1501 1347 1556 Πάνυ
1372 1500 1701 1571 θαυμαστῶς

130 1585 279 1642 εἷπε.
342 1588 478 1641 Τότε
505 1588 615 1659 γὰρ
662 1588 849 1659 βλέπει
880 1605 981 1659 ,τις
1018 1576 1119 1661 τὴν
1153 1589 1271 1645 όδδν
1309 1590 1401 1643 τοῦ
1448 1589 1585 1644 Θεοῦ
1623 1590 1699 1661 μὴ

128 1680 369 1751 ἔχουσαν
408 1678 618 1751 μῶμον,
663 1680 792 1733 ὅταν
823 1664 1123 1753 καταλείψῃ
1168 1681 1229 1735 τὸ
1269 1681 1399 1736 [διον
1444 1681 1658 1752 θέλημα
1681 1700 1693 1711 -

98 1826 101 1829 .
128 1776 262 1828 ὃταν
292 1773 353 1827 δὲ
380 1773 757 1846 συμπαθῆ,τῷ
784 1775 897 1846 ίδίῳ
924 1774 1211 1845 θελήματι,
1239 1777 1299 1829 οὐ
1330 1775 1515 1847 βλέπει
1544 1774 1693 1846 ἄμω-

135 1879 236 1931 μον
264 1862 368 1933 τὴν
392 1861 513 1917 δδδν
535 1862 631 1916 τοῦ
671 1862 827 1917 Θεοῦ.
870 1862 1009 1918 Ἀλλ’
1034 1864 1139 1918 εῐτι
1168 1865 1215 1919 δ’
1243 1864 1311 1919 ἂν
1335 1863 1543 1936 ἀκούσῃ
1572 1866 1698 1936 περὶ

130 1922 458 2019 imum,
493 1948 692 2013 εὐθέως
736 1951 1031 2020 μέμφεται,
1075 1952 1397 2016 καταπτύει,
1436 1922 1699 2023 (11:60:92!-
1731 1922 1771 1977 Β

130 2055 319 2109 φεται,
344 2038 674 2110 άντικροὺει.
722 2039 847 2103 Πῶς
879 2040 989 2110 γάρ
1022 2040 1133 2110 εχει
1162 2041 1447 2112 ἀνέχεσθαί
1472 2050 1633 2108 τινος,
1665 2042 1698 2113 ἢ

130 2130 427 2202 πεισθῆναι
466 2130 754 2202 οἱᾳδήποτε
802 2126 1135 2203 συμϐουλίᾳ,
1164 2135 1192 2186 6
1221 2134 1439 2202 κρατῶν
1478 2134 1537 2187 τὺ
1573 2134 1700 2187 ίδιον

130 2218 384 2290 θέλημα;
430 2218 562 2275 Εἶτα
611 2220 763 2291 λέγει
800 2222 830 2276 6
865 2221 1046 2293 γέρων
1084 2224 1179 2278 καὶ
1208 2222 1335 2296 περὶ
1363 2224 1456 2277 τοῦ
1482 2222 1698 2278 δικαιώο

131 2326 345 2380 ματοςο
408 2329 430 2363 ι
475 2310 600 2364 Ἐὰν
626 2311 685 2365 δὲ
714 2310 809 2365 καὶ
849 2310 911 2365 τὸ
944 2311 1219 2382 δικαίωμα
1264 2312 1575 2383 συνεργήσῃ
1622 2312 1699 2381 τῷ

128 2400 421 2474 θελήματι,
445 2401 545 2456 οὐκ
566 2402 907 2474 εὐσυστροφῇ
934 2402 1236 2475 ἄνθρωπος.
1270 2422 1288 2455 ι
1315 2401 1515 2456 Βαϐαίί
1541 2402 1698 2455 ποίαν

127 2490 452 2547 ἀκολουθίαν
484 2491 697 2562 ἔχουσιν
723 2492 774 2546 οί
809 2490 955 2561 λόγοι
984 2494 1093 2544 τῶν
1136 2491 1425 2561 Πατέρωνί
1463 2492 1699 2553 Θάνατος

130 2584 323 2649 ίδικῶς
353 2584 470 2638 ἐστι
500 2584 563 2637 τὸ
594 2581 879 2654 εὑρεθῆναι
906 2580 1178 2650 δικαίωμα
1220 2580 1363 2651 μετὰ
1400 2579 1496 2634 τοῦ
1538 2578 1697 2651 θελή-

131 2692 325 2745 ματος,
378 2674 553 2745 μέγας
582 2672 844 2737 κίνδυνος,
892 2671 1065 2743 μέγας
1089 2671 1274 2741 φόϐος.
1328 2672 1460 2724 Τότε
1508 2672 1697 2724 πίπτει

125 2765 350 2828 τελείως
371 2767 401 2819 6
420 2763 619 2826 ἄθλιος.
648 2762 745 2825 Τίς
764 2760 873 2833 γάρ
900 2762 1077 2816 πείθει
1100 2761 1191 2815 τὸν
1214 2762 1452 2817 τοιοῦτον
1477 2760 1699 2816 πιστεῦ-

129 2873 243 2920 σαι,
284 2857 366 2910 ὅτι
396 2851 535 2909 εἶδεν
577 2853 862 2924 ἄνθρωπος
905 2852 1071 2906 πλέον
1116 2852 1279 2907 αὑτοῦ
1311 2852 1373 2906 τὸ
1418 2844 1695 2924 συμφέρον

127 2947 303 3018 αὐτῷ,
347 2946 471 3001 τότε
514 2945 734 3011 τελείως
785 2946 1063 3000 ἐκδίδωσιν
1097 2946 1287 2999 ἑαυτὸν
1336 2944 1693 3015 ἀκολουθῆσαι

128 3039 214 3109 τῷ.
228 3038 347 3109 ἰδίῳ
376 3037 666 3109 θελήματι,
700 3036 895 3107 καὶτῷ
932 3038 1045 3108 ίδίῳ
1072 3036 1342 3107 tamun-
1370 3037 1465 3091 καὶ
1488 3034 1691 3102 λοιπδν,

127 3132 203 3194 ὡς
236 3130 382 3183 θέλει
413 3131 443 3183 6
474 3128 688 3201 ἐχθρὸς,
720 3128 1060 3200 πτωματίζει
1084 3128 1263 3183 αὐτόν.
1298 3127 1397 3181 Διά
1420 3126 1577 3181 τοῦτο
1608 3128 1693 3181 λέ-

1803 698 1955 739 scere
1980 684 2065 738 vel
2097 698 2339 755 querere
2359 697 2675 753 possumus,
2710 700 2833 740 cum
2861 686 3018 742 nobis
3042 688 3173 757 ipsis
3189 691 3360 745 credi-

1742 820 1743 823 η
1804 788 1947 839 mus,
1970 789 2092 829 cum
2112 774 2388 843 proprium
2415 776 2707 844 appetitum
2736 777 2791 831 in
2815 779 3024 833 cunctis
3044 783 3363 851 sequimur?

1875 863 1938 918 ll.
1982 862 2159 929 Quare
2180 863 2348 919 abbas
2374 874 2560 933 pastor
2589 866 2844 934 praeclare
2872 867 3063 922 solitus
3110 878 3227 923 erat
3279 871 3391 925 di-'

1800 967 1921 1009 cere
1948 970 1961 1006 :
1987 952 2251 1008 Parietem
2285 968 2405 1009 esse
2432 969 2637 1008 aeneum
2670 955 2999 1012 voluntatem
3028 958 3167 1014 inter
3193 958 3360 1015 Deum

1800 1056 1854 1097 et
1911 1044 2178 1100 homines.
2244 1045 2518 1101 Advertite
2561 1047 2801 1103 animum
2855 1050 2922 1103 ad
2972 1065 3036 1105 ea
3060 1066 3178 1120 quae
3201 1050 3358 1107 dixit.

1800 1134 2008 1204 Adjecit
2069 1151 2329 1190 rursum:
2392 1154 2411 1187 ι
2456 1135 2612 1191 Petra
2668 1145 2753 1193 est
2796 1141 3185 1208 repercutiens,
3212 1150 3264 1195 et
3291 1156 3359 1195 ex

1799 1226 2044 1295 opposito
2108 1226 2456 1284 reverberans
2509 1228 2743 1282 divinam
2814 1230 3168 1286 voluntatem.
3226 1230 3356 1285 Eam

1801 1317 1965 1386 igitur
1990 1317 2034 1371 si
2070 1306 2347 1388 reliquerit
2375 1318 2557 1384 homo,
2590 1319 2773 1375 statim
2810 1320 2930 1375 ait:
2967 1320 3033 1375 In
3082 1321 3183 1377 Deo
3243 1338 3352 1376 meo

1802 1406 2157 1476 transgredior
2191 1423 2399 1460 murum
2436 1422 2456 1461 :
2510 1406 2648 1461 Deus
2675 1424 2835 1476 meus,
2892 1409 3233 1466 immaculata
3274 1414 3357 1467 via

1798 1499 1914 1568 ejus
1951 1507 1997 1550 ν.
2028 1518 2047 1551 ι
2089 1498 2259 1564 Quam
2293 1498 2549 1567 praeclare
2582 1500 2756 1554 dixit!
2810 1506 2938 1555 tunc
2984 1502 3129 1556 enim
3160 1503 3360 1558 intelli-

1798 1592 1878 1664 git
1930 1592 2071 1648 viam
2122 1591 2400 1664 3991)θί
2448 1593 2648 1647 nullam
2673 1593 2869 1649 habere
2895 1595 3181 1658 maculam,
3232 1611 3355 1650 cum

1758 1686 2076 1761 _reliquerit
2123 1685 2389 1754 propriam
2439 1684 2815 1741 voluntatem:
2872 1676 2961 1742 sin.
3019 1696 3196 1741 autem
3230 1702 3359 1755 pro-

1799 1776 1930 1845 pria:
1956 1776 2253 1831 voluntatis
2283 1774 2563 1830 affectibus
2603 1777 2893 1843 consentit,
2946 1793 3053 1832 non
3110 1779 3357 1848 intelligit

1797 1867 1939 1920 viam
1996 1864 2091 1920 Dei
2144 1865 2566 1920 immaculatam.
2606 1863 2709 1919 Sed
2750 1866 2796 1920 si
2845 1866 3062 1935 quando
3093 1867 3357 1921 audiverit

1799 1962 1989 2010 cautos
2039 1968 2161 2009 esse
2220 1968 2319 2007 nos
2372 1962 2638 2022 oportere.
2695 1955 2919 2010 cautela:
2947 1971 3143 2010 nomen
3172 1956 3354 2010 statim

1799 2051 2013 2099 recusat
2069 2053 2123 2098 et
2181 2042 2409 2112 respuit,
2469 2041 2674 2112 repellit
2715 2049 2769 2097 et
2802 2045 3081 2099 avertitur.
3117 2045 3236 2111 Quo
3263 2061 3359 2116 pa.

1797 2140 1885 2188 cto
1912 2132 2055 2187 enim
2088 2131 2353 2193 sustinere
2378 2131 2683 2200 quempiam
2716 2132 2885 2201 possit
2912 2132 2994 2186 vel
3021 2132 3182 2187 ullius
3226 2148 3357 2189 con-

1798 2222 1922 2278 silio
1951 2222 2282 2291 persuaderi,
2303 2223 2392 2291 qui
2425 2221 2696 2291 propriam
2720 2222 2965 2285 sequitur
2983 2222 3313 2277 voluntatem
3332 2223 3358 2276 ?

1798 2312 2059 2382 Deinceps
2080 2323 2133 2367 et
2186 2314 2253 2366 de
2278 2312 2486 2380 justitia
2523 2312 2600 2366 ait
2628 2328 2831 2368 senex:
2866 2331 2885 2365 ι
2916 2311 2973 2368 Si
3031 2325 3209 2370 autem
3266 2316 3357 2385 ju-
3428 2327 3446 2346 ‘

1797 2403 1944 2457 stitia
1971 2403 2234 2459 voluntati
2266 2406 2610 2470 cooperetur,
2663 2416 2773 2457 non
2833 2403 2969 2459 bene
3023 2408 3355 2461 convertitur

1796 2494 1980 2548 homo.
2023 2511 2041 2544 ι
2095 2493 2278 2561 Papae!
2332 2507 2491 2559 quam
2540 2494 2978 2561 consequentiam
3005 2494 3356 2552 habentsan—

1796 2592 2004 2640 ctorum
2062 2584 2252 2639 dicta!
2323 2584 2617 2662 lutet-itus,
2666 2581 2928 2652 inquam,
2996 2594 3080 2640 est
3146 2588 3353 2655 justitia

1795 2678 2071 2733 voluntate
2125 2676 2430 2743 cummista,
2490 2690 2760 2733 summum
2827 2675 3353 2745 periculum.maxi-
3435 2722 3440 2727 .

1796 2783 1918 2821 mus
1949 2780 2138 2839 pavor.
2180 2764 2595 2820 Tuncomnino
2651 2765 3003 2835 periclitatur,
3060 2766 3166 2822 imo
3216 2771 3355 2838 perit

1795 2859 2002 2916 infelix.
2053 2857 2187 2926 Quis
2242 2858 2386 2913 enim
2448 2846 2624 2912 valeat
2651 2856 2777 2913 huic
2798 2858 3122 2927 persuadere
3152 2868 3212 2915 ut
3232 2876 3351 2917 cre-
3414 2860 3419 2863 ⁷

1793 2951 1905 3017 dat,
1950 2952 2044 3022 qui
2090 2967 2186 3021 per
2246 2966 2304 3006 se
2353 2949 2539 3005 videns
2586 2950 2713 3020 quid
2736 2958 2970 3019 praestet,
3012 2950 3139 3020 quid
3180 2951 3352 3022 magis

1796 3042 1926 3096 utile
1951 3042 2042 3108 sit,
2096 3042 2332 3096 maxime
2374 3050 2552 3095 tamen
2600 3040 2887 3097 adducitur
2912 3050 2968 3094 ut
2990 3043 3218 3111 propriae
3239 3044 3352 3110 oni-

1794 3130 1944 3185 nioni
1993 3129 2286 3185 inhaereat?
2340 3128 2485 3184 Bene
2513 3127 2675 3199 igitur
2703 3138 2762 3183 ut
2790 3137 2939 3197 optat
2987 3129 3236 3187 inimicus
3283 3130 3351 3186 il-

129 3237 237 3289 γει,
266 3220 539 3290 «Πονηρὸς
571 3219 878 3282 κακοποιεῖ,
902 3218 1031 3273 ὅταν
1062 3217 1323 3288 συμμίξει
1351 3217 1643 3288 δικαίωμα.
1668 3236 1687 3270 ι

1798 3218 1907 3271 lum
1967 3217 2295 3287 supplantat,
2334 3225 2389 3271 et
2442 3215 2549 3270 labi
2602 3225 2657 3271 et
2706 3214 2897 3270 cadere
2922 3214 3069 3270 facit.
3101 3217 3226 3271 Ideo
3253 3220 3349 3280 ait,

129 3313 297 3365 Πισεῖ
313 3312 371 3366 δὲ
390 3314 406 3331 '
421 3306 566 3381 εἶχον
583 3307 898 3376 ἀσφαλείας.
918 3308 1098 3376 Λέγει,
1121 3307 1309 3379 ἐπειδὴ
1330 3309 1391 3361 οὐ
1417 3309 1575 3379 μόνον
1596 3310 1695 3377 τὴν

129 3402 432 3472 ἀσφάλειαν
485 3400 635 3470 μισεί
677 3398 706 3449 6
754 3397 1007 3466 πονηρὸς,
1055 3397 1191 3450 ἀλλὰ
1221 3398 1340 3450 οὐδέ
1367 3398 1466 3468 τὴν
1512 3400 1694 3468 φωνὴν

126 3489 549 3560 αὒτῆςδύναται
573 3486 804 3541 ἀκοῦσαι
822 3503 837 3518 ο
867 3487 1004 3540 ἀλλὰ
1029 3488 1123 3540 καὶ
1150 3486 1310 3541 αὑτὸν
1330 3486 1420 3539 τὸν
1446 3482 1578 3557 ἦχον
1596 3491 1695 3559 τῆς

127 3582 432 3653 ἀσφαλείας
464 3583 630 3651 μισεῖ,
672 3580 817 3633 τοῦτ’
846 3579 995 3632 ἐστιν
1038 3579 1169 3632 αὐτὸ
1211 3579 1273 3632 τὸ
1317 3578 1596 3634 λαλεῖσθαί
1642 3597 1694 3633 τι

128 3674 259 3744 περὶ
283 3671 615 3741 ἀσφαλείας·
640 3666 751 3726 οἷόν
776 3688 829 3725 τι
860 3670 1022 3740 λέγω·
1059 3670 1171 3741 Πρὸ
1203 3668 1297 3725 τοῦ
1328 3670 1617 3741 ἐνεργῆσαί
1640 3688 1694 3725 τι

126 3767 219 3819 τὸν
250 3764 609 3837 ἐπερωτῶντα
628 3764 754 3835 περὶ
782 3762 1075 3833 ὠφελείας,
1112 3762 1218 3832 πρὸ
1249 3762 1343 3815 τοῦ
1371 3761 1572 3830 γνῶναι
1602 3763 1719 3841 τὸν

128 3856 346 3929 ἐχθρὸν,
367 3857 417 3910 εί
441 3855 697 3923 φυλάττει
724 3854 753 3908 δ
773 3854 982 3918 ἀκούει,
1011 3854 1044 3923 ἢ
1070 3852 1131 3905 οὐ
1152 3851 1409 3921 φυλάττει
1432 3852 1461 3905 ό
1484 3852 1691 3917 ἀκούει,

132 3948 281 4012 μισεῖ
314 3947 445 4000 αὐτὸ
486 3946 622 4008 ὅλως
653 3945 713 3998 τὸ
740 3943 1082 4015 έπερωτῆσαί
1108 3959 1227 3995 τινα
1264 3944 1357 3995 καὶ
1385 3943 1613 3996 ἀκοῦσαί
1641 3959 1693 3996 τι

126 4039 237 4092 τῶν
264 4038 671 4108 συμφερόντων,
701 4034 871 4106 αὐτὴν
896 4034 996 4104 τὴν
1029 4024 1230 4103 φωνὴν,
1260 4033 1419 4087 αὐτὸν
1450 4034 1540 4087 τὸν
1562 4030 1693 4105 ἦχον

126 4127 238 4183 τῶν
269 4126 531 4178 τοιούτων
574 4124 748 4191 λόγων
796 4125 943 4194 μισεῖ
978 4124 1073 4175 καὶ
1113 4123 1529 4193 ἀποστρέφεται.
1584 4124 1692 4175 Καὶ

127 4214 273 4283 λέγω
320 4213 411 4267 διὰ
454 4211 542 4277 τίς
586 4207 742 4264 Οἶδεν
774 4212 855 4264 δτι
900 4210 1038 4274 τέως
1084 4213 1283 4265 νοεῖται
1319 4212 1352 4280 ἡ
1387 4214 1691 4283 κακουργία

127 4303 316 4369 αὐτοῦ,
346 4303 431 4357 διὰ
453 4301 613 4355 αὑτοῦ
640 4302 919 4373 ἐπερωτᾷν
945 4302 1041 4354 καὶ
1064 4300 1364 4372 γυμνάζειν
1386 4300 1541 4369 λόγον
1564 4320 1627 4356 πε
1638 4304 1692 4373 ρὶ

126 4395 413 4465 ὠφελείας,
441 4394 536 4448 καὶ
562 4394 713 4447 οὐδὲν
736 4391 906 4455 οὕτως
939 4395 1088 4463 μισεῖ
1115 4393 1208 4447 καὶ
1233 4391 1495 4461 φοϐεῖται,
1524 4392 1600 4457 ὡς
1629 4392 1691 4447 τὸ

125 4487 470 4558 γνωσθῆναιο
516 4485 701 4557 ἐπειδὴ
734 4485 835 4538 οὐκ
876 4485 954 4537 ἑτι
1004 4484 1247 4555 εὑρίσκει
1287 4483 1688 4550 ἐπιϐουλεῦσαι,

124 4577 201 4642 ῶς
251 4576 417 4631 θέλει.
469 4576 595 4631 Ἐάν
642 4576 747 4647 γάρ
793 4575 1146 4643 άσφαλίζεται
1192 4577 1225 4645 ἡ
1273 4574 1421 4644 ψυχὴ
1460 4574 1550 4627 διὰ
1596 4573 1689 4627 τοῦ

1795 4580 1843 4625 et
1880 4570 2212 4637 interrogant
2262 4583 2279 4621 :

126 4672 442 4740 ἀναγγεῖλαι
476 4671 683 4731 πάντα,
727 4669 824 4722 καὶ
854 4668 1083 4722 ἀκοῦσαι
1117 4668 1268 4736 παρά
1298 4682 1441 4726 τινος
1469 4665 1685 4730 είδότος,

126 4763 301 4817 Τῦὗτο
328 4762 570 4829 ποίησον,
592 4757 747 4811 τοῦτο
776 4756 851 4827 μὴ
879 4758 1142 4825 ποιήσεις,
1160 4752 1317 4807 τοῦτο
1339 4753 1500 4816 καλός
1520 4755 1687 4817 ἐστιν,

1803 3328 1821 3360 ι
1868 3307 2021 3363 Tunc
2054 3307 2194 3361 male
2218 3308 2328 3377 agit
2348 3307 2638 3377 malignus,
2676 3320 2797 3363 cum
2854 3306 3116 3374 justitiam
3181 3310 3352 3363 admi-

1792 3407 1923 3454 sret.
1965 3416 1983 3449 ι
2034 3398 2158 3453 Odit
2204 3407 2380 3453 autem
2424 3397 2647 3453 cautelae
2702 3412 2896 3451 nomen
2955 3399 3208 3464 maxime,
3255 3414 3349 3455 ne-

1792 3504 1898 3560 que
1950 3488 2062 3543 odit
2114 3489 2314 3553 solum,
2373 3474 2466 3543 sed
2495 3502 2595 3542 nec
2620 3488 2786 3557 ipsius
2822 3486 2972 3541 verbi
3010 3502 3203 3543 sonum
3237 3490 3349 3559 pati

1791 3590 1985 3653 potest.
2044 3580 2167 3637 Odit
2213 3578 2474 3650 quidquid
2511 3578 2578 3634 de
2627 3593 2689 3633 ea
2743 3577 2954 3633 locutus
2992 3579 3116 3648 quis
3166 3578 3347 3644 fuerit,

1795 3686 1853 3729 ut
1906 3672 2052 3729 verbi
2083 3672 2291 3742 gratia:
2348 3670 2648 3739 Antequam
2674 3669 2968 3739 quidquam
2995 3669 3117 3739 quis
3157 3684 3351 3739 opere-

1794 3773 1901 3825 tur,
1958 3768 2339 3831 percunctatur
2375 3759 2440 3815 de
2487 3760 2607 3828 ejus
2633 3759 2709 3813 rei
2741 3773 2901 3828 quam
2926 3758 3144 3828 aggredi
3181 3760 3346 3829 cupit,

1793 3846 2065 3901 utilitate:
2116 3855 2405 3914 antequam
2448 3844 2708 3916 intelligat
2750 3844 2966 3910 hostis,
3020 3847 3260 3900 advertat
3280 3861 3349 3901 ne

1791 3938 2033 3991 animum
2078 3937 2143 3990 ad
2174 3951 2237 3990 ea
2272 3950 2392 4004 qum
2434 3936 2708 3999 dicuntur,
2770 3948 2969 3998 necne,
3009 3934 3125 3988 odit
3167 3943 3345 3991 tamen

1791 4026 2015 4079 omnino
2049 4025 2216 4092 ipsam
2247 4023 2747 4093 interrogationem,
2801 4023 2915 4077 odit
2973 4024 3343 4094 attentionem,

1790 4116 1901 4169 odit
1944 4115 2204 4185 quidquid
2258 4114 2388 4170 utile
2434 4123 2685 4187 narratur
2721 4122 2775 4169 et
2799 4112 3029 4177 dicitur;
3055 4115 3233 4171 ethoc
3263 4126 3347 4173 es‘

1789 4207 1931 4277 quod
1954 4208 2065 4261 ait:
2103 4205 2284 4263 odisse
2313 4222 2437 4261 eum
2466 4214 2519 4260 et
2545 4221 2740 4260 nomen
2766 4213 2819 4260 et
2854 4203 3044 4259 sonum
3101 4208 3343 4273 cautelr,

1788 4306 1844 4353 et
1891 4296 1961 4351 ab
2004 4298 2120 4367 ipso
2170 4296 2393 4351 omnino
2430 4295 2621 4348 averti.
2654 4293 2814 4348 Novit
2842 4293 2986 4346 enim
3015 4302 3265 4350 versutus
3293 4304 3347 4349 ct

1790 4390 2019 4444 callidus
2049 4403 2143 4444 eos
2176 4388 2287 4456 jam
2323 4385 2616 4454 intelligere
2652 4384 2735 4438 vel
2766 4383 3031 4451 suspicari
3083 4386 3342 4439 malitiam

1791 4494 1968 4540 suam,
2009 4492 2073 4531 ex
2126 4489 2191 4530 eo
2218 4472 2365 4544 quod
2394 4475 2462 4531 de
2507 4473 2732 4529 utilitate
2770 4486 3075 4526 sermonem
3117 4473 3345 4527 miscent

2333 4580 2431 4621 nec
2473 4565 2767 4635 quidquam
2814 4563 2949 4617 adeo
3005 4562 3344 4617 abominatur

1792 4670 1845 4714 et
1890 4658 2059 4728 fugit,
2113 4672 2275 4727 quam
2325 4656 2483 4726 pandi
2528 4663 2585 4706 et
2624 4653 2819 4722 aperiri
2866 4654 3133 4709 malitiam.
3165 4666 3338 4717 suam,

1796 4751 1924 4804 nihil
1990 4749 2329 4819 postmodum
2368 4747 2681 4800 inventurus
2732 4759 2848 4816 quo
2884 4745 3105 4799 insidias
3134 4751 3344 4798 struere

126 4852 284 4907 τοῦτο
309 4852 409 4905 οὐκ
434 4848 547 4901 ἐστι
595 4846 779 4908 καλὸν,
824 4844 984 4897 τοῦτο
1028 4843 1306 4919 δικαίωμά
1350 4846 1489 4906 ἐστι,
1535 4842 1689 4896 τοῦτο

1795 4841 1987 4910 possit,
2061 4837 2441 4903 hominemque
2503 4841 2861 4915 prosternere.
2933 4831 2990 4885 Si
3047 4832 3190 4884 enim
3238 4831 3342 4885 sibi

127 4941 341 5012 θέλημά
355 4940 489 5005 ἐστι,
505 4936 665 4990 πάλιν
678 4934 886 5000 ἀκούει,
905 4936 1017 4989 Οὐκ
1039 4934 1153 4987 ἔστι
1178 4935 1364 5006 καιρὸς
1385 4934 1571 4987 τούτου
1592 4934 1686 4987 τοῦ

1795 4931 1896 5000 ipsi
1925 4938 2076 4985 cavet
2130 4928 2331 4987 anima,
2386 4937 2450 4977 ex
2478 4937 2543 4976 eo
2573 4924 2721 4993 quod
2760 4922 2940 4977 omnia
2984 4920 3189 4974 occulta
3244 4934 3342 4974 sua

127 5010 451 5105 πράγματος
475 5046 489 5059 ’
514 5030 700 5083 ἄλλοτε
725 5028 913 5105 ἀκούει
933 5044 947 5058 '
972 5029 1129 5100 Ἀρτι
1166 5029 1353 5099 καιρός
1381 5029 1526 5080 ἐστιν
1546 5043 1561 5057 ο
1592 5027 1687 5096 οὐχ

1795 5021 2135 5083 manifestat,
2184 5032 2246 5072 ex
2284 5028 2349 5069 eo
2399 5015 2543 5083 quod
2587 5014 2785 5069 obedit'
2826 5013 2977 5066 alteri
3031 5010 3345 5077 sapientiori

127 5097 371 5193 εθρίσκει
387 5122 415 5174 6
433 5118 673 5183 διάϐολος
689 5102 943 5193 διάποίας
959 5097 1138 5181 αίτ-ίας
1157 5097 1351 5187 βλάψαι
1368 5114 1548 5182 αὑτὸν,
1568 5116 1688 5171 οὐδὲ

1795 5111 1885 5181 qui
1921 5125 1980 5164 se
2011 5106 2257 5167 instruat.
2301 5104 2403 5156 hoc
2437 5112 2493 5157 ut
2526 5102 2708 5169 faciat,
2747 5102 2872 5156 illud
2898 5108 2956 5153 ut
3012 5097 3199 5165 fugiat,
3242 5098 3344 5152 hoc

129 5215 245 5278 πῶς
268 5213 423 5286 ῥίψαι
440 5212 621 5277 αὑτὸν,
650 5184 845 5281 ἐπειδὴἲ
860 5210 1109 5275 πάντοτε,
1130 5210 1205 5271 ὡς
1228 5204 1399 5269 εἷπον,
1420 5207 1688 5279 κυϐερνᾶ-

1795 5204 1991 5257 bonum
2045 5212 2186 5263 esse,
2245 5196 2373 5250 illud
2400 5197 2525 5249 item
2566 5194 2789 5257 malum,
2829 5193 2930 5245 hoc
2952 5188 3240 5257 justitiam,
3276 5189 3344 5241 il-

127 5323 239 5370 ται,
256 5306 355 5359 καὶ
384 5292 1090 5373 πανταχόθενὴσφὰλισται,
1120 5299 1438 5368 καὶγίνεται
1462 5299 1518 5351 ὲν
1539 5300 1689 5369 αὑτῴ

1795 5291 1884 5345 Iud
1920 5287 2215 5357 appetitum
2245 5303 2259 5338 :
2301 5285 2450 5338 audit
2482 5299 2588 5337 non
2618 5296 2738 5339 esse
2761 5282 2884 5335 item
2928 5287 3139 5345 tempus
3184 5278 3345 5346 hujus

132 5393 391 5464 σωτηρία,
424 5392 775 5460 ’Υπάρχεται
796 5390 865 5443 ἐν
883 5388 1086 5456 πολλῇ
1123 5387 1346 5455 βουλῇ.
1374 5389 1432 5439 '0
1457 5392 1688 5458 πονηρὸς

128 5482 258 5535 δέοὖ
288 5480 621 5545 θέλειτοῖηο,
644 5481 779 5535 ἀλλὰ
800 5482 968 5549 μισεῖ.
990 5479 1143 5533 Θέλει
1169 5478 1277 5549 γὰρ
1298 5480 1684 5549 κακοποιῆσαι,

133 5570 227 5621 καὶ
257 5570 457 5641 μᾶλλον
497 5571 720 5632 ἐκείνοις
756 5570 966 5640 χαίρει,
989 5563 1070 5631 οἷς
1120 5570 1194 5638 μὴ
1223 5568 1454 5637 ὑπάρχει
1484 5568 1682 5639 κυϐέρ-

132 5674 303 5730 νησις.
328 5661 426 5714 Διὰ
438 5661 493 5715 τί
510 5680 525 5729 ;
556 5662 739 5733 ἐπειδὴ
766 5661 1089 5714 πίπτουσιν
1118 5658 1316 5726 ῶδπερ
1348 5659 1569 5727 φύλλα.

208 5842 238 5877 ν
274 5833 416 5891 Psal.
452 5850 585 5898 xvn,
623 5836 709 5901 30,
740 5834 829 5887 51.

1790 5381 1867 5436 rei
1892 5394 2053 5439 nunc.
2102 5377 2238 5432 alias
2287 5390 2406 5431 esse
2458 5385 2668 5445 tempus
2701 5390 2714 5424 :
2746 5386 2843 5425 nec
2870 5371 3069 5424 invenit
3097 5371 3344 5423 diabolus

1791 5486 1918 5530 tunc
1950 5470 2219 5541 quomodo
2251 5480 2461 5534 noceat,
2513 5465 2781 5537 quomodo
2842 5464 3163 5531 supplantet,
3220 5476 3341 5514 cum

1790 5583 1852 5623 ex
1912 5565 2059 5619 omni
2121 5572 2270 5631 parte
2309 5562 2648 5631 gubernetur,
2678 5570 2799 5609 cum
2826 5557 3060 5624 undique
3088 5562 3232 5606 tutus
3276 5551 3343 5603 sit

1798 5668 1850 5710 et
1915 5664 2126 5709 cautus.
2183 5652 2248 5706 Et
2306 5662 2431 5707 tunc
2484 5651 2534 5704 id
2573 5647 2808 5702 maxime
2831 5645 2885 5700 tit
2938 5644 3078 5714 quod
3102 5643 3342 5695 dicitur:
