4020 6340
640 467 776 528 1679

629 576 867 629 Salutem
916 572 1199 626 consistere
1238 570 1292 621 in
1345 566 1508 619 multo
1552 564 1770 618 consilio
1804 572 1837 618 '.

1839 457 1899 512 S.
1937 449 2322 512 DOROTUEI
2356 446 2673 507 ABBATIS

1895 562 2051 628 Quod
2108 577 2239 615 sane.
2288 560 2452 614 nollet
2507 555 2784 611 inimicus.
2838 547 2942 608 Sed
2989 548 3229 605 maxime
3281 547 3408 603 odio
3452 545 3658 614 habet,
3710 554 3883 618 utpote

3745 433 3881 500 1680

623 669 718 739 qui
767 680 981 735 semper
1042 672 1190 734 optat
1247 660 1608 724 mnlelaeerc;
1653 667 1708 713 et
1762 658 1846 712 his
1880 656 2116 711 maxime
2163 653 2573 726 congratulatur
2612 651 2704 721 qui
2744 649 2883 705 duce
2908 654 3095 703 carent
3146 652 3201 699 et
3234 643 3618 716 gubernatore,
3645 641 3777 712 quia
3830 649 3883 694 ut

630 758 738 811 oua
768 756 1063 824 decidunt;

706 846 776 901 ιιι
862 845 1018 899 Illum
1044 818 1238 898 autem
1295 841 1533 895 maxime
1551 838 1737 893 dilexit
1766 836 1990 892 fratrem
2027 835 2217 891 diabo-

2387 834 2463 888 Γ.
2507 831 2616 885 Ἴδε
2644 829 2850 883 ἐκεῖνον
2874 825 2967 879 τὸν
2993 821 3223 893 ἀδελφὸν
3254 822 3315 876 ὃν
3337 820 3527 890 ἠγάπα
3556 820 3587 874 6
3614 818 3883 890 πονηρόςὶο

639 943 745 1004 lus,
796 939 863 993 de
913 952 1023 1007 quo
1054 935 1234 990 abbati
1285 932 1522 987 Macario
1548 931 1720 985 dixit:
1758 948 1778 980 ι
1815 928 2001 983 Habeo
2041 943 2213 983 unum

640 1048 670 1086 e
720 1030 978 1084 fratribus
1029 1028 1157 1089 tuis,
1182 1040 1344 1096 quem
1388 1023 1465 1077 uti
1499 1024 1767 1077 turbinem
1800 1034 1924 1075 cum
1954 1019 2076 1073 volo
2096 1034 2217 1073 ver-

645 1138 729 1177 so.
769 1140 787 1173 ι
848 1119 1005 1173 Tales
1060 1119 1253 1187 diligit,
1327 1126 1489 1184 atque
1526 1114 1609 1167 his
1641 1110 2219 1185 niaxime‘delectatur,

639 1216 732 1283 qui
788 1216 905 1266 sine
962 1212 1100 1264 duce
1159 1217 1327 1271 sunt;
1401 1221 1508 1259 non
1552 1204 1639 1258 bis
1679 1202 1771 1271 qui
1820 1215 1940 1256 sese
1986 1200 2218 1275 submit-

637 1316 754 1360 tunt
810 1306 857 1358 ei
923 1303 1016 1371 qui
1077 1309 1198 1371 post
1236 1298 1406 1353 Deum
1452 1296 1715 1351 auxilium
1744 1301 2000 1364 praestare
2027 1300 2221 1362 potens

568 1424 574 1428 -
637 1406 742 1461 est,
773 1406 825 1451 et
861 1408 1079 1448 manum
1111 1392 1263 1447 dare.
1293 1390 1476 1458 Neque
1503 1387 1649 1442 enim
1672 1385 1930 1441 diabolus
1971 1383 2061 1438 ille
2083 1397 2219 1454 cun-

638 1495 755 1541 ctos
791 1484 1025 1538 adeundi
1067 1480 1267 1536 fratres
1303 1486 1622 1549 potestatem
1656 1476 1867 1541 habuit,
1904 1489 2028 1529 cum
2063 1472 2217 1527 illum

640 1588 862 1632 sanctus
912 1583 1067 1643 pater
1105 1572 1307 1655 rep/erit
1358 1578 1435 1624 tot
1468 1566 1828 1639 potiunculas,
1865 1572 1945 1619 tot
1974 1563 2216 1628 vascula,

644 1679 720 1722 tot
783 1666 1055 1719 alabastra
1111 1660 1605 1725 circumferentem,
1646 1672 1755 1713 non
1798 1656 2052 1712 omnibus
2089 1668 2218 1726 pro-

645 1760 869 1830 pinavit.
926 1757 1064 1810 Nam
1112 1753 1364 1825 quisquis
1428 1752 1572 1806 illius
1619 1749 1901 1821 praesensit
1969 1747 2216 1812 insidias,

644 1852 876 1906 accurrit
917 1849 1065 1902 illico
1113 1855 1165 1900 et
1191 1843 1551 1914 cogitationes
1598 1856 1727 1897 suas
1759 1854 2115 1912 quascunque
2141 1839 2219 1893 la-

2321 926 2452 998 περὶ
2481 916 2543 976 οὗ
2575 920 2728 988 ἔλεγε
2758 915 2836 988 τῷ
2866 916 3011 1003 ἀόὁᾷ
3046 911 3343 984 Μακαρίῳ,
3383 929 3403 963 ι
3437 911 3590 981 Ἔχω
3618 908 3723 964 ενα
3747 907 3889 962 ἀδελ.

2321 1018 2444 1088 φὸν,
2493 1015 2586 1069 καὶ
2630 1012 2720 1066 ὅτε
2748 1001 2953 1089 βλέπει
3003 1024 3092 1078 με,
3144 1004 3461 1077 στρέφεται,
3502 1002 3582 1067 ὡς
3631 1001 3823 1069 ἀνέϐη.
3862 1016 3881 1054 ι

2323 1110 2463 1171 Τοὺς
2514 1103 2791 1165 τοιούτους
2836 1100 3049 1170 ἀγαπᾷ,
3103 1099 3219 1159 τοῖς
3248 1094 3515 1159 τοιούτοις
3560 1094 3649 1148 ἀεὶ
3696 1093 3887 1164 χαίρει,

2320 1204 2434 1264 τοῖς
2464 1194 2882 1266 ἀκυσερνήτοις,
2912 1192 3024 1254 τοῖς
3066 1188 3143 1260 μὴ
3178 1185 3592 1257 ἀνατιθεμένοις
3629 1183 3713 1255 τῷ
3738 1184 3889 1237 awa-

2325 1292 2471 1364 μένῳ
2507 1289 2648 1361 μετά
2680 1284 2814 1340 Θεὸν
2846 1279 3139 1354 βοηθῆσαι,
3170 1278 3268 1334 καὶ
3294 1276 3481 1332 δοῦναι
3504 1277 3689 1339 αὑτοίς
3718 1276 3888 1348 χεῖρα.

2322 1382 2414 1454 Μὴ
2443 1381 2554 1452 γὰρ
2580 1378 2643 1431 ού
2676 1375 2816 1454 πρὸς
2840 1373 3050 1449 πάντας
3089 1375 3218 1434 τοὺς
3245 1367 3514 1454 ἀδελφοὺς
3533 1366 3781 1437 ἀπῆλθεν
3818 1365 3894 1434 τῷ

2320 1452 2442 1542 Θεῶ
2485 1473 2516 1525 6
2552 1452 2785 1540 δαίμωνῖ
2812 1465 3047 1528 ἐκεῖνος,
3096 1461 3231 1515 ὅπου
3271 1453 3414 1513 εἶδεν
3462 1458 3625 1513 αὐτὸν
3673 1460 3705 1512 6
3746 1456 3894 1526 ἀγιος

2320 1563 2660 1637 βαστάζοντα
2699 1559 2798 1615 ὅλα
2830 1557 2903 1612 τά
2944 1556 3196 1627 γεύματα
3233 1554 3419 1607 ὲκείνα
3466 1552 3528 1604 ὲν
3575 1550 3692 1612 τοῖς
3734 1546 3896 1619 λήκυο

2321 1656 2478 1718 θίοις,
2510 1653 2585 1725 μὴ
2616 1653 2680 1707 οὐ
2718 1646 3059 1722 προσέϐαλεν
3083 1645 3258 1709 ὅλοις*
3301 1643 3417 1698 ἀλλ’
3448 1643 3686 1704 ἕκαστος
3720 1638 3899 1695 αὐτῶν

2318 1745 2706 1815 αἰσθανόμενος
2774 1741 2874 1812 τῆς
2956 1736 3249 1809 ἐπιϐουλῆς
3304 1733 3507 1800 αὐτοῦ,
3560 1733 3753 1804 ἔτρεχε
3812 1731 3901 1785 καὶ

2318 1836 2611 1910 ἀνήγγειλε
2648 1834 2778 1898 τοὺς
2826 1831 2988 1895 ίδίους
3030 1828 3325 1900 λογισμοὺς
3366 1826 3463 1881 καὶ
3502 1824 3737 1896 ηὕρισκε
3783 1822 3903 1893 βοή.

646 1951 819 1995 tentes
854 1936 1065 2005 aperuit
1094 1906 1341 2005 patri,vet
1369 1932 1449 1989 sic
1470 1931 1734 1987 auxilium
1768 1906 1974 1984 i-uvcnit
2002 1906 2056 1983 in
2082 1937 2220 1982 tem-

2330 1906 2483 1983 θειαν
2512 1929 2574 1981 ὲν
2615 1924 2695 1997 τῷ
2725 1922 2904 1996 καιρῷ
2943 1921 3041 1977 τοῦ
3074 1918 3407 1992 πειρασμοῦ,
3450 1918 3549 1972 καὶ
3589 1916 3780 1970 λοιπὸν
3807 1916 3903 1969 οὐκ

646 2040 776 2097 pore
808 2023 1145 2087 teutationis,
1184 2028 1240 2075 ct
1285 2020 1389 2075 hac
1426 2020 1495 2077 de
1532 2034 1699 2075 causa
1736 2034 1844 2073 non
1906 2021 2083 2087 potuit
2130 2019 2224 2072 ad-

647 2131 837 2172 versus
900 2128 996 2169 eos
1063 2114 1283 2182 iniquus
1335 2111 1642 2167 insidiator.
1722 2108 1996 2163 Infelicem
2073 2108 2223 2163 illum

647 2224 816 2261 unum
870 2204 1073 2258 invenit
1116 2204 1209 2272 qui
1260 2202 1502 2271 seipsum
1554 2208 1765 2269 regeret
1798 2209 1853 2254 et
1904 2199 2223 2263 instrueret,

569 2306 583 2322 ⁶
648 2298 741 2367 qui
770 2295 974 2349 nullum
1012 2291 1238 2346 haberet
1270 2291 1670 2361 coadjutorem,
1701 2296 1993 2361 quemque,
2024 2300 2083 2345 ut
2131 2305 2226 2345 vo-

656 2389 784 2453 luit,
823 2389 951 2443 ludo
978 2385 1189 2450 habuit,
1216 2384 1607 2450 discedeusque
1628 2384 1728 2439 soli
1752 2384 1923 2454 gratia
1959 2384 2090 2453 egit.
2123 2397 2226 2438 cae-

647 2490 793 2534 teros
823 2493 1013 2534 omnes
1067 2478 1362 2534 detestans.
1410 2475 1653 2544 Denique
1685 2490 1810 2529 cum
1859 2490 1971 2530 rem
2027 2476 2228 2532 beatis-

651 2571 789 2625 simo
816 2569 954 2640 patri
980 2568 1194 2638 aperuit
1218 2567 1491 2629 diabolus,
1517 2576 1571 2621 et
1609 2565 1793 2620 fratris
1821 2580 2018 2640 nomen
2039 2566 2225 2634 edidit,

650 2661 889 2719 accurrit
933 2675 963 2715 e
995 2660 1221 2730 vestigio
1256 2657 1421 2729 400
1441 2658 1506 2712 ad
1546 2672 1669 2712 eum
1700 2658 1860 2712 Pater
1890 2666 2137 2720 sanctus,
2172 2666 2229 2713 et

653 2751 801 2805 illam
870 2748 1045 2803 solam
1106 2747 1370 2815 comperit
1422 2744 1591 2799 fuisse
1644 2758 1864 2799 causam
1907 2744 2227 2813 perditionis

655 2856 788 2897 suae.
844 2839 1052 2893 Invenit
1099 2837 1247 2892 enim
1303 2836 1481 2905 ipsum
1513 2832 1919 2890 confessionem
1953 2836 2227 2892 detestan-

655 2940 786 2995 tem,
820 2929 1026 2983 invenit
1062 2911 1186 2981 eum
1218 2926 1357 2981 male
1378 2935 1658 2981 assuetum
1713 2926 1799 2981 vel
1845 2924 2088 2997 scipsum
2137 2944 2228 2984 ac-

656 3032 850 3077 cusare
910 3019 992 3073 vel
1018 3017 1194 3074 cordis
1226 3017 1311 3072 sui
1370 3027 1577 3072 secreta
1611 3018 1868 3083 revelare,
1891 3029 2051 3090 atque
2076 3022 2226 3077 illum

657 3111 859 3166 idcirco
911 3110 1118 3162 dmmou
1166 3122 1288 3161 cum
1350 3107 1540 3172 voluit,
1587 3116 1647 3161 ut
1696 3109 1967 3165 turbinem
2027 3113 2134 3168 huc
2176 3121 2231 3168 et

2326 2019 2479 2090 ῐσχυε
2520 2014 2643 2071 κατ’
2688 2012 2871 2070 αὐτῶν
2896 2013 2925 2066 6
2953 2011 3215 2082 πονηρός.
3249 2009 3356 2063 Τὸν
3402 2006 3589 2063 ἄθλιον
3616 2005 3674 2060 δὲ
3702 2006 3903 2060 ἐκεῖνον

2328 2109 2490 2179 μόνον
2522 2105 2792 2179 ηὕρισκεν
2838 2100 3020 2172 ἑαυτῷ
3054 2096 3395 2171 ποιχοῦντα,
3449 2096 3546 2150 καὶ
3598 2095 3673 2167 μὴ
3715 2094 3902 2167 ἔχοντα

2327 2198 2479 2270 παρά
2509 2214 2657 2261 τινος
2682 2194 2993 2266 ἀντίληψιν,
3015 2192 3115 2245 καὶ
3141 2185 3286 2261 εῖχεν
3320 2188 3482 2243 αὑτὸν
3507 2188 3785 2258 παίγνιον,
3814 2185 3904 2241 καὶ

2328 2290 2600 2363 ἀνεχώρει
2645 2284 2987 2358 εὐχαριστῶν
3031 2276 3209 2355 αύτῷ,
3237 2283 3332 2337 καὶ
3381 2280 3770 2353 καταρώμενος
3802 2279 3904 2333 τῶν

2328 2384 2523 2438 ἄλλων.
2610 2379 2830 2451 Ἀμέλει
2880 2378 2971 2431 ὅτε
3028 2370 3150 2429 εἷπε
3196 2374 3276 2446 τῷ
3332 2372 3479 2445 ἀόσᾷ
3528 2373 3803 2442 Μακαρίῳ
3848 2371 3904 2422 τὸ

2327 2478 2559 2548 πρᾶγμα
2592 2474 2689 2528 καὶ
2732 2472 2793 2526 τδ
2840 2471 3012 2541 ὄνομα
3040 2467 3137 2522 τοῦ
3169 2466 3422 2537 ἀδελφοῦ,
3469 2466 3568 2519 καὶ
3598 2464 3833 2536 ἔδραμεν
3873 2465 3899 2515 6

2328 2569 2483 2635 ἀγιος
2537 2566 2675 2638 πρὸς
2706 2562 2889 2629 αὑτὸν,
2923 2554 3083 2633 εὗρεν
3128 2559 3211 2613 ὅτι
3269 2556 3409 2628 αὕτη
3452 2550 3524 2626 ἦν
3561 2555 3597 2625 ή
3634 2555 3787 2608 αίτία
3814 2553 3904 2622 τῆς

2328 2638 2607 2719 ἀπωλείας
2638 2654 2827 2721 αὑτοῦ,
2879 2647 3041 2726 εὗρεν
3081 2650 3245 2705 αὑτὸν
3286 2648 3361 2721 μη
3392 2646 3618 2702 θέλοντα
3648 2644 3904 2718 ὁμολογῆ-

2330 2768 2445 2817 σαι,
2479 2745 2639 2823 εὗρεν
2667 2747 2831 2803 αὐτὸν
2865 2749 2941 2818 μὴ
2971 2745 3167 2818 ἔχοντα
3192 2741 3490 2814 ,συνήθειαν
3522 2739 3620 2794 τοῦ
3650 2737 3906 2807 ἐξαγγέλ-

2327 2844 2441 2899 λειν
2464 2860 2478 2874 ·
2505 2842 2596 2898 διὰ
2617 2839 2775 2897 τοῦτο
2811 2840 2920 2911 γάρ
2943 2839 3038 2893 καὶ
3072 2835 3335 2908 ἔστρεφεν
3366 2836 3533 2891 αὐτὸν
3553 2835 3690 2889 ὅπου
3714 2830 3903 2903 ἢθελεν

2327 2936 2357 2990 6
2402 2934 2617 3008 ἐχθρός.
2675 2930 3060 3004 Ἐρωτώμενος
3084 2928 3195 3002 γὰρ
3225 2926 3331 2982 ὑπὸ
3353 2924 3448 2981 τοῦ
3478 2926 3661 2997 ἁγίου,
3694 2923 3824 2987 Πῶς
3848 2923 3909 2975 τὰ

2334 3013 2477 3083 κατὰ
2517 3027 2599 3094 σὲ,
2633 3024 2870 3094 ἀδελφές
2918 3024 3142 3091 ἔλεγεν’
3185 3039 3204 3072 ι
3242 3018 3445 3090 Εὖχαῖς
3477 3036 3575 3073 σου
3625 3016 3812 3079 καλῶς
3834 3030 3849 3046 ·
3886 3033 3903 3067 ι

2330 3118 2427 3173 καὶ
2460 3115 2622 3170 πάλιν
2656 3113 2820 3169 αὑτοῦ
2852 3113 3127 3182 λέγοντος,
3162 3128 3181 3163 ι
3218 3110 3292 3164 Οὐ
3324 3108 3622 3186 πολεμοῦσί
3660 3126 3723 3163 σε
3755 3109 3805 3162 oi
3829 3107 3909 3159 λο-

660 3204 787 3256 illue
818 3199 1212 3256 circuiuvolvit.
1244 3199 1611 3269 interrogatus
1633 3201 1777 3255 enim
1807 3217 1837 3257 a
1878 3204 2228 3259 sanctissimo

2330 3208 2540 3278 γισμοὶ,
2580 3225 2600 3258 ι
2633 3202 2988 3276 ἀπεκρίνατο,
3023 3219 3044 3254 ι
3077 3200 3228 3267 Τέως
3244 3198 3424 3264 καλῶς
3451 3202 3589 3269 εἰμι’
3615 3218 3635 3254 ι
3657 3199 3911 3255 καὶούδὲν

661 3304 811 3364 patre
856 3301 915 3346 ut
965 3306 1084 3347 sese
1124 3306 1210 3347 res
1263 3291 1434 3363 ipsius
1489 3292 1751 3348 haberent
1798 3295 2094 3363 hactenus,
2142 3313 2229 3351 re-

660 3382 916 3450 spondit:
954 3400 972 3433 ι
1020 3380 1161 3435 Bene
1195 3381 1308 3435 tuis
1350 3382 1713 3448 orationibus,
1755 3394 1951 3454 pater;
1998 3405 2016 3436 ι
2052 3398 2103 3441 et
2144 3387 2235 3441 illo

665 3478 862 3526 iterum
924 3472 1298 3542 interrogante
1341 3473 1585 3543 nunquid
1642 3476 1760 3531 suis
1816 3477 2237 3545 cogitationibus

666 3573 1087 3631 nppugnaretur,
1127 3563 1300 3617 noluit
1336 3562 1531 3629 fateri,
1597 3564 1771 3621 donec
1817 3565 1891 3621 illi
1924 3566 2093 3621 multa
2121 3576 2239 3621 arte

660 3666 712 3708 et
744 3655 925 3708 labore
966 3657 1236 3723 persuasit
1267 3668 1418 3725 pater
1457 3656 1642 3711 omnia
1666 3658 1878 3715 edicere
1902 3674 2022 3729 quae
2044 3672 2236 3715 contra

662 3745 899 3813 seipsum
934 3756 1153 3812 essent;
1200 3760 1589 3818 sermonesque
1636 3749 1731 3805 Dei
1798 3751 2055 3819 affereus,
2109 3761 2233 3807 tan-

660 3838 781 3890 dem
844 3836 996 3891 illum
1043 3847 1263 3917 _tutatus
1329 3841 1816 3896 estetconvertit.
1880 3841 2036 3897 Venit
2070 3843 2270 3913 igitur'

665 3942 881 3981 rursum
936 3928 1194 3984 inimicus
1239 3944 1305 3984 ex
1338 3930 1731 3987 consuetudine
1777 3932 1984 3997 volens,
2009 3940 2066 3986 ut
2090 3943 2235 4000 ante,

663 4017 838 4085 ipsum
902 4016 1137 4085 dejicere
1166 4035 1180 4086 ;
1233 4018 1545 4089 frustraque
1581 4031 1636 4076 et
1662 4023 1886 4092 turpiter
1918 4024 2047 4094 egit.
2082 4011 2257 4080 lnve-'

660 4107 741 4161 nit
788 4108 932 4161 enim
982 4124 1107 4163 eum
1152 4108 1520 4176 obﬁrmatum,
1563 4127 1739 4182 neque
1780 4124 1838 4168 ut
1860 4125 2016 4171 antea
2035 4132 2230 4188 vagum

659 4209 713 4252 et
754 4198 1008 4254 delirum.
1071 4199 1333 4280 Discessit
1382 4203 1453 4257 ab
1482 4217 1547 4257 eo
1578 4204 1820 4259 delusus.
1856 4203 2035 4271 Quare
2063 4208 2233 4265 inter-

659 4301 880 4360 rogatus
919 4293 1262 4359 postmodum
1294 4294 1543 4350 diabolns
1587 4311 1617 4349 a
1660 4306 1812 4366 patre
1836 4308 2025 4353 sancto
2056 4310 2231 4356 utse-

656 4396 715 4436 se
752 4382 979 4436 haberet
999 4381 1167 4438 frater
1201 4383 1290 4439 ille
1320 4385 1530 4440 amicus
1550 4402 1703 4453 suus,
1754 4389 1895 4444 haud
1942 4390 2091 4447 illum
2128 4408 2237 4448 am-

2336 3300 2528 3372 ῆθελεν
2551 3296 2908 3368 ὁμολογῆσαι,
2942 3294 3047 3359 ἕως
3080 3289 3142 3350 οὗ
3178 3291 3316 3365 μετά
3344 3292 3542 3363 τέχνης
3566 3291 3789 3345 ἔπεισεν
3819 3292 3911 3345 a6-

2335 3390 2427 3444 τὸν
2460 3392 2489 3443 6
2537 3389 2692 3458 ἅγιος
2721 3386 2957 3453 ἐξειπεῖν
3001 3386 3070 3441 τά
3113 3384 3238 3441 καθ’
3269 3382 3485 3450 ἑαυτὸν,
3534 3384 3628 3438 καὶ
3672 3384 3914 3457 λαλήσας

2338 3482 2492 3552 αύτῷ
2542 3482 2635 3536 τὸν
2684 3479 2842 3549 λόγον
2872 3477 2967 3532 τοῦ
3014 3472 3173 3547 Θεοῦ,
3220 3478 3568 3550 ἠσφαλίσατο
3611 3477 3780 3535 αὐτὸν
3828 3479 3915 3530 καὶ

2341 3568 2702 3641 ὑπέστρεψεν.
2743 3565 2947 3621 Ἦλθεν
2987 3563 3081 3622 οὖν
3122 3568 3287 3622 πάλιν
3338 3571 3367 3622 6
3412 3568 3606 3641 ἐχθρὸς
3644 3566 3796 3624 κατά
3824 3568 3915 3639 τὴν

2310 3650 2633 3732 συνήθειαν
2685 3657 2856 3713 θέλων
2911 3657 3067 3728 ῥίψαι
3119 3657 3322 3724 αὐτὸν,
3374 3659 3470 3711 καὶ
3503 3659 3913 3731 ὴσχημόνησεν.

2338 3744 2482 3824 Εὗρε
2526 3752 2634 3823 γὰρ
2667 3748 2829 3805 αὐτὸν
2860 3748 3281 3822 ὲστηριγμένον,
3312 3741 3472 3819 εὗρεν
3520 3751 3679 3803 αὑτὸν
3720 3750 3916 3822 μηκέτι

2339 3843 2759 3914 χλευαζόμενον.
2823 3841 3094 3912 Ἀπῆλθεν
3138 3840 3326 3894 λοιπὸν
3373 3840 3675 3912 ἄπρακτος,
3706 3839 3915 3910 ἀπῆλθε

2338 3935 2798 4006 κατῃσχυμμένος
2827 3933 2920 3987 καὶ
2950 3935 3079 4005 παρ’
3112 3933 3299 3987 αὑτοῦ.
3325 3932 3428 3989 Διά,
3446 3930 3603 3985 τοῦτο
3635 3934 3913 4002 ἐπερωτη-

2340 4025 2455 4088 θεὶς
2500 4024 2663 4080 πάλιν
2716 4024 2822 4077 ὑπὸ
2869 4023 2964 4076 τοῦ
3018 4023 3198 4092 ἁγίου,
3237 4042 3256 4076 ι
3312 4023 3436 4088 Πῶς
3480 4024 3595 4096 ἔχει
3643 4026 3849 4087 ἐκεῖνος
3888 4023 3917 4075 6

2339 4115 2571 4187 ἀδελφὸς
2618 4117 2647 4169 6
2699 4114 2861 4186 φιλός
2891 4131 2984 4169 σου
3007 4130 3023 4182 ;
3048 4133 3067 4167 ι
3106 4115 3209 4168 οὐκ
3257 4114 3339 4169 ἔτι
3372 4111 3527 4170 εἷπεν
3558 4117 3716 4171 αὐτὸν
3744 4115 3913 4186 φίλον,

2340 4210 2458 4265 ἀλλ’
2484 4209 2699 4281 ἐχθρὸν,
2730 4209 2825 4263 καὶ
2852 4206 3206 4279 κατηράσατο
3236 4206 3421 4273 αὑτὸν,
3444 4209 3643 4278 λέγων,
3660 4210 3742 4263 ὅτι
3772 4228 3791 4261 ι
3810 4208 3915 4262 Καὶ

2342 4292 2504 4365 αὐτὸς
2532 4300 2859 4371 διεστράφη,
2885 4300 2981 4353 καὶ
3009 4298 3131 4353 οὐδὲ
3178 4298 3338 4363 αὑτός
3369 4316 3460 4370 μοι
3494 4300 3774 4354 πείθεταιο
3804 4298 3914 4353 ἀλλ’

2343 4392 2682 4464 ἀγριώτερος
2715 4392 2932 4446 πάντων
2961 4392 3202 4460 ἐγένετο.
3248 4411 3267 4443 ι
3417 4374 3422 4379 ”

657 4473 801 4541 plius
863 4475 1149 4542 appellavit
1211 4476 1472 4542 amicum,
1544 4477 1640 4533 sed
1691 4479 1901 4535 hostem
1948 4482 2386 4550 infestissimum,
2439 4483 2562 4538 etei
2594 4481 2916 4537 maledixit:
2962 4499 2983 4533 ι
3028 4484 3267 4537 Aversus
3304 4482 3474 4547 enim,
3534 4484 3726 4555 inquit,
3763 4490 3845 4541 est
3880 4497 3909 4536 α

660 4582 763 4630 me,
819 4580 919 4619 ncc
940 4580 1024 4618 me
1066 4567 1177 4634 jam
1213 4568 1382 4633 audit,
1424 4567 1521 4623 sed
1554 4570 1810 4626 omnibus
1835 4572 2022 4630 durior
2056 4585 2110 4631 et
2132 4577 2399 4646 agrestior
2419 4574 2599 4631 factus
2631 4584 2738 4631 est.
2776 4593 2796 4627 ι

732 4654 815 4710 γι.
871 4653 1173 4726 Intelligere
1223 4658 1379 4715 vobis
1423 4658 1537 4731 jam
1584 4659 1731 4729 licet,
1795 4679 1891 4719 cur
1924 4665 2228 4733 oderitdia-

2407 4670 2482 4721 A’.
2525 4665 2633 4720 Ἴδε
2681 4664 2771 4718 διὰ
2824 4665 2876 4718 τί
2933 4666 3082 4735 μισεῖ
3128 4666 3157 4718 6
3206 4663 3401 4735 ἐχθρὸς
3445 4663 3539 4717 τὸν
3584 4663 3777 4736 ἔχοντα
3822 4664 3913 4735 τῆς

659 4750 815 4803 Dolus
866 4748 1092 4801 cautelae
1142 4762 1377 4802 sonum:
1435 4750 1561 4820 quia
1590 4754 1948 4820 perditionem
1980 4765 2224 4813 nostram

660 4852 720 4890 ex
755 4838 901 4888 oinni
937 4847 1087 4905 parte
1106 4848 1259 4905 Optat
1280 4846 1334 4890 et
1371 4839 1584 4907 quaerit.
1615 4837 1917 4912 lntelligitis
1950 4859 2120 4915 quare
2146 4860 2231 4901 se-

661 4944 715 4985 se
744 4930 1091 4986 iustituentes
1121 4946 1183 4985 ac
1210 4934 1473 4989 docentes
1518 4936 1729 5005 diligat,
1796 4936 1923 5005 quia
1983 4928 2233 4994 videlicet

660 5032 1040 5089 cooperatores
1092 5022 1212 5091 ejus
1258 5031 1405 5089 sunt,
1457 5023 1573 5078 sibi
1594 5026 1725 5095 ipsis
1771 5026 1994 5082 insidias
2033 5043 2233 5097 paran-

660 5126 757 5164 .es.
805 5110 917 5180 Ego
971 5125 1157 5165 casum
1212 5113 1377 5167 alium
1422 5114 1629 5168 nullum
1678 5125 1871 5185 praeter
1920 5116 2067 5172 hunc
2104 5118 2233 5172 novi

660 5202 1056 5256 monachorum
1082 5201 1175 5256 ulli
1207 5204 1521 5274 contigisse.
1551 5205 1718 5261 Aiunt
1762 5220 1943 5265 autem
1991 5208 2233 5280 plerique

659 5294 866 5347 nullum
904 5310 1039 5362 pene
1064 5311 1252 5352 casum
1282 5296 1489 5353 homini
1542 5301 1877 5371 contingere,
1904 5306 2009 5361 nisi
2030 5305 2081 5361 ei
2135 5306 2230 5376 qui

660 5385 804 5440 cordi
854 5401 956 5439 suo
1003 5396 1123 5442 sese
1176 5388 1482 5444 crediderit.
1527 5393 1708 5459 Quare
1743 5408 1869 5449 cum
1902 5398 2070 5452 ullum
2096 5411 2227 5455 sen—

661 5478 793 5531 seris
831 5477 1153 5542 concidisse,
1178 5480 1315 5535 scito
1351 5481 1553 5538 nullam
1583 5486 1742 5540 aliam
1787 5487 2050 5556 potiorem
2101 5504 2234 5544 cau-

662 5582 773 5620 sam
818 5566 1194 5635 intervenisse,
1222 5588 1384 5641 quam
1413 5576 1555 5643 quod
1614 5579 1765 5633 cordi
1820 5595 1920 5634 suo
1981 5582 2230 5648 credidit,

593 5694 599 5701 .
665 5654 798 5719 quod
848 5669 905 5707 se
956 5655 1134 5723 ipsum
1195 5658 1447 5716 instituit.
1491 5660 1632 5716 Nihil
1662 5667 1901 5734 gravius,
1938 5669 2069 5723 nihil
2110 5685 2233 5740 per-

736 5836 754 5862 ‘
793 5827 949 5884 l‘ruv.
990 5849 1063 5897 xi,
1106 5834 1181 5887 .4.

2336 4756 2663 4827 ἀσφαλείας,
2688 4756 2879 4829 ἐπειδὴ
2900 4755 3046 4810 θέλει
3076 4756 3309 4811 πάντοτε
3328 4754 3429 4827 τὴν
3449 4754 3721 4810 ἀπιὶιλειαν
3736 4754 3910 4827 ήμῶν.

2341 4849 2447 4903 Ἴδε
2476 4849 2565 4902 διά
2593 4848 2645 4902 τί
2688 4848 2879 4920 ἀγαπᾷ
2910 4850 3032 4913 τοὺς
3066 4847 3413 4919 στοιχοῦντας
3466 4849 3697 4913 ἑαυτοῖς,
3730 4847 3911 4923 ὲπειδῂ

2338 4938 2415 5009 τῷ
2444 4940 2678 5012 διαϐόλῳ
2710 4940 3084 5012 συνεργοῦσιν,
3111 4942 3265 4995 αὐτοὶ
3293 4942 3508 5004 ἑαυτοῖς
3542 4934 3909 4995 ἐπιϐουλεύον-

2338 5044 2449 5092 τες.
2485 5028 2626 5099 Ἐγὼ
2654 5028 2820 5100 ἄλλην
2851 5030 3063 5104 πτῶσιν
3101 5031 3204 5083 οὐκ
3242 5025 3361 5083 οῖδα
3399 5030 3665 5102 μοιιαχοῦ,
3701 5031 3818 5086 ἀλλ’
3850 5033 3909 5084 ὲκ

2337 5121 2432 5174 τοῦ
2485 5122 2769 5176 πιστεύειν
2813 5124 2881 5193 τῇ
2922 5123 3031 5195 ίδίςι
3071 5122 3290 5195 καρδίᾳ.
3343 5123 3502 5186 Τινὲς
3532 5124 3785 5192 λέγουσι·
3816 5124 3909 5179 Διὶ

2338 5212 2454 5265 τόδε
2487 5215 2677 5269 πίπτει
2701 5216 2730 5269 6
2755 5214 3065 5285 ἄνθρωπος,
3096 5213 3132 5286 ἢ
3160 5214 3248 5269 διὰ
3274 5212 3416 5267 τόδε.
3459 5212 3603 5283 Ἐγὼ
3625 5214 3702 5279 δὲ,
3733 5215 3909 5278 καθὼς

2336 5300 2511 5372 εἶπον,
2544 5306 2713 5378 ἀλλην
2760 5306 2968 5361 πτῶσιν
2999 5306 3293 5379 γινομένην
3323 5306 3431 5361 τινὶ
3458 5305 3559 5359 οὐκ
3589 5302 3703 5359 οῖδα
3744 5306 3795 5358 εί
3839 5304 3921 5376 μὴ.

2335 5397 2401 5449 ὲκ
2447 5398 2662 5453 τούτου.
2714 5393 2868 5461 Εἷδές
2915 5415 3039 5453 τινα
3097 5398 3370 5465 πεσόντας
3420 5396 3579 5451 Μάθε
3629 5398 3711 5453 ὅτι
3764 5397 3907 5467 αὐτῷ

2336 5487 2674 5561 ὲστοίχησεν.
2727 5489 2898 5544 Οὐδὲν
2944 5489 3245 5563 βαρύτερον
3284 5488 3379 5543 τοῦ
3430 5492 3665 5560 στοιχείν
3713 5488 3904 5558 ἑαυτῷ.

2338 5578 2491 5633 οὐδὲν
2538 5579 2729 5636 τούτου
2781 5579 3191 5653 ὀλεθριώτερον.
3234 5578 3538 5640 Ἐσκέπασέ
3575 5599 3645 5653 με
3684 5584 3712 5635 ὸ
3759 5580 3904 5645 Θεὸς,

2345 5672 2440 5724 καὶ
2489 5672 2577 5727 ἀεὶ
2609 5671 2887 5745 ἐφοϐήθην
2918 5673 3012 5729 τὸν
3042 5673 3288 5729 κίνδυνον
3331 5670 3543 5728 τοῦτον.
3590 5673 3718 5729 Ὅτε
3765 5672 3905 5742 ἥμην
