4020 6340
161 390 304 456 1681

1557 395 1933 458 DOCTRINA
1965 401 2030 460 V.

3279 399 3415 462 1682

156 505 247 566 εις
288 503 350 556 1:6
397 503 691 570 κοινόὸιον,
724 504 904 565 πάντα
938 504 1272 576 ἀνετιθὲμην
1314 506 1392 575 τῷ
1418 507 1634 577 γέροντι
1661 507 1715 575 τί

1845 509 2105 567 uiciosius
2137 528 2298 582 quam
2333 527 2391 566 se
2414 511 2587 581 ipsum
2626 526 2827 581 regere.
2861 511 3102 566 Protexit
3131 528 3218 568 me
3254 513 3412 578 Dens.

153 595 313 664 ἁσόᾷ
354 595 577 665 Ἰωάννῃ
597 611 611 626 ·
645 594 900 648 οὐδέποτε
927 595 1058 664 γὰρ,
1091 595 1273 657 καθὼς
1309 592 1480 662 εἷπον,
1512 599 1734 666 ἠνεσχὸ-

158 681 278 750 μὴν
314 682 538 751 ποιῆσαί
579 699 631 735 τι
657 682 781 752 δίχα
824 682 1069 753 γνώμης.
1107 684 1218 737 Καὶ
1261 683 1409 738 ἐστιν
1450 687 1538 738 ὅτε
1569 686 1737 754 ,ἔλεγέ

158 790 262 840 μοι
285 777 313 826 6
338 774 622 844 λογισμὸς,
649 794 667 827 ι
696 776 771 828 Οὐ
793 775 910 829 τόδε
937 793 1019 828 σοι
1047 775 1160 846 ἔχει
1183 778 1357 829 εἰπεῖν
1386 778 1415 830 6
1450 777 1645 845 λέγων.
1670 779 1736 831 Τί

153 867 340 930 θέλεις
386 868 612 938 ὀχλῆσαι
658 868 837 940 αύτῷ;
900 887 918 921 ι
975 869 1069 921 καὶ
1120 868 1305 939 ἔλεγον
1349 869 1429 941 τῷ
1466 870 1731 940 λογισμῷ,

160 977 182 1009 ε
235 959 512 1030 Ἀνάθεμά
545 975 649 1024 σοι,
694 962 787 1015 καὶ
816 963 881 1032 τῇ
910 960 1180 1032 διακρίσει
1213 978 1331 1026 σου,
1371 961 1466 1015 καὶ
1492 964 1560 1032 τῇ
1612 980 1735 1014 συν-

152 1050 277 1104 ἐσει
324 1067 440 1112 σου.
471 1051 568 1105 καὶ
601 1053 670 1122 τῇ
701 1053 960 1122 φρονήσει
989 1069 1105 1125 σου,
1137 1051 1232 1105 καὶ
1260 1055 1326 1123 τῇ
1358 1052 1563 1122 είδήσει
1615 1069 1728 1116 σου,

149 1140 244 1193 ὅτι
265 1141 297 1194 6
325 1138 498 1206 οἶδας,
531 1142 640 1197 ἀπὸ
662 1143 932 1214 δαιμόνων
965 1139 1131 1206 οἶδας.
1171 1163 1190 1196 ι
1233 1145 1585 1215 Ἀπηρχόμην
1613 1141 1727 1211 οὖν,

147 1233 257 1287 καὶ
309 1235 556 1304 ἠρώτουν
600 1237 692 1290 τὸν
737 1237 989 1306 γέροντα,
1039 1239 1132 1291 καὶ
1178 1237 1593 1308 ωμσαίνειιὸτι
1633 1239 1730 1291 καὶ

147 1322 330 1378 ὶνίοτε
347 1326 669 1397 ἀπεκρίνετό
692 1345 784 1396 μοι
799 1328 890 1381 τὸν
910 1328 1066 1396 λόγον
1087 1329 1317 1392 ἐκεῖνον,
1331 1329 1390 1382 ὃν
1412 1326 1728 1400 ὲ[νε]θυμήο

145 1413 278 1483 θην,
320 1417 416 1469 καὶ⁵
463 1416 647 1470 λοιπὸν
691 1416 842 1486 ἔλεγέ
879 1435 970 1489 μοι
1012 1419 1042 1472 6
1081 1417 1374 1489 λογισμόςο
1421 1439 1439 1471 ι
1483 1417 1549 1471 Τί
1597 1413 1723 1483 οὗνς

150 1501 272 1556 ίδοίι
309 1503 444 1557 αὐτό
472 1505 621 1558 ἐστιν
650 1505 680 1558 ὃ
727 1502 900 1569 εἷπον,
937 1506 1013 1578 μὴ
1059 1509 1159 1560 οὐκ
1199 1508 1442 1577 ἀκαίρως
1471 1505 1725 1576 ὢχλησας

143 1591 246 1646 τὸν
276 1594 544 1664 γέροντα;
604 1614 622 1646 ι
658 1596 771 1650 Καὶ
825 1596 1008 1665 ελεγον
1051 1597 1130 1668 τῷ
1175 1597 1460 1669 λογισμῷ·
1515 1616 1533 1646 ι
1584 1596 1723 1649 Ἀλλ’

145 1680 280 1749 ἄρτι
308 1682 474 1736 καλόν
511 1686 680 1748 ἐστιν,
708 1684 835 1756 ἄρτι
866 1686 975 1740 ἀπὺ
999 1687 1314 1758 Πνεύματος
1346 1687 1501 1755 ἀγίου
1528 1687 1664 1740 ὲστί.
1698 1704 1718 1738 ι

144 1769 192 1819 Τ
193 1768 226 1822 6
261 1770 357 1824 σδν
381 1773 490 1843 γὰρ
518 1776 752 1845 πονηρόν
780 1777 946 1840 ἐστιν,
982 1777 1091 1830 ἀπὸ
1115 1777 1387 1847 δαιμόνων
1415 1777 1587 1841 ἐστὶν,
1613 1777 1724 1830 ἀπὸ

1846 603 2038 669 fateor,
2093 615 2144 658 ct
2186 621 2400 675 semper
2438 613 2641 659 tutatus
2692 615 2775 660 est
2821 606 2890 659 ab
2919 607 3017 659 hac
3049 607 3205 660 ruina
3241 616 3294 660 et
3347 609 3414 659 ab

1845 693 1948 748 hoc
2013 696 2275 763 periculo.
2326 697 2462 750 Cum
2514 711 2692 751 essem
2740 697 2915 750 adhuc
2956 712 3079 748 cum
3113 697 3319 750 caeteris
3360 687 3451 748 in'

1840 787 2114 849 cmnobio,
2139 788 2464 856 reponebam
2501 802 2714 856 semper
2747 788 2928 840 omnia
2973 788 3110 856 apud
3163 788 3409 840 abbatem

1839 871 2102 929 Joannem
2146 877 2439 939 seniorem,
2489 892 2588 930 nec
2623 876 2913 944 aliquando
2960 876 3192 929 sustinui
3254 875 3410 943 quid-

1838 981 2000 1034 quam
2027 965 2204 1021 faccrc
2235 976 2428 1036 prteter
2454 967 2574 1036 ejus
2605 967 2960 1022 voluntatem.
3015 964 3171 1032 Quod
3212 966 3254 1018 si
3305 965 3407 1016 Ini-

1838 1056 1893 1109 lti
1948 1057 2241 1126 aliquando
2282 1060 2539 1129 cogitatio
2584 1069 2638 1115 et
2678 1075 2829 1113 mens
2871 1073 2989 1112 mea
3023 1057 3406 1126 respondisset,

1835 1147 2190 1217 dixissetque,
2243 1167 2262 1200 ι
2323 1149 2463 1216 Quid
2503 1165 2648 1203 nunc
2684 1149 2902 1202 turbare
2939 1162 3120 1202 senem
3174 1163 3363 1217 pergas
3388 1149 3409 1196 ’ί

1836 1236 1940 1290 hoc
1965 1237 2059 1291 tibi
2087 1238 2332 1293 dicturus
2356 1248 2440 1293 est
2484 1239 2629 1309 quod
2657 1254 2756 1306 ego
2783 1255 2796 1290 ε
2826 1258 2841 1288 ι
2893 1237 3065 1292 Iratus
3109 1238 3161 1291 in
3203 1238 3408 1305 cogita—

1809 1328 2035 1383 'tionem
2063 1330 2434 1400 hujuscemodi
2467 1345 2641 1384 meam
2672 1330 3004 1383 referebam:
3041 1347 3060 1380 ι
3107 1328 3405 1382 Anatlicma

1834 1417 1952 1471 tibi.
1986 1417 2260 1488 Quidquid
2283 1419 2474 1487 judicii
2506 1428 2589 1475 est
2609 1419 2733 1483 tibi,
2775 1418 3035 1487 quidquid
3066 1417 3406 1471 disert-tionis

1831 1517 1936 1572 est,
1973 1510 2236 1578 quidquid
2262 1510 2582 1580 prudentiae,
2616 1509 2879 1579 quidquid
2920 1509 3301 1578 intelligentiae,
3350 1507 3402 1561 id

1831 1611 1992 1652 omne
2022 1597 2116 1651 tibi
2148 1613 2178 1651 a
2216 1599 2553 1653 daemonibus
2600 1607 2702 1653 est.
2742 1618 2760 1648 ι
2813 1597 2976 1652 Recta
3023 1597 3182 1668 igitur
3221 1596 3401 1650 statim

1831 1687 1896 1741 ad
1939 1695 2148 1756 patrem
2199 1689 2602 1756 proficiscebar,
2652 1690 2959 1758 smpiusque
3004 1689 3198 1741 accidit
3245 1697 3303 1740 ut
3351 1687 3401 1740 id

1829 1777 2005 1846 ipsum
2053 1779 2184 1832 mihi
2239 1794 2400 1833 senex
2433 1780 2784 1849 responderet
2830 1779 2971 1849 quod
3001 1788 3124 1832 ante
3149 1779 3402 1846 cogitatio

144 1859 440 1928 ὲμπαθοῦς
473 1864 857 1930 καταπάσεὼς
896 1867 1033 1920 ἐστι.
1073 1885 1093 1919 ι
1127 1868 1238 1922 Καὶ
1264 1865 1439 1929 οὕτως
1467 1866 1715 1920 οὐδέποτε

1828 1880 1946 1920 mea
1990 1867 2356 1935 prtemcditata
2399 1875 2533 1920 erat.
2581 1868 2878 1921 lnsultabat
2943 1869 3030 1920 illa
3079 1867 3238 1946 igitur
3264 1876 3398 1934 post-

144 1951 495 2022 συνεχώρουν
552 1954 632 2026 τῷ
683 1957 928 2027 λογισμῷ
975 1957 1262 2028 πεισθῆναι
1313 1957 1539 2027 ἐμαυτῷ
1593 1957 1722 2012 ἄνευ

142 2042 581 2112 ἐπερωτήσεωςο
642 2047 740 2101 καὶ
791 2048 1120 2103 πιστεύσατὲ
1175 2067 1290 2119 μοι,
1323 2048 1573 2117 ἀδελφοὶ,
1640 2048 1723 2102 ὅτι

141 2134 298 2205 ήμην
330 2137 388 2187 ἐν
421 2137 630 2209 μεγάλῃ
678 2140 1007 2205 ἀναπαύσει,
1039 2142 1098 2194 ἐν
1131 2141 1346 2213 μεγάλῃ
1374 2141 1713 2211 ἀμεριμνίᾳ·

140 2221 290 2276 ὥστε
349 2243 415 2295 με
456 2228 552 2280 καὶ
600 2228 974 2300 δυσχεραίνειν
1018 2230 1112 2284 ἐπὶ
1161 2230 1370 2301 τούτῳο
1423 2231 1605 2292 καθὼς
1629 2230 1723 2283 καὶ

139 2314 338 2368 ἄλλοτε
380 2313 498 2371 οἴδα
527 2321 700 2373 είπεῖν
727 2323 876 2392 ὑμῖν.
913 2324 1146 2376 Ἤκουον
1175 2323 1307 2393 γὰρ,
1338 2323 1422 2375 ὅτι
1447 2322 1551 2377 Διὰ
1569 2324 1719 2374 πολ-

71 2426 84 2435 ·
136 2404 273 2459 ,ζῶν
306 2409 572 2476 θλίψεων
615 2411 711 2466 δεῖ
733 2412 895 2481 ’ἡμᾶς
932 2413 1231 2468 εἰσελθεῖν
1257 2415 1344 2479 εις
1376 2411 1492 2481 τὴν
1531 2412 1719 2476 ,ϐασι-

136 2499 324 2553 λείαν
359 2499 465 2554 τοῦ
527 2504 695 2568 Θεοῦ,
731 2504 824 2557 καὶ
872 2505 1099 2562 ἔϐλεπον
1149 2504 1342 2558 ἑαυτὸν
1400 2505 1476 2576 μὴ
1525 2505 1719 2575 ἔχοντα

141 2587 421 2658 μηδεμίαν
471 2591 671 2661 θλίψιν,
720 2595 815 2648 καὶ
860 2594 1199 2664 ἐφοϐούμην.
1256 2595 1350 2651 καὶ
1405 2597 1463 2648 ὲν
1513 2595 1717 2666 ἀπορίᾳ

136 2679 318 2749 ήμην,
354 2684 430 2754 μὴ
464 2683 749 2751 γινώσκων
793 2685 894 2755 τὴν
939 2686 1118 2738 αἰτίαν
1166 2686 1264 2754 τῆς
1302 2687 1558 2755 τοιαύτης
1588 2687 1716 2738 ἀνα-

137 2768 419 2835 παύσεως,
442 2773 547 2836 ἕως
574 2769 636 2830 οὗ
665 2776 900 2845 ἐδήλωσὲ
938 2794 1026 2844 μοι
1047 2775 1075 2826 6
1108 2777 1307 2846 γέρων,
1336 2777 1418 2828 ὅτι
1448 2795 1464 2827 ι
1496 2775 1570 2845 μὴ
1601 2776 1715 2828 θλι-

137 2856 264 2928 ⁶ᾖςο
299 2859 571 2927 Ἕκαστος
599 2865 707 2936 γὰρ
738 2865 948 2934 βάλλων
995 2866 1185 2919 ἑαυτὸν
1216 2869 1292 2928 εἰς
1323 2866 1569 2935 ὑπακοὴν
1604 2867 1714 2920 Πα-

137 2947 310 3016 τρῶν,
345 2951 553 3024 ταύτην
585 2956 685 3026 τὴν
736 2957 1042 3011 ἀνάπαυσιν
1090 2960 1182 3010 καὶ
1231 2958 1331 3028 τὴν
1378 2958 1713 3027 ἀμεριμνίαν

135 3039 276 3091 Erat.
305 3060 326 3091 ι

167 3058 276 3110 χει.
305 3060 326 3092 ι

1826 1957 2048 2010 inodum
2092 1958 2248 2010 mihi.
2289 1975 2306 2007 ι
2339 1957 2479 2022 Quid
2527 1958 2699 2025 ergo?
2741 1971 2806 2010 en
2861 1965 2920 2010 ut
2963 1957 3071 2010 dixi
3109 1967 3209 2009 est.
3256 1956 3394 2019 Quid

1825 2059 2008 2100 senem
2050 2045 2391 2113 importunus
2435 2044 2809 2111 perturbasti?
2854 2061 2872 2092 ι
2921 2041 3018 2096 Cui
3054 2057 3154 2110 ego
3212 2052 3396 2093 contra

1825 2135 2218 2203 respondebam
2271 2154 2283 2188 :
2332 2152 2350 2185 ι
2398 2133 2553 2200 Nunc
2591 2134 2788 2186 bonum
2842 2141 2943 2192 est,
3007 2146 3149 2185 nunc
3199 2132 3247 2185 id
3305 2131 3394 2183 tibi

1825 2223 1925 2278 fuit
1976 2238 2006 2276 a
2047 2220 2248 2292 Spiritu
2308 2233 2516 2276 sancto.
2586 2221 2856 2291 Quidquid
2906 2221 3049 2275 enim
3103 2229 3253 2274 tuum
3291 2231 3393 2282 est,

1825 2327 1988 2366 omne
2017 2311 2218 2365 malum
2240 2318 2344 2373 est,
2363 2318 2417 2364 et
2439 2324 2468 2362 a
2492 2309 2739 2363 demone
2758 2317 2812 2362 et
2831 2309 2900 2362 ab
2924 2307 3109 2361 habitu
3130 2308 3342 2359 vitioso.
3371 2324 3389 2356 ι

1824 2401 2022 2472 Sicque
2056 2402 2290 2457 sustinui
2330 2415 2607 2470 nunquam
2642 2400 2952 2467 cogitationi
2999 2415 3130 2453 metu
3177 2399 3395 2450 credere

1819 2493 1924 2547 nisi
1965 2501 2170 2559 patrem
2214 2490 2609 2546 consultassem
2655 2490 2822 2558 prius.
2870 2488 2992 2552 Quo
3046 2489 3250 2542 factum
3304 2497 3388 2540 est

1819 2583 2062 2654 (credite
2114 2582 2257 2652 quod
2294 2581 2494 2645 dicam,
2550 2579 2754 2635 fratres
2806 2580 2902 2648 )ut
2940 2579 2994 2632 in
3014 2588 3159 2632 tanta
3181 2593 3419 2647 setnper'

1816 2675 1997 2744 quiete
2028 2681 2083 2726 et
2109 2671 2397 2726 securitate
2425 2684 2626 2732 essem,
2677 2676 2737 2721 ut
2771 2668 3088 2736 plerumque
3109 2668 3392 2735 paeniteret

1815 2780 1904 2821 me
1962 2772 2124 2818 tanta:
2173 2759 2598 2831 tranquillitatis.
2669 2758 2825 2823 Quod
2865 2758 3086 2812 memini
3117 2758 3253 2809 alias
3305 2773 3390 2808 me

1815 2855 1968 2910 vobis
2021 2853 2218 2922 saepius
2280 2852 2499 2905 dixisse.
2555 2848 2691 2902 Cum
2741 2848 2887 2902 enim
2935 2862 3042 2901 non
3087 2847 3388 2914 ignorarent

1814 2964 1944 3018 opus
1990 2962 2100 3000 esse
2149 2944 2298 2998 nobis
2350 2959 2440 3012 per
2492 2939 3386 2996 multastribulationesintrarent

1815 3055 2032 3110 regnum
2062 3037 2310 3090 caelorum
2336 3043 2386 3099 7,
2448 3035 2812 3114 sentircmque
2857 3046 2946 3088 mo
3001 3032 3176 3100 ipsum
3215 3043 3392 3099 neque

137 3151 307 3191 unam
362 3135 708 3194 amictionem
773 3141 931 3209 pati;
993 3142 1230 3207 angebar
1291 3144 1490 3197 mirum
1555 3142 1611 3194 in
1673 3138 1922 3200 modum,
1988 3133 2183 3196 fateor.
2241 3130 2442 3185 dUbius
2504 3117 2829 3198 ’ἰηεοίυεψιθ
2895 3127 3041 3182 υηάθ
3077 3129 3190 3182 ³⁸³εο
3227 3135 3390 3182 mm“

134 3224 341 3293 quietis
372 3240 536 3280 causa
568 3236 730 3283 esset.
763 3228 919 3294 Quod
951 3230 1084 3282 mihi
1117 3231 1336 3286 tandem
1371 3245 1538 3287 senex
1591 3227 1822 3298 aperuit,
1884 3220 2201 3288 monuitque
2273 3233 2343 3272 ne
2408 3232 2694 3272 mmrercm
2715 3257 2731 3282 ν
2791 3217 3013 3271 dicens:
3066 3216 3387 3284 Ουίίιυιιιιυε

136 3327 260 3368 sese
287 3315 524 3370 traderet
558 3317 610 3370 in
645 3326 856 3384 patrum
895 3320 1251 3375 obedientiam
1273 3364 1288 3387 ,
1314 3323 1463 3377 'banc
1495 3320 1710 3376 tandem
1735 3317 1968 3387 quietem
2002 3322 2055 3366 et
2083 3309 2429 3366 securitatem
2458 3325 2487 3362 a
2512 3308 2623 3362 Deo
2653 3309 2963 3363 necessario
2995 3309 3276 3376 consequi.

206 3409 646 3464 Ε’.Σπουδάσατε
677 3413 770 3466 καὶ
799 3413 955 3483 ὑμεῖς
991 3417 1295 3486 ἐπερωτᾷν,
1328 3417 1571 3483 ἀδελφοὶ,
1607 3416 1700 3469 καὶ

1870 3407 2027 3479 ἀοι
2061 3404 2127 3460 γ.
2169 3403 2391 3459 Studete
2450 3403 2614 3473 igitur
2670 3413 2724 3457 ct
2763 3417 2881 3466 vos,
2919 3402 3133 3465 fratres,
3194 3400 3383 3459 ert-bin

138 3499 218 3570 μὴ
252 3503 490 3570 στοιχεῖν
526 3503 741 3566 ἑαυτοῖς
760 3521 774 3534 ·
809 3503 1011 3575 μάθετε
1042 3506 1202 3560 ποίαν
1232 3507 1565 3577 ἀμεριμνίαν
1592 3506 1703 3576 ἔχει

134 3590 197 3643 τὸ
240 3592 498 3662 πρᾶγμα,
536 3587 697 3649 ποίαν
742 3597 937 3668 χαράν,
989 3598 1146 3652 ποίαν
1189 3600 1516 3654 ἀνάπαυσιν.
1564 3599 1703 3653 Ἀλλ’

108 3684 323 3756 ’ἐπειδὴ
369 3679 523 3741 εἷπον
559 3687 640 3740 ὅτι
689 3689 1232 3762 οὐδέποτεὲθλίϐην,
1281 3692 1548 3747 ἀκούσατε
1610 3693 1703 3746 καὶ

133 3775 263 3843 περὶ
302 3777 496 3828 τούτου
527 3778 676 3830 ποῖόν
718 3796 812 3846 μ
839 3763 1036 3852 συνέϐη
1066 3783 1184 3836 τότε
1203 3802 1215 3814 ·
1269 3785 1388 3837 Ἔτι
1418 3785 1566 3847 ὄντος
1599 3802 1700 3854 μου

135 3861 254 3913 ἐκεῖ
285 3863 346 3912 ὲν
371 3861 451 3931 τῷ
480 3865 750 3936 κοινοὸίῳ,
785 3869 930 3948 ἅπαξ
980 3871 1196 3937 ἐγένετό
1236 3891 1327 3942 μοι
1359 3874 1567 3944 μεγάλη
1610 3875 1702 3927 καὶ

133 3951 409 4021 ἀφόρητος
457 3951 624 4024 λύπη,
682 3958 776 4009 καὶ
821 3959 969 4027 ἥμην
1025 3950 1082 4013 ὲν
1132 3963 1355 4028 τοιούτῳ
1403 3965 1554 4030 κόπῳ
1607 3966 1700 4016 καὶ

136 4040 417 4108 στενώσει,
449 4043 525 4106 ὡς
559 4046 782 4114 ὑπάγων
809 4050 994 4118 σχεδὸν
1041 4047 1376 4123 παραδοῦναι
1405 4053 1502 4106 καὶ
1527 4053 1698 4124 αὐτὴν

133 4127 230 4197 τὴν
257 4129 442 4200 ψυχήν
480 4149 600 4202 μου.
629 4129 738 4188 Ἦν
760 4136 817 4191 δὲ
844 4140 875 4208 ἠ
908 4139 1085 4208 θλίψις
1114 4141 1295 4211 ἐκείνη
1320 4142 1380 4205 ἐξ
1408 4141 1697 4211 ἐπιϐουλῆς

115 4213 240 4273 λτῶν
273 4222 570 4292 δαιμόνων,
619 4227 712 4288 καί
760 4229 908 4283 ἔστιν
953 4234 982 4283 6
1012 4232 1254 4294 τοιοῦτος
1300 4234 1607 4303 πειρασμὸς
1631 4235 1697 4288 ὲκ

130 4309 224 4363 τοῦ
249 4313 447 4380 φθόνου
468 4317 578 4369 τῶν
608 4317 881 4387 δαιμόνων
924 4321 1323 4390 ἐπιφερόμενος
1341 4337 1355 4351 '
1394 4322 1696 4392 βαρύτατος

133 4401 252 4470 μὲν,
287 4404 651 4476 ὀλιγοχρόνιος
683 4409 758 4473 δὲ,
808 4409 996 4479 βαρὺς,
1039 4411 1331 4477 σκοτεινὸς,
1366 4413 1693 4486 ἀπαράκλη-

131 4507 240 4555 τος,
270 4494 347 4566 μὴ
377 4495 516 4566 ἔχων
550 4499 822 4568 μηδεμίαν
843 4502 1146 4558 ἀνάπαυσιν
1163 4520 1176 4533 ⁸
1198 4503 1334 4558 ἀλλά
1356 4508 1693 4578 πανταχόθεν

1806 3495 2170 3567 percunctari,
2196 3503 2251 3551 et
2283 3509 2381 3548 nec
2408 3509 2437 3548 a
2467 3495 2618 3547 vobis
2644 3492 2774 3562 ipsis
2811 3493 3025 3546 instrui.
3059 3496 3382 3562 CogImSt'ite

1805 3597 2061 3659 quantam
2076 3583 2521 3654 tranquillitatem
2556 3594 2608 3637 et
2634 3583 2887 3653 gaudium
2921 3597 3008 3637 rts
3039 3584 3138 3637 ista
3172 3584 3375 3638 atfcrat.

1808 3679 1910 3734 Sed
1943 3680 2071 3747 quia
2122 3676 2346 3746 praedixi
2403 3676 2640 3728 sensisse
2691 3689 2778 3728 me
2821 3675 3025 3727 nullam
3084 3676 3379 3742 aliquando

1803 3769 2170 3827 afﬂictionem,
2226 3765 2356 3834 quid
2387 3765 2517 3818 mihi
2579 3779 2701 3817 eum
2757 3765 2934 3815 adhuc
2981 3778 3153 3816 CSSCID
3180 3765 3232 3816 in
3264 3760 3378 3817 ca»,-

1803 3860 1987 3922 nobio,
2023 3855 2300 3917 acciderit,
2332 3853 2610 3909 advertite.
2651 3853 2816 3906 Incidi
2880 3852 3113 3920 quadam
3171 3854 3258 3907 die
3324 3857 3377 3908 in
3430 3853 3474 3895 )-

1801 3947 2036 4002 subitam
2101 3943 2508 4012 maximamque
2562 3942 2861 4004 tristitiam,
2916 3943 3060 3997 circa
3102 3959 3262 4013 quam
3287 3961 3378 3997 us.-

1798 4050 1905 4106 que
1932 4035 2065 4089 adeo
2092 4033 2404 4088 laborabam
2444 4033 2831 4103 sudabamque,
2879 4041 2938 4087 ut
2971 4050 3108 4112 pene
3138 4036 3375 4090 animam

1796 4126 2099 4182 redderem.
2132 4123 2366 4178 Amictio
2395 4133 2573 4180 autem
2609 4125 2724 4179 hate
2750 4133 2805 4178 et
2853 4126 3078 4181 tentatio
3127 4141 3192 4180 ex
3237 4127 3374 4181 iusi-

1796 4217 1902 4272 diis
1930 4217 2234 4270 daamonum
2268 4223 2406 4279 erat,
2441 4215 2491 4268 in
2526 4230 2610 4268 me
2633 4216 2807 4284 ipsum
2851 4215 2920 4268 ab
2942 4215 3049 4269 illis
3100 4215 3268 4272 livore
3320 4230 3375 4273 et

1796 4307 1999 4362 invidia
2024 4314 2299 4383 congesta.
2332 4305 2686 4368 Gravissima,
2713 4305 2956 4372 inquam,
2991 4315 3126 4369 erat,
3174 4316 3229 4362 et
3251 4322 3373 4376 par-

1794 4398 1846 4452 vi
1891 4398 2167 4473 temporis,
2217 4409 2436 4465 urgens,
2476 4393 2660 4458 dubia,
2707 4394 3016 4462 desperata,
3091 4399 3367 4463 continua,

1794 4503 1918 4557 qua:
1942 4487 2145 4541 nullam
2176 4485 2396 4538 haberet
2421 4481 2682 4549 requiem,
2744 4483 2837 4537 sed
2889 4487 2957 4539 ab
3009 4487 3158 4540 omni
3216 4497 3368 4553 parte

133 4582 412 4648 στένωσις.
454 4589 789 4658 πανταχόθεν
823 4593 1075 4661 πνιγμός.
1119 4593 1339 4665 Ταχέως
1371 4599 1428 4652 δὲ
1475 4570 1692 4673 ἔρχεται

1819 4575 2072 4643 diligeret,
2104 4572 2175 4632 ab
2201 4570 2345 4624 omni
2375 4579 2526 4638 parte
2571 4570 2878 4627 suﬂ‘ocaret.
2939 4576 3009 4627 At
3047 4583 3242 4643 praesto
3283 4585 3367 4628 est

130 4673 161 4740 ἡ
193 4673 353 4744 χάρις
383 4675 478 4728 τοῦ
523 4677 659 4731 Θεοῦ
688 4681 766 4743 είς
793 4681 893 4751 τὴν
918 4657 1114 4755 ψυχὴν,
1356 4657 1528 4757 οὐδεὶς
1540 4657 1687 4764 Λὴδύ-

1819 4662 2224 4730 Iniuscujusque
2253 4657 2421 4713 menti
2457 4659 2627 4728 gratia
2655 4661 2768 4724 Dei,
2829 4678 2950 4714 eum
3015 4662 3362 4716 aluit-tionem

148 4728 161 4740 ,
193 4728 224 4742 η
265 4728 276 4744 ,
332 4728 350 4737 -
539 4728 548 4729 ί
579 4728 651 4731 η-
691 4728 766 4743 -τν
805 4728 886 4751 --ι-
923 4728 1114 4755 γνΛΊἿ
1149 4728 1333 4761 """V't
1356 4728 1525 4757 VVV‘".
1563 4728 1687 4764 Ἰνυ-

130 4781 253 4819 νατο
306 4767 597 4837 βαστάσαι.
646 4773 832 4844 Ἤμην
877 4775 954 4843 δὲ,
1004 4778 1080 4843 ὡς
1129 4775 1304 4844 εἶπον,
1352 4786 1411 4838 ὲν
1461 4788 1684 4844 τοιούτω

1820 4750 2173 4820 tangustiam
2206 4748 2348 4804 ferre
2372 4751 2569 4803 amodo
2609 4766 2714 4805 non
2791 4755 2984 4821 quivit.
3037 4753 3148 4808 llac
3203 4755 3363 4824 igitur

306 4824 320 4837 ,
677 4824 822 4844 ην,-
883 4824 954 4843 --,
1007 4824 1076 4843 ..,
1129 4824 1304 4846 -..πη
1352 4824 1408 4838 ..ν
1471 4824 1684 4841 ww...”

131 4857 421 4946 πειρασμῷ
456 4861 553 4914 καὶ
590 4861 648 4914 ἑν
676 4864 900 4939 τοιαύτῃ
931 4872 1277 4942 στενοχωρίᾳ.
1327 4873 1416 4926 Ἐν
1452 4876 1550 4946 μιᾷ
1591 4839 1684 4928 οὖν

1819 4853 2000 4896 ressus
2029 4838 2273 4893 molestia
2293 4845 2350 4891 et
2387 4839 2682 4894 teutatione
2709 4857 2830 4895 cum
2881 4855 3015 4908 pene
3048 4841 3360 4929 deficerem,

127 4923 231 5002 τῶν
269 4923 500 5022 ἡμερῶν
529 4953 588 5006 ὲν
619 4955 728 5027 ὅσῳ
762 4923 988 5030 ἵσταμαι
1019 4923 1118 5025 ei;
1131 4923 1192 5016 τό
1221 4923 1432 5033 άίθρων

1821 4929 2013 4983 uadam
2043 4927 2131 4982 die
2153 4928 2208 4981 in
2237 4927 2374 4983 atrio
2402 4932 2713 4984 monasterii
2740 4930 2903 4983 Deum
2951 4931 3318 4998 supplicabant

127 5015 437 5111 ναστηρίου,
474 5015 752 5120 όλιγωριῖλν
943 5015 1682 5123 παρακαλῶνήπερὶτούςτου

1819 5032 1905 5073 um
1962 5029 2088 5072 ecce
2143 5016 2198 5069 in
2253 5015 2482 5071 ecclesia
2539 5017 2718 5072 subito
2758 5017 3130 5072 animadverto
3181 5021 3360 5075 virum

127 5129 212 5182 τὸν
239 5106 399 5199 έεδν,
421 5106 692 5206 ἀἰφνίδιον
714 5140 967 5210 προσέχω
995 5106 1108 5195 ἔσω
1131 5145 1211 5206 είς
1241 5143 1339 5214 τὴν
1367 5106 1683 5214 ὲακλησίαν,

1819 5106 2168 5164 rarissimum
2201 5106 2497 5178 episcopali
2543 5110 2818 5165 scbeate
2867 5114 3142 5174 ornatum,
3201 5124 3358 5166 sacra

129 5221 218 5273 καὶ
251 5223 436 5293 sum
457 5205 664 5294 τινάὲν
692 5205 934 5302 eximar:
960 5205 1261 5287 ἐπισκόπου
1294 5205 1586 5307 ξυροῦντα,
1610 5205 1684 5301 ὡς

1819 5208 2043 5264 nauibus
2064 5205 2228 5276 ferre,
2276 5222 2342 5263 ac
2401 5210 2768 5266 sanctuarlum
2815 5207 3045 5276 ing‘redi.
3076 5210 3190 5283 Ego
3221 5228 3354 5270 vero

131 5309 313 5385 μυίνον
346 5314 728 5388 εἰσερχόμενον
757 5319 841 5384 είς
882 5318 945 5372 τὺ
988 5316 1272 5393 ίερατεῖον.
1315 5322 1583 5378 Οὐδέποτε
1627 5325 1686 5378 δὲ

1819 5317 2018 5364 ιαωτηα
2049 5307 2413 5365 instructions
2436 5320 2492 5365 et
2527 5309 2694 5365 veteri
2736 5307 3140 5365 consuetudine
3168 5312 3357 5381 hospi-

129 5398 453 5472 ἐπλησίαζον
482 5406 635 5475 ξύνον
661 5407 785 5479 δίχα
816 5409 1085 5483 ἀνάγκης,
1117 5411 1152 5481 ἦ
1192 5409 1496 5485 ἐπιτροπῆς
1517 5430 1532 5445 ’
1568 5417 1684 5472 ἀλλ’

1819 5409 1938 5464 ibus
1978 5423 2254 5485 nunquam
2295 5411 2633 5468 adbaarebam
2665 5407 3006 5482 aut‘injussu
3051 5414 3222 5483 patris
3260 5423 3356 5467 aut

128 5485 200 5588 ὥς
238 5490 295 5589 τί
330 5508 464 5589 τωτε
499 5495 682 5589 εσυρέΔ
708 5515 776 5570 με
822 5500 968 5575 τότε,
1021 5502 1116 5558 καὶ
1163 5483 1478 5575 εἰσέρχομαι
1508 5505 1682 5562 ὀπίσω

1819 5509 1903 5563 ine
1960 5483 2302 5568 necessitate.
2359 5514 2436 5568 Eo
2499 5527 2626 5568 vero
2679 5519 2922 5584 tempore
2981 5525 3235 5585 tanquam
3283 5515 3352 5568 ab

133 5580 312 5642 ιῠτοῦ,
359 5580 455 5634 καὶ
485 5583 637 5651 μένει
668 5585 954 5658 ίστάμενος
1001 5589 1095 5642 ἐπὶ
1134 5591 1339 5658 ίκανδν,
1391 5593 1530 5666 ἔχων
1584 5597 1682 5658 τὰς

1819 5599 1902 5654 ilio
1929 5600 2193 5670 traherer,
2226 5605 2550 5660 subsecutus
2571 5616 2695 5659 eum
2729 5580 2872 5662 suis.
2905 5606 3005 5673 Qui
3063 5580 3157 5674 per
3211 5605 3350 5660 intc—

189 5755 223 5797 ->
245 5749 363 5808 Act.
397 5767 511 5821 xw,
537 5754 628 5819 2i.
