4020 6340
685 397 822 463 16x3

1878 393 2357 480 S,’DOROTHEI
2394 399 2708 460 ABBATIS

3766 400 3875 462 1684

677 521 827 575 gram
857 505 968 560 fere
990 505 1177 560 horam
1203 505 1400 563 erectis
1430 507 1493 562 ad
1525 508 1721 564 emittm
1759 507 2006 561 manibus
2031 506 2223 560 oravit.

2352 508 2512 576 [εἴρας
2561 506 2726 562 αὐτοῦ
2765 506 3132 578 ἑκτηεταμένας
3182 510 3263 572 είς
3308 507 3399 563 τδν
3449 506 3700 578 οὐρανὸν,
3745 510 3876 577 ιάτὼ

677 592 894 663 Egoque
922 594 1122 662 pariter
1153 602 1277 663 post
1303 595 1476 664 ipsum
1500 606 1654 651 stans
1687 610 1810 650 cum
1849 610 2045 664 magno
2077 595 2230 648 timo-

677 699 736 737 re
767 684 1161 752 supplicabam.
1193 683 1423 753 lnjectus
1451 688 1597 741 enim
1629 697 1804 742 terror
1833 697 1948 743 erat
1964 687 2228 756 plurimus

593 788 598 792 '
677 789 738 825 ex
778 773 922 826 illius
960 765 1179 841 aspectu
1203 775 1514 830 venerabili.
1569 776 1705 831 Cum
1758 786 1937 831 autem
1989 777 2058 831 ah
2104 791 2229 832 ora-

679 862 822 916 tione
851 864 1196 928 surrexisset,
1233 861 1296 920 ad
1332 881 1418 920 me
1443 882 1738 922 conversus
1795 869 1961 933 venit,
1997 876 2231 937 quanto-

676 967 780 1018 que
802 953 932 1007 mihi
971 955 1186 1022 propior
1229 956 1400 1020 ﬁeret,
1447 964 1601 1011 tanto
1642 957 1940 1013 sentiebam
1996 957 2233 1012 amoveri

675 1059 706 1096 a
726 1059 808 1096 me
837 1044 1106 1100 tristitiam
1138 1059 1191 1100 et
1220 1061 1494 1114 pavorem.
1519 1045 1583 1102 Ut
1603 1058 1778 1101 autem
1803 1062 1967 1116 penes
1990 1063 2074 1101 me
2106 1047 2228 1114 fuit,

685 1136 976 1191 extendens
1000 1152 1240 1202 manum,
1262 1147 1448 1207 pectus
1473 1153 1650 1192 meum
1678 1139 1860 1208 digitis
1881 1139 2232 1207 percutiebat,

683 1221 870 1278 dicens
913 1239 928 1276 :
963 1208 1284 1294 Exspectant;
1330 1229 1618 1295 exspectavi
1663 1227 1963 1292 Dominum,
1993 1237 2041 1281 et
2070 1231 2236 1281 inlen-

679 1310 757 1364 dit
789 1313 913 1365 mihi
944 1330 962 1366 :
981 1324 1030 1367 et
1055 1317 1256 1368 audivit
1284 1333 1495 1396 precem.
1516 1334 1703 1372 meam.
1745 1317 1813 1370 Et
1859 1319 2037 1371 eduxit
2070 1335 2145 1371 me
2173 1319 2236 1372 de

678 1401 797 1454 lacu
833 1406 1056 1460 miseria:
1111 1415 1159 1458 et
1186 1406 1249 1460 de
1280 1406 1394 1459 luto
1420 1409 1585 1476 frecia.
1615 1407 1682 1460 Et
1708 1409 1898 1462 statuit
1931 1424 2090 1476 supra
2148 1426 2236 1476 pe-

681 1502 816 1544 tram
852 1492 1001 1558 pedes
1026 1509 1184 1556 meos,
1220 1504 1269 1547 et
1297 1496 1491 1549 direxit
1539 1512 1745 1565 gressus
1802 1513 1960 1549 meos.
2015 1497 2081 1550 Et
2138 1499 2238 1550 im-

2327 596 2504 649 ὀπίσω
2527 597 2692 650 αὑτοῦ
2726 598 2980 668 ἱστάμην,
3005 597 3145 668 μετὰ
3163 597 3356 680 πολλοῦ
3388 597 3556 666 φόϐου
3585 596 3872 667 εὐχόμενος.

2341 685 2590 753 Ἐγένετο
2621 687 2728 757 γάρ
2765 704 2852 758 μοι
2887 687 3060 742 δειλία
3091 687 3260 758 πολλὴ
3305 689 3370 741 ἑκ
3399 687 3502 757 τῆς
3531 687 3665 750 θέας
3711 687 3872 742 αὑτοῦ.

2329 774 2484 829 Μετὰ
2527 773 2582 825 δὲ
2633 773 2837 828 παῦσαι
2879 775 3040 829 αὑτὸν
3070 775 3171 846 τὴν
3222 777 3410 846 εὐχὴν,
3458 775 3757 845 στρέφεται
3799 778 3875 827 καὶ

2329 863 2543 936 ἔρχεται
2573 865 2708 936 πρὸς
2737 883 2827 936 με,
2861 868 2953 920 καὶ
2981 865 3211 920 καθόσον
3227 866 3420 938 ῆγγιξέ
3447 884 3561 935 μοι,
3583 865 3875 936 ᾐσθανόμην

2331 955 2405 1017 ὡς
2431 956 2820 1027 ὑποχωρούσης
2850 960 2944 1012 καὶ
2963 959 3066 1028 τῆς
3083 957 3261 1028 λύπης
3281 958 3492 1027 καὶτῆς
3519 957 3736 1020 δειλίας.
3765 953 3876 1008 Εἶτα

2333 1043 2407 1106 ὡς
2439 1044 2639 1114 ἐστάθη
2671 1044 2975 1116 ἔμπροσθέν
3003 1063 3128 1118 μου,
3160 1047 3390 1099 ἐκτείνει
3413 1045 3512 1115 τὴν
3534 1048 3694 1116 χεῖρα
3713 1045 3873 1108 αὐτοῦ,

2335 1136 2429 1188 καὶ
2459 1136 2687 1190 ἅπτεται
2719 1135 2814 1189 τοῦ
2859 1136 3088 1205 στήθους
3131 1154 3254 1207 μου,
3293 1136 3392 1190 καὶ
3421 1135 3612 1206 κρούει
3657 1139 3765 1197 τοῖς
3793 1137 3874 1188 δα-

2335 1225 2550 1289 κτύλοις
2594 1225 2758 1280 αὐτοῦ
2805 1227 2885 1288 είς
2919 1225 2980 1280 τὸ
3013 1227 3206 1296 στῆθός
3237 1243 3360 1296 μου,
3392 1225 3567 1292 λέγων
3588 1241 3605 1254 ο
3665 1221 3881 1290 Ὑπομέο

2336 1333 2462 1368 νων
2500 1316 2793 1384 ὑπέμεινα
2835 1315 2943 1369 τὸν
2983 1317 3220 1384 Κύριον,
3274 1317 3372 1369 καί
3419 1314 3730 1382 προσέσχε
3773 1329 3877 1380 μοι.

2339 1405 2435 1457 καὶ
2493 1403 2818 1472 είσήκουσέ
2882 1421 3037 1473 μου,
3097 1403 3208 1472 τῆς
3253 1403 3516 1470 δεήσεώς
3578 1419 3734 1471 μου,
3797 1398 3872 1454 καί

2338 1494 2600 1563 arm-are
2645 1511 2722 1562 με
2762 1495 2832 1548 ἐκ
2887 1494 3116 1549 λάκκου
3161 1496 3582 1566 ταλαιπωρίας,
3637 1490 3734 1544 καί
3781 1489 3881 1542 ἀπὸ

679 1581 850 1642 misit,
879 1583 934 1634 in
985 1599 1041 1635 os
1080 1600 1248 1636 meum
1295 1587 1558 1638 canticum
1615 1601 1822 1646 novum,
1869 1603 2079 1640 carmen
2130 1587 2237 1640 Deo

2352 1583 2538 1649 πηλοῦ
2593 1583 2782 1649 ίλύος.
2845 1583 2956 1636 Καὶ
3021 1582 3286 1651 ἔστησεν
3327 1581 3440 1652 ἐπὶ
3493 1579 3719 1647 πέτραν
3762 1576 3884 1642 τοὺς

679 1678 856 1730 nostra
883 1679 926 1724 ι.
962 1669 1025 1724 Et
1056 1673 1153 1727 bos
1183 1674 1477 1728 versiculos
1523 1689 1709 1730 omnes
1759 1675 1915 1728 tertio
1970 1685 2238 1744 repetens,

2352 1673 2531 1739 πόδας
2570 1690 2688 1741 μου
2741 1673 2841 1728 καί
2883 1674 3208 1730 κατεύθυνε
3261 1671 3334 1727 τὰ
3377 1669 3714 1740 διαδήματὰ
3759 1685 3882 1736 μου,

680 1766 884 1824 peetus,
919 1758 1131 1825 ut.dixi,
1167 1775 1339 1814 meum
1371 1776 1583 1830 semper
1610 1762 1945 1815 verberabat.
1982 1761 2058 1815 Eo
2091 1771 2240 1831 post-

2352 1763 2441 1818 καί
2479 1762 2766 1817 ἐνέϐαλεν
2817 1765 2905 1828 είς
2958 1763 3024 1817 τὸ
3062 1765 3256 1834 στόμα
3289 1779 3417 1832 ’μου
3458 1754 3626 1829 ᾆσμα
3673 1759 3883 1821 καινὸν,

681 1848 898 1900 modum
929 1850 1210 1903 recedente
1235 1849 1433 1904 factum
1462 1862 1544 1906 est
1579 1852 1818 1906 subitum
1845 1851 1897 1904 in
1930 1865 2016 1904 me
2036 1851 2237 1917 lumen,

2352 1853 2534 1923 ὕμνον
2577 1851 2657 1917 τῷ
2691 1852 2812 1917 Θεῷ
2855 1853 3043 1922 ἡμῶν.
3084 1852 3395 1920 Καὶ-λέγει
3432 1852 3587 1913 ὅλους
3631 1851 3754 1912 τοὺς
3787 1847 3886 1900 στί-

680 1935 957 2002 gaudium,
989 1941 1307 2005 consolatio,
1340 1941 1590 2006 dulcedo,
1614 1949 1667 1994 et
1694 1942 1746 1994 in
1771 1942 1936 1996 alium
1968 1951 2243 1997 transmu-

2352 1960 2474 2014 κους
2517 1944 2581 1995 ὲκ
2626 1943 2832 2013 τρίτου,
2865 1944 3100 2014 κρούων,
3139 1944 3226 2006 ,ὼς
3272 1938 3450 2006 εἷπον,
3479 1943 3559 2004 είς
3593 1940 3658 1992 τὸ
3708 1939 3884 2006 στῆθός

682 2037 827 2104 tatus
864 2045 1003 2083 sum.
1031 2030 1333 2085 Acenrrens
1355 2040 1535 2086 autem
1572 2033 1752 2088 subito
1820 2042 1880 2087 ut
1926 2047 2053 2088 eum
2106 2050 2243 2103 prae-

2352 2050 2472 2103 μου,
2517 2033 2612 2085 καὶ
2657 2030 2829 2096 οὕτως
2863 2030 3166 2103 ἐξέρχεται.
3191 2033 3322 2086 ’Καὶ
3353 2030 3558 2097 γίνεται
3595 2029 3792 2092 εὐθέως
3815 2031 3884 2088 είς

682 2117 942 2182 venirem,
975 2136 1238 2189 nusquam
1270 2123 1418 2176 illum
1448 2124 1625 2177 inveni
1651 2133 1744 2178 aut
1781 2125 1910 2178 vidi.
1943 2125 2026 2180 Ab
2058 2141 2125 2180 eo
2156 2127 2243 2182 die

2352 2124 2438 2194 τὴν
2467 2126 2691 2197 καρδίαν
2720 2143 2820 2197 μου
2852 2125 2988 2194 φῶς,
3016 2122 3185 2193 χαρὰ,
3207 2121 3569 2191 παράκλησις,
3603 2118 3882 2200 γλυκύτης,

683 2203 859 2259 divina
909 2207 1275 2266 misericordia
1337 2213 1482 2267 nulla
1529 2229 1616 2268 me
1668 2216 1811 2270 sensi
1871 2216 2238 2283 perturbatum

2352 2217 2437 2270 καὶ
2479 2217 2802 2289 εὑρίσκομαι
2851 2215 3009 2276 ἄλλος
3059 2213 3120 2276 ἐξ
3168 2212 3350 2266 ἄλλου.
3410 2212 3499 2274 Ὧς
3533 2209 3632 2264 οὖν
3681 2207 3885 2276 ἐξῆλθον

622 2331 637 2340 ,
682 2293 899 2348 tristitia
925 2297 1004 2351 vel
1054 2299 1266 2365 timore,
1304 2303 1395 2356 sed
1440 2311 1713 2371 protectus
1760 2319 1790 2356 a
1843 2302 2076 2358 Domino
2115 2319 2234 2358 sum

2352 2305 2553 2375 τρέχων
2598 2306 2772 2359 ὀπίσω
2817 2302 2981 2357 αὑτοῦ
3029 2300 3198 2354 θέλων
3234 2301 3436 2370 εὑρεῖν,
3479 2299 3573 2351 καὶ
3599 2298 3699 2365 οὐχ
3727 2290 3882 2363 εὗρον,

681 2400 895 2454 semper
926 2390 1176 2457 precibus
1203 2401 1512 2447 sanctorum
1537 2392 1752 2446 illorum
1795 2395 2093 2449 seniorum.

2352 2395 2456 2447 me
2489 2394 2706 2462 ἐγένετο
2734 2394 2976 2463 ἀφανήςο
3011 2390 3072 2455 ἐξ
3103 2390 3317 2460 ἐκείνης
3353 2391 3452 2459 τῆς
3475 2387 3648 2457 ὥρας,
3675 2385 3763 2439 διὰ
3787 2384 3880 2438 τῶν

677 2479 974 2545 οἰκτιρμῶν
1023 2479 1115 2531 τοῦ
1163 2480 1318 2543 Θεοῦ,
1370 2481 1467 2534 οὐκ
1505 2481 1585 2532 ἔτι
1628 2476 1743 2534 οἴδα
1793 2482 2029 2552 ἐμαυτὸν
2077 2482 2394 2551 ὀχληθέντα,
2445 2482 2570 2536 οὔτε
2602 2483 2708 2536 ὐπὸ
2734 2482 2934 2550 λύπης,
2997 2478 3122 2532 οὔτε
3182 2476 3286 2531 ὑπὸ
3349 2475 3578 2537 δειλίας·
3606 2474 3722 2527 ἀλλ’
3750 2476 3883 2527 έσκέ.

678 2565 818 2621 πασέ
859 2582 925 2634 με
975 2567 1002 2616 ὁ
1048 2567 1248 2637 Κύριος
1286 2567 1446 2638 μέχρι
1484 2567 1579 2622 τοῦ
1622 2568 1738 2632 νῦν,
1771 2570 1858 2623 διὰ
1906 2570 2016 2625 τῶν
2052 2571 2225 2641 εὐχῶν
2262 2573 2487 2627 ἐκείνων
2521 2573 2628 2626 τῶν
2667 2572 2836 2638 ἁγίων
2868 2569 3160 2638 γερόντων.

748 2657 836 2711 Ἣ.
865 2653 985 2712 Haec
1003 2656 1153 2713 vobis
1175 2657 1306 2723 dixi,
1333 2656 1550 2721 fratres,
1575 2660 1760 2714 volens
1783 2661 2064 2714 ostendere
2084 2675 2247 2730 quam

682 2746 1047 2808 securitatem,
1078 2761 1240 2814 quam
1267 2749 1499 2815 quietem
1521 2745 1716 2802 habeat
1771 2747 2243 2819 tranquillitatem-

682 2847 808 2900 que,
837 2834 980 2887 nulla
1013 2835 1065 2888 in
1097 2851 1154 2888 re
1193 2836 1426 2905 seipsum
1460 2824 1763 2900 instituere,
1810 2837 1904 2892 sed
1943 2839 2125 2894 omnia
2149 2851 2248 2894 sua

683 2921 752 2977 ad
784 2923 1064 2976 Dominum
1088 2923 1307 2989 referre,
1335 2933 1388 2978 et
1415 2926 1468 2978 in
1495 2940 1590 2980 eos
1619 2926 1711 2994 qui
1744 2935 1867 2994 post
1906 2923 2082 2980 Deum
2113 2941 2246 2997 pos-

684 3024 812 3066 sunt
841 3029 934 3067 nos
964 3030 1166 3082 regere.
1203 3016 1397 3093 Discite
1423 3018 1587 3086 igitur
1613 3026 1668 3072 et
1695 3031 1811 3083 vos,
1842 3015 2057 3084 fratres,
2085 3019 2250 3074 inter-

685 3118 875 3171 rogare
902 3119 917 3168 ;
950 3103 1134 3168 discite
1170 3119 1267 3159 vos
1303 3105 1446 3174 ipsos
1477 3121 1580 3161 non
1606 3123 1807 3177 regere,
1847 3123 2009 3177 quam
2042 3110 2242 3164 bonum

685 3187 788 3242 sit:
818 3188 916 3242 hoc
935 3191 1075 3242 enim
1105 3192 1400 3260 humilitas,
1425 3195 1526 3248 boc
1547 3194 1718 3263 quies,
1741 3196 1842 3250 hoc
1862 3197 2116 3267 gamlium
2141 3208 2246 3252 est.

684 3276 816 3341 Quis
853 3280 994 3332 enim
1032 3296 1180 3346 usus,
1220 3283 1389 3338 otiosa
1419 3286 1659 3354 quaedam
1692 3287 2065 3342 sectari?Non
2092 3288 2252 3342 licere

687 3360 864 3419 autem
925 3370 1078 3423 aliter
1131 3372 1328 3427 salvari
1358 3390 1518 3443 quam
1552 3377 1651 3438 sic,
1679 3375 1907 3432 fortasse
1931 3378 2129 3446 aliquis
2158 3393 2253 3430 co-

690 3452 844 3518 gitat,
863 3454 1249 3524 meditaturque
1273 3461 1542 3528 quomodo
1562 3463 1751 3516 habeat
1766 3479 1923 3532 quem
1944 3466 2253 3533 interroget.

693 3541 824 3608 quid
864 3543 1002 3597 facto
1037 3561 1171 3612 opus
1194 3548 1282 3601 sit.
1313 3549 1628 3619 Quicunque
1657 3563 1788 3607 sane
1845 3546 2094 3618 voluerit,
2148 3569 2253 3609 non

692 3632 1028 3689 dissimulate
1077 3637 1399 3693 voluntatem
1431 3639 1520 3694 Dei
1553 3641 1745 3705 facere,
1783 3658 2058 3712 nunquam
2105 3645 2255 3697 illum

694 3727 924 3793 patietur
961 3729 1096 3782 Deus
1136 3730 1262 3793 labi,
1297 3731 1389 3785 sed
1419 3746 1631 3799 semper
1675 3748 1798 3786 eum
1826 3733 2019 3801 diriget
2051 3733 2103 3785 in
2159 3748 2255 3786 vo-

695 3817 952 3870 luntatem
978 3834 1153 3873 suam.
1180 3818 1245 3871 Et
1279 3819 1528 3889 quisquis
1558 3836 1658 3882 .eor
1686 3837 1845 3876 suum
1875 3821 2133 3876 direxerit
2180 3823 2248 3876 ad

695 3907 926 3961 divinam
961 3909 1310 3974 voluntatem,
1352 3911 1437 3965 hic
1478 3928 1701 3980 puerum
1745 3917 1990 3980 quamvis
2032 3928 2254 3982 parvum

697 3998 830 4048 adeo
867 4000 1224 4054 illuminatum
1261 4002 1574 4056 mirabiliter
1599 4004 1852 4070 oﬂ’endet,
1889 4019 2045 4073 aquo
2105 4015 2257 4073 pote-

701 4085 772 4139 rit
800 4088 1121 4144 voluntatem
1144 4089 1237 4146 Dei
1263 4092 1490 4146 discere.
1532 4092 1685 4156 Quod
1735 4096 1778 4148 si
1819 4095 1943 4161 quis
2004 4096 2257 4149 simulate

700 4175 970 4243 quaesierit
1002 4181 1324 4236 voluntatem
1359 4180 1453 4234 Dei
1507 4190 1560 4234 et
1592 4181 1659 4234 ad
1709 4182 2022 4249 prophetam
2071 4185 2258 4238 scisci-

701 4271 916 4316 taturus
934 4265 1143 4330 abierit,
1171 4268 1321 4323 cordi
1348 4269 1466 4338 ejus
1488 4267 1674 4336 iniquo
1697 4272 1699 4274 ’
1735 4267 1861 4334 quid
1911 4270 2255 4335 respondeat,

700 4352 846 4406 dabit
880 4353 1018 4417 Deus
1041 4355 1093 4406 in
1121 4370 1213 4409 cor
1243 4360 1535 4426 propheta).
1569 4357 1643 4410 Ita
1676 4357 1817 4410 enim
1840 4353 2252 4422 aitScriptura:

701 4441 760 4497 Si
794 4452 968 4495 autent
996 4447 1268 4510 erraverit,
1303 4447 1460 4517 402
1485 4458 1534 4501 et
1567 4449 1768 4502 locutus
1795 4446 1954 4515 fuerit
1981 4447 2252 4514 propheta,

699 4551 791 4604 ego
823 4537 1074 4588 Dominus
1099 4551 1278 4588 errare
1309 4537 1406 4604 feci
1429 4541 1734 4608 prophetam
1762 4537 1916 4591 illum
1938 4549 1985 4589 δ.
2007 4535 2256 4591 Nostrum

701 4628 864 4696 igitur
887 4638 989 4693 est.
1022 4627 1238 4693 fl'all'cS.
1266 4643 1364 4686 nos
1394 4630 1533 4697 ipsos
1558 4634 1682 4686 totis
1716 4631 1924 4686 viribus
1963 4629 2029 4683 ad
2074 4614 2261 4682 volun-

702 4728 864 4772 tatem
892 4718 983 4773 Dei
1013 4719 1267 4788 dirigere,
1303 4733 1402 4772 nec
1424 4723 1637 4788 proprio
1664 4723 1809 4776 cordi
1831 4721 2111 4791 quidpiam
2141 4733 2262 4773 cre-

701 4808 849 4861 dere.
882 4808 985 4862 Sed
1017 4808 1061 4862 si
1092 4806 1222 4876 quid
1256 4806 1412 4860 nobis
1444 4808 1594 4863 bona:
1623 4812 1694 4864 rei
1732 4811 1911 4874 fuerit,
1941 4811 2254 4864 audiamus-

703 4909 807 4961 que
836 4896 902 4947 ab
924 4895 1106 4963 aliquo
1140 4882 1416 4949 seniorum
1468 4896 1590 4962 quia
1641 4898 1778 4951 bona
1832 4907 1936 4959 est,
1998 4899 2258 4952 debemus

703 4984 918 5049 quidem
953 4984 1171 5039 credere
1209 4985 1335 5053 quia
1367 4983 1504 5036 bona
1527 4993 1609 5038 est
1632 5003 1646 5049 ;
1670 5003 1773 5041 non
1812 4998 1989 5042 autem
2019 4987 2256 5050 credere,

703 5072 848 5138 quod
881 5083 1004 5127 ante
1024 5074 1182 5130 nobis
1211 5074 1280 5129 sit
1311 5073 1426 5127 visa
1458 5073 1596 5127 bona
1624 5089 1762 5130 esse.
1797 5079 1860 5131 Et
1919 5078 2049 5147 quia
2109 5077 2258 5146 justa

704 5170 809 5224 est,
835 5163 988 5217 debet
1019 5165 1154 5231 ﬁeri,
1182 5181 1287 5221 non
1320 5173 1498 5219 autem
1524 5166 1661 5233 quod
1685 5167 1762 5221 sic
1788 5184 1908 5223 eam
1959 5169 2262 5238 Opinemur.

706 5251 1080 5320 Adjiciendunt
1109 5273 1326 5327 quoque
1362 5263 1446 5310 est
1470 5268 1578 5323 quo
1612 5265 1777 5322 pacto
1825 5260 1878 5313 id
1932 5260 2180 5321 fecimus,
2211 5265 2266 5312 et

706 5343 1022 5397 discendum
1053 5347 1094 5399 si
1152 5350 1280 5402 illud
1334 5349 1471 5402 bene
1521 5346 1747 5401 fecimus
1813 5367 1826 5400 :
1871 5361 1924 5404 et
1963 5360 2084 5420 post
2149 5352 2263 5404 inec

708 5436 910 5500 omnia,
954 5452 1129 5504 neque
1165 5439 1340 5494 adhuc
1383 5435 1792 5508 quiescendum,
1845 5442 1934 5494 sed
1987 5452 2053 5512 et,
2089 5442 2262 5495 susciv

708 5525 960 5592 piendum
1019 5529 1108 5583 Dei
1153 5530 1434 5596 judicium,
1493 5529 1940 5599 quemadmodum
1982 5542 2130 5601 pater
2179 5535 2266 5588 ille

786 5709 806 5734 ι
837 5702 973 5758 Psai.
1015 5721 1199 5771 xxxn,
1225 5709 1339 5762 2-4.
1419 5707 1636 5769 aDeut.
1666 5719 1782 5771 xm,
1815 5721 1852 5768 ι,
1883 5705 1929 5760 3.

2422 2664 2512 2729 ς’.
2554 2661 2738 2716 Ταῦτα
2759 2656 2912 2712 εἷπον
2945 2659 3094 2727 ὑμῖν,
3118 2658 3206 2710 ἵνα
3235 2655 3410 2723 γνῶτε
3439 2655 3613 2723 πόσην
3641 2653 3753 2724 ἔχει
3776 2653 3884 2706 ἀνὰ·

2350 2767 2549 2805 παυσιν
2581 2750 2677 2804 καὶ
2721 2749 3053 2820 ἀμεριμνίαν
3089 2748 3225 2816 μετὰ
3254 2747 3350 2798 καὶ
3378 2746 3557 2813 πάσης
3585 2743 3883 2812 ἀσφαλείας,

2348 2843 2409 2896 τὸ
2435 2841 2510 2912 μὴ
2539 2843 2772 2910 στοιχεῖν
2799 2844 2926 2893 τινα
2947 2838 3146 2907 ἑαυτῷ,
3172 2837 3290 2891 ἀλλ’
3319 2836 3662 2908 ὲπιρῤίπτειν
3685 2836 3751 2888 τὰ
3781 2834 3884 2886 καθ’

2347 2926 2539 2985 ἑαυτὸν
2566 2927 2659 2980 ἐπὶ
2684 2926 2776 2980 τὸν
2804 2925 2958 2991 Θεὸν,
2989 2926 3082 2979 ἐπὶ
3109 2926 3233 2988 τοὺς
3255 2925 3585 2994 δυναμένους
3619 2923 3756 2993 μετὰ
3773 2922 3885 2976 Θεὸν

2347 3018 2611 3090 δδηγῆσαι
2640 3016 2801 3072 αὐτόν
2821 3032 2836 3046 ·
2866 3016 3063 3087 μάθετε
3084 3011 3176 3068 οὖν
3205 3015 3298 3069 καὶ
3327 3017 3484 3084 ὑμεῖς
3513 3015 3724 3086 ἐρωτᾷν
3754 3012 3886 3068 ἀδελ-

2353 3111 2478 3177 φοίο
2522 3109 2720 3180 μάθετε
2754 3107 2829 3181 μὴ
2868 3108 3096 3176 στοιχεῖν
3145 3107 3373 3170 ἑαυτοῖς,
3414 3106 3576 3160 καλὸν
3607 3109 3744 3159 ἐστι.
3791 3103 3884 3155 Ta-

2352 3199 2605 3263 πείνωσίς
2622 3201 2792 3263 ἐστιν,
2805 3197 3106 3260 ἀνάπαυσίς
3121 3197 3254 3259 ἐστι,
3272 3196 3415 3268 χαρά
3436 3198 3570 3248 ἐστι.
3591 3189 3687 3257 Τίς
3704 3196 3737 3264 ἡ
3753 3193 3887 3263 χρεία

2341 3287 2516 3342 αὑτοῦ
2554 3289 2928 3360 συντρίϐεσθαι
2960 3307 3079 3344 τινα
3106 3286 3186 3354 είς
3211 3287 3422 3361 nam;
3457 3285 3571 3338 Οὐκ
3635 3282 3888 3353 ἐνδέχεταί

2353 3397 2473 3431 τινα
2497 3379 2666 3442 ἄλλως
2712 3379 2946 3448 σωθῆναι
2965 3381 3027 3438 ,εί
3052 3379 3126 3449 μὴ
3172 3378 3346 3440 οὕτως
3365 3395 3380 3411 ⁸
3423 3378 3553 3443 huc
3576 3374 3634 3426 δὲ
3663 3374 3889 3442 ἐνθυμεῖ-

2355 3470 2442 3520 ταί
2463 3486 2544 3529 τις
2564 3468 2644 3519 ὅτι
2677 3467 2769 3518 ἐὰν
2804 3467 2877 3536 μὴ
2907 3467 3016 3536 ἔχει
3037 3467 3119 3528 τίς
3149 3483 3269 3518 τινα
3310 3466 3681 3534 ἐπερωτῆσαι.
3720 3460 3770 3517 τί
3792 3459 3888 3526 ἔχει

2357 3557 2594 3626 ποιῆσαι.
2632 3557 2833 3615 Ὄντως
2862 3556 2953 3608 ἐὰν
2991 3557 3046 3607 ἐν
3077 3553 3306 3623 ἀληθείᾳ.
3356 3554 3559 3626 θελήσῃ
3599 3571 3683 3615 τις
3722 3553 3782 3604 τὸ
3812 3549 3885 3604 σι·

2356 3650 2504 3718 λημα
2553 3647 2644 3700 τοῦ
2695 3645 2829 3698 Θεοῦ
2879 3647 2937 3696 ὲν
2990 3647 3084 3716 ὅλῃ
3128 3645 3346 3716 καρδίᾳ,
3389 3645 3643 3696 οὐδέποτε
3691 3642 3889 3712 ἀφίησιν

2358 3740 2519 3792 αὑτὸν
2565 3740 2593 3790 ὁ
2639 3738 2800 3800 Θεός’
2843 3737 2978 3798 ἀλλὰ
3011 3738 3219 3802 πάντως
3262 3737 3448 3811 ᾢηγεῖ
3478 3736 3638 3788 αὑτὸν
3672 3733 3806 3788 κατὰ
3835 3731 3886 3784 τὸ

2359 3827 2569 3897 θέλημα
2615 3827 2796 3880 αὐτοῦ.
2832 3828 3034 3888 Ὄντως
3060 3828 3158 3880 ἐὰν
3185 3826 3487 3899 κατευθύνῃ
3529 3845 3612 3889 τις
3645 3826 3749 3899 τὴν
3776 3842 3886 3893 uap-

2357 3919 2476 3971 δίαν
2513 3919 2703 3971 ἑαυτοῦ
2747 3918 2879 3984 πρὸς
2914 3916 2972 3968 τὸ
3005 3917 3213 3986 θέλημα
3250 3917 3344 3969 τοῦ
3382 3898 3539 3982 Θεοῦ,
3577 3898 3782 3970 παιδίον
3813 3932 3887 3982 μι-

2359 4008 2489 4076 κρὸν
2524 4007 2743 4075 φωτίζει
2781 4007 2809 4057 ὁ
2839 4006 2968 4068 Θεὸς
3000 4007 3174 4058 εἰπεῖν
3203 4007 3349 4076 αὐτῷ
3376 4007 3436 4060 τὸ
3468 4008 3681 4076 θέλημα
3722 4005 3884 4060 αὑτοῦ.

2371 4100 2496 4154 Ἐὰν
2521 4100 2575 4152 δὲ
2612 4100 2684 4168 μὴ
2717 4098 2845 4172 θέλῃ
2886 4115 2967 4160 τις
3009 4097 3142 4167 μετά
3185 4097 3438 4168 ἀληθείας
3470 4098 3530 4150 τὸ
3577 4097 3784 4167 θέλημα
3809 4093 3886 4147 τοῦ

2357 4187 2515 4254 Θεοῦ,
2561 4187 2655 4241 καὶ
2709 4187 2852 4255 πρὸς
2899 4186 3184 4255 προφήτην
3228 4184 3321 4237 ἐὰν
3370 4184 3599 4253 ἀπέλθῃ,
3643 4185 3774 4254 πρὸς
3807 4181 3887 4250 τὴν

2359 4275 2586 4344 καρδίαν
2630 4273 2792 4327 αὐτοῦ
2822 4274 2919 4342 τὴν
2954 4259 3236 4346 στ’ρεελὴν,
3269 4271 3483 4325 δίδωσιν
3517 4272 3583 4342 δὴ
3613 4273 3641 4325 ὁ
3664 4270 3788 4332 Θεὸς
3823 4269 3887 4330 εἰς

2359 4364 2458 4433 τὴν
2487 4364 2710 4433 καρδίαν
2733 4364 2827 4418 τοῦ
2857 4365 3135 4434 προφήτου
3162 4361 3527 4431 ἀποκριθῆναι
3547 4361 3713 4430 αὐτῷ,
3735 4358 3889 4418 καθὼς

2358 4451 2505 4517 λέγει
2556 4454 2589 4521 ἡ
2641 4453 2863 4522 Γραφή·
2933 4450 3063 4505 Ἐὰν
3120 4449 3403 4518 ,πλανηθῇ
3436 4450 3536 4503 καὶ
3583 4445 3817 4513 λαλήσῃ
3863 4447 3888 4498 ὁ

2365 4537 2692 4604 προφήτης,
2715 4540 2846 4608 ,ἐγὼ
2878 4541 3085 4607 Κύριος
3123 4537 3444 4605 calda-mra
3475 4536 3581 4590 τὸν
3607 4533 3889 4604 προφήτην

2366 4625 2619 4680 ἐκεῖνον.
2654 4628 2753 4681 Διὰ
2795 4630 2950 4681 τοῦτο
2981 4628 3265 4700 ὀφείλομεν
3295 4628 3444 4702 πάσῃ
3472 4627 3697 4697 δυνάμει
3723 4641 3889 4678 κατευο

2369 4715 2549 4768 θύνειν
2594 4716 2818 4779 ἑαυτοὺς
2847 4717 2980 4786 πρὸς
3023 4719 3083 4772 τὸ
3115 4719 3324 4791 θέλημα
3355 4719 3449 4773 τοῦ
3494 4717 3651 4782 Θεοῦ,
3705 4716 3791 4769 καὶ
3828 4712 3888 4782 μὴ

2362 4801 2639 4855 πιστεύειν
2666 4803 2738 4870 τῇ
2769 4801 2876 4870 ίδίᾳ
2913 4803 3139 4873 καρδία·
3175 4805 3310 4858 ἀλλά
3358 4806 3451 4858 καὶ
3484 4806 3646 4859 καλὸν
3689 4804 3887 4874 πρᾶγμα

2363 4889 2457 4943 ὲὰν
2501 4885 2558 4962 ᾖ,
2604 4888 2698 4942 καὶ
2730 4889 3053 4960 ἀκούσωμεν
3081 4879 3418 4959 παράτινος
3447 4894 3600 4961 ἁγίου
3639 4894 3722 4946 ὅτι
3756 4889 3888 4943 καλόν

2365 4981 2532 5046 ἐστιν,
2563 4979 2846 5050 ὀφείλομεν
2879 4979 3020 5050 ἔχειν
3051 4980 3148 5050 μὲν
3183 4979 3264 5032 ὅτι
3308 4981 3493 5043 καλὸν,
3532 4980 3606 5049 μὴ
3645 4977 3888 5032 πιστεύειν

2366 5072 2422 5124 δὲ
2453 5073 2684 5137 ἑαυτοῖς,
2714 5071 2796 5124 δτι
2840 5071 2940 5142 ήδη
2990 5071 3084 5124 καὶ
3131 5069 3309 5132 καλῶς
3352 5069 3593 5138 ποιῶμεν
3619 5067 3772 5121 αὺτὸο
3812 5069 3889 5118 καὶ

2365 5162 2441 5226 ὡς
2466 5164 2687 5225 δικαίως
2713 5161 2911 5230 ὀφείλει
2939 5159 3211 5229 γενέσθαι.
3255 5159 3413 5213 Ἀλλὰ
3437 5159 3726 5229 ,ὀφείλομεν
3747 5157 3887 5212 ποιεῖν

2369 5253 2467 5324 μὲν
2495 5253 2595 5323 τὴν
2632 5253 2860 5322 δύναμιν
2905 5252 3081 5323 ἡμῶν,
3117 5251 3277 5305 πάλιν
3323 5251 3382 5304 δὲ
3429 5251 3786 5320 ἀνατίθεσθαι,
3815 5249 3888 5302 καὶ

2364 5345 2426 5398 τὸ
2463 5345 2581 5408 πῶς
2615 5344 2875 5414 ποιῶμεν,
2914 5345 3007 5397 καὶ
3047 5343 3334 5415 μανθάνειν
3368 5344 3418 5396 εί
3452 5343 3544 5396 καὶ
3586 5344 3755 5407 καλῶς
3783 5339 3886 5394 αὐτὸ

2365 5437 2699 5505 ἐποιήσαμεν
2718 5451 2732 5466 ⁶
2759 5435 2850 5488 καὶ
2869 5434 3006 5504 μετὰ
3027 5434 3216 5498 ταῦτα,
3246 5433 3380 5504 μήτε
3405 5432 3577 5497 οὕτως
3595 5432 3882 5506 ἀμεριμνᾷν,

2373 5528 2487 5585 ἀλλ’
2522 5527 2832 5597 ἐκδέχεσθαι
2877 5527 2967 5581 καὶ
3009 5526 3105 5596 τὴν
3144 5524 3235 5579 τοῦ
3269 5523 3404 5578 Θεοῦ
3439 5524 3641 5596 κρίσιν,
3678 5519 3888 5596 ὦσπερό
