4020 6340
177 471 307 537 1685
1516 479 1743 541 DOCTB

1846 482 1890 538 A
1920 478 2020 540 VI.
3240 480 3373 546 1686

169 583 312 651 ἅγιος
338 583 540 648 ἐκεῖνος
570 577 721 639 εἶπεν
782 586 1043 656 Ἀγάθων,
1079 590 1166 643 ὅτε
1199 590 1476 661 ἠρωτήθη,
1507 592 1616 644 Καὶ
1645 594 1707 644 σὺ
1738 641 1743 651 ,

1846 602 2030 646 auctus
2064 591 2306 662 Agathon
2330 593 2503 650 effecit
2525 613 2540 661 ;
2565 596 2680 666 qui,
2708 595 3067 668 interrogatus
3093 612 3160 652 an
3189 597 3377 655 formi-

169 672 550 745 φοὸᾖ,ιίάτερ;
591 676 943 747 ἀπεκρίνατο,
992 680 1074 731 ὅτι
1113 697 1131 730 ι
1168 680 1315 743 Τέως
1349 680 1460 748 ἐγὼ
1490 682 1587 750 τὴν
1625 681 1713 733 δύ-

1846 682 1991 743 Laret,
2016 682 2283 749 respondit
2325 701 2337 736 :
2379 682 2694 749 chaboravi,
2728 685 2968 755 inquam,
2995 702 3095 756 pro
3125 686 3380 745 facultate

166 764 326 832 ναμίν
360 781 460 833 μου
506 766 755 836 ἐποίησα,
787 769 889 821 οὐκ
922 766 1038 823 οἴδα
1067 770 1122 822 δὲ
1160 773 1209 823 εί
1242 770 1405 841 ἤρεσε
1444 772 1505 823 τὸ
1555 771 1713 841 ἔργον

1846 784 1936 823 nea
1968 788 1980 823 :
2017 785 2151 839 opus
2174 781 2348 827 autem
2387 789 2567 829 meum
2607 785 2888 844 gratumne
2932 775 3095 831 fuerit
3122 777 3250 843 Deo,
3279 778 3382 834 hoc
3430 830 3431 833 η

168 870 265 921 μου
294 854 375 923 τῷ
404 854 540 924 Θεῷ.
580 857 740 911 Ἀλλο
767 859 875 929 γάρ
904 861 1019 913 ἐστι
1047 860 1106 913 τὸ
1126 863 1299 930 κρῖμα
1320 860 1414 914 τοῦ
1438 861 1592 926 Θεοῦ,
1622 862 1715 912 καί

1846 873 1927 909 non
1957 859 2078 911 novi
2106 876 2119 911 :
2154 860 2294 913 aliud
2313 870 2395 915 est
2416 862 2562 915 enim
2588 864 2679 919 Dei
2698 862 2985 933 judicium,
3026 872 3079 918 et
3105 864 3250 919 aliud
3282 866 3383 919 ho-

166 941 288 995 ἄλλο
315 943 377 994 τὺ
405 945 511 996 τῶν
544 945 865 1015 ἀνθρώπων.
918 967 935 999 ι
982 950 1039 1021 ΪΟ
1086 950 1217 1013 Θεὸς
1264 952 1527 1003 σκεπάσει
1570 952 1715 1019 ἡμᾶς

1846 946 2047 999 uinum.
2085 966 2101 997 ι
2134 948 2269 1001 Deus
2309 965 2406 1003 nos
2433 952 2627 1019 eripiat
2653 952 2721 1006 ab
2766 953 2870 1007 hoc
2920 953 3162 1022 periculo
3221 948 3381 1007 insti-
3439 942 3445 947 ’

169 1030 408 1084 κινδύνου
435 1033 529 1086 τοῦ
552 1036 658 1087 ἀπὸ
686 1036 781 1090 τοῦ
808 1038 1163 1107 στοιχούντων
1186 1041 1415 1102 ἑαυτοῖς,
1443 1042 1532 1092 καὶ
1561 1039 1719 1103 ἀξιώ-

1848 1036 2008 1088 uendi
2039 1052 2138 1091 nos
2162 1038 2326 1106 ipsos,
2358 1039 2657 1109 dignosque
2686 1039 2848 1094 faciat
2898 1049 2958 1094 ut
3018 1054 3309 1109 sequamur
3331 1048 3385 1092 et

170 1134 249 1173 σει
294 1121 565 1190 κρατῆσαι
607 1125 706 1194 τῆν
756 1125 875 1179 ὁδὸν
922 1128 1032 1180 τῶν
1094 1129 1348 1201 πατέρων
1401 1129 1561 1199 ἡμῶν
1593 1113 1719 1183 ¹τῶν

1847 1142 2102 1181 eneamus
2169 1129 2313 1183 viam
2382 1142 2595 1197 patrum
2650 1139 2987 1196 nostrorum,
3034 1130 3129 1200 qui
3178 1129 3385 1185 nomini

172 1206 647 1279 εὐαρεστησάντων
676 1212 753 1282 τῷ
780 1214 1002 1284 ὀνόματι
1035 1216 1219 1271 αὑτοῦ.

308 1295 311 1297 ’
682 1325 1090 1380 ΔΙΔΛΣΚΑΛΙΑ
1128 1330 1218 1394 ς’.
1281 1320 1283 1322 ’

448 1429 587 1497 Περὶ
626 1431 733 1483 τοῦ
770 1431 855 1499 μὴ
895 1434 1445 1502 κρίνειννπλησίεν.

240 1514 316 1570 A'.
376 1514 438 1569 Εί
490 1516 946 1588 ὲμνημονεύομεν,
978 1520 1215 1588 ἀδελφοὶ,
1241 1522 1348 1575 τῶν
1399 1524 1565 1591 λόγων
1620 1524 1723 1576 τῶν

175 1605 341 1671 ἁγίων
387 1606 685 1674 γερόντων,
736 1609 782 1661 εί
833 1609 1175 1679 ἐμελετῶμεν
1230 1613 1424 1677 αὐτοὺς
1465 1616 1722 1676 πάντοτε,

176 1694 448 1763 δυσχερῶς
476 1698 694 1767 ετχομεν
722 1698 944 1768 ἀμελεῖν
967 1700 1189 1755 ἑαυτῶν.
1226 1704 1287 1755 Ei
1316 1705 1444 1775 γὰρ,
1475 1707 1549 1768 ὡς
1577 1701 1727 1757 εἷπον

177 1784 393 1845 ἐκεῖνοι,
449 1785 524 1854 μὴ
575 1788 1005 1858 καταφρονῶμεν
1046 1790 1154 1842 τῶν
1221 1794 1463 1861 μικρῶν,
1508 1796 1601 1848 καὶ
1646 1794 1732 1847 δο-

1825 1220 1943 1287 ejus
1972 1219 2311 1288 placuerunt.

2386 1326 2729 1382 DOCTRINA
2772 1327 2854 1381 VI.

2214 1431 2267 1485 Ν
2270 1447 2295 1485 e
2347 1434 2644 1500 proximum
2686 1432 3005 1501 judicemus.

1899 1524 1940 1575 1.
1967 1521 2021 1576 Si
2051 1518 2474 1581 meminerimus,
2493 1520 2705 1583 fiatres,
2728 1522 2867 1575 dicta
2884 1529 3188 1576 sanctorum
3207 1520 3388 1591 senio-

1832 1630 1970 1676 rum,
2002 1614 2046 1666 si
2077 1614 2397 1667 meditemur
2419 1627 2481 1665 ea
2510 1626 2917 1681 usquequaque,
2954 1625 3060 1665 non
3091 1609 3243 1664 facile
3289 1625 3388 1664 nos

1833 1704 1982 1768 ipsos
2005 1703 2360 1770 negligemus.
2386 1700 2441 1755 Si
2484 1701 2652 1765 enim,
2710 1710 2770 1753 ut
2824 1701 2901 1754 illi
2944 1699 3217 1763 dixerunt,
3281 1713 3385 1750 non

1834 1807 2152 1861 spernamus
2193 1805 2379 1859 parva,
2413 1799 2466 1845 et
2509 1804 2629 1859 qum
2682 1790 2840 1845 nobis
2889 1790 3086 1843 nullius
3130 1786 3386 1840 momenti

179 1873 418 1927 κούντων
469 1876 600 1944 ἡμῖν
646 1872 783 1929 εἶναι
827 1880 1178 1948 μηδαμινῶν,
1229 1882 1326 1935 οὐκ
1371 1884 1589 1952 εἴχομεν
1633 1890 1730 1954 εμ-

1846 1882 2102 1945 ridentur,
2131 1896 2237 1934 non
2268 1881 2559 1949 poterimus
2585 1878 2817 1933 incidere
2849 1879 2902 1936 in
2954 1892 3142 1945 magna
3183 1886 3235 1930 et
3268 1890 3388 1943 gra-

179 1965 404 2017 πίπτειν
432 1967 511 2028 είς
538 1968 605 2019 τὰ
653 1968 861 2035 μεγάλα
904 1970 995 2023 καὶ
1038 1971 1225 2041 βαρέα.
1282 1974 1391 2027 Ἀεὶ
1425 1976 1569 2043 λέγω
1601 1977 1727 2045 ὑμῖν

1832 1975 1935 2027 via.
1972 1973 2248 2027 Admoneo
2272 1986 2369 2025 vos
2416 1986 2627 2037 semper
2676 1986 2737 2021 ex
2792 1970 2876 2022 his
2933 1967 3207 2025 minimis:
3265 1980 3389 2019 cum

176 2054 256 2106 ὅτι
283 2056 347 2107 ὲκ
371 2056 572 2129 τούτων
594 2057 700 2109 τῶν
715 2056 943 2124 λεπτῶν,
970 2061 1033 2112 ἐκ
1060 2061 1153 2114 τοῦ
1180 2063 1376 2129 λέγειν,
1396 2065 1461 2116 Τί
1486 2067 1589 2136 γάρ
1615 2066 1729 2120 ἐστι

1846 2066 2055 2125 scilicet,
2104 2064 2357 2125 dicimus,
2402 2060 2527 2129 quid
2578 2061 2710 2123 hoc,
2751 2058 2880 2127 quid
2920 2059 3051 2112 illud
3088 2056 3205 2111 est?
3275 2047 3390 2108 fieri

176 2143 362 2207 τοῦτος
404 2145 456 2197 τί
484 2146 634 2198 ἐστιν
680 2148 893 2213 ὲκεῖνο;
929 2149 1135 2217 γίνεται
1178 2152 1324 2225 κακὴ
1369 2154 1621 2225 συνήθεια
1664 2158 1729 2225 τῇ

181 2230 347 2301 ψυχῇ,
401 2234 492 2284 καὶ
544 2234 766 2305 ἄρχεται
824 2238 906 2300 εἰς
958 2237 1030 2291 τὰ
1082 2240 1293 2308 μεγάλα
1353 2249 1728 2312 καταφρονεῖν.

183 2317 347 2383 Οἶδας
394 2325 545 2375 ποῖον
579 2324 717 2393 βαρὺ
772 2326 1072 2397 ἁμάρτημά
1121 2331 1239 2381 ἐστι
1285 2331 1346 2382 τὸ
1397 2333 1600 2401 κρίνειν
1644 2333 1734 2386 τὸν

182 2409 441 2475 πλησίον;
469 2412 521 2462 τί
550 2412 657 2482 γὰρ
690 2414 881 2468 τούτου
940 2416 1268 2488 βαρύτερον;
1312 2421 1365 2471 τί
1410 2421 1515 2493 γὰρ
1563 2421 1733 2486 οὕτως

186 2502 382 2567 μισεῖό
408 2500 541 2563 Θεὸς
571 2505 664 2554 καὶ
687 2507 1301 2575 ἁποστρέφεται,καθὼς
1316 2512 1409 2564 καὶ
1439 2514 1486 2565 οί
1523 2513 1737 2583 Πάτρες

180 2585 354 2650 εἷπον,
391 2589 472 2640 ὅτι
506 2591 654 2645 οὐδὲν
672 2595 848 2662 χεῖρον
879 2596 973 2647 τοῦ
1006 2601 1187 2666 κρῖναι
1204 2616 1217 2665 ;
1234 2601 1326 2653 καὶ
1340 2604 1486 2671 ὅμως
1500 2603 1605 2657 ἀπὸ
1620 2602 1738 2656 τού⁸

179 2695 307 2741 των,
325 2682 507 2747 φησιν,
529 2681 637 2732 τῶν
655 2684 987 2753 φαινομένων
1000 2688 1248 2755 εὐτελῶν,
1262 2691 1475 2761 ἔρχεταί
1491 2710 1575 2755 τις
1589 2694 1668 2757 είς
1682 2694 1742 2746 τὺ

179 2768 422 2819 τοιοῦτον
456 2769 598 2836 μέγα
629 2772 812 2826 κακόν.
861 2774 953 2827 Ἐκ
987 2778 1078 2828 τοῦ
1113 2779 1222 2849 γὰρ
1266 2782 1517 2844 δέξασθαι
1542 2784 1742 2853 μικρὰν

179 2856 437 2908 ὑπόνοιαν
455 2859 593 2910 κατὰ
608 2859 699 2911 τοῦ
719 2860 962 2931 πλησίον,
977 2866 1039 2916 ἐκ
1067 2866 1157 2919 τοῦ
1176 2868 1374 2935 λέγειν,
1393 2870 1457 2921 Τί
1475 2873 1579 2940 γάρ
1599 2873 1743 2925 ἐστιν

180 2946 277 2998 ἐὰν
308 2947 448 2998 εἴπω
479 2947 630 3013 κάγὼ
662 2949 848 3003 τοῦτον
888 2952 976 3006 τὸν
1016 2954 1110 3007 ἕνα
1150 2956 1334 3023 λόγον;
1374 2958 1428 3009 τί
1470 2961 1616 3011 ἐστιν
1650 2959 1745 3013 ἐὰν

180 3036 275 3088 ῐδω
305 3036 360 3087 τί
393 3034 542 3089 λαλεῖ
569 3033 721 3102 οὗτος
761 3041 1018 3109 ἀδελφὸς,
1047 3045 1079 3113 ἢ
1114 3047 1319 3109 ἐκεῖνος
1351 3048 1379 3099 ὁ
1410 3048 1559 3114 ξένος
1588 3050 1748 3121 ποιῆ-

180 3141 308 3188 ut;
369 3124 631 3194 Ἀρχεται
675 3131 704 3181 ὁ
750 3130 872 3192 νοῦς
919 3134 1134 3199 ἀφιέναι
1182 3136 1278 3199 τὰς
1324 3134 1598 3209 ’ἁμαρτίας
1646 3142 1744 3201 τὰς

1834 2156 2031 2207 malam
2068 2154 2120 2205 in
2146 2152 2324 2205 anima
2350 2161 2536 2203 nostra
2566 2146 3031 2208 consuetudinem,
3060 2145 3235 2214 etjam
3261 2144 3394 2197 inci-

1832 2257 1958 2313 pere
1981 2257 2079 2295 nos
2112 2242 2165 2293 in
2190 2241 2393 2307 majora
2430 2236 2728 2305 spernendo
2749 2236 2977 2305 prolabi.
3006 2235 3199 2289 Cernis
3230 2249 3393 2302 quam

1835 2346 2000 2401 grave
2046 2337 2327 2396 peccatum
2375 2328 2445 2380 sit
2486 2327 2791 2394 proximum
2830 2325 3107 2395 judicare?
3136 2324 3263 2391 quid
3294 2323 3394 2376 hoc

1834 2421 2050 2490 gravius
2066 2433 2183 2472 esse
2202 2416 2406 2485 potest?
2420 2414 2563 2468 Nihil
2589 2416 2731 2469 enim
2751 2416 2887 2469 adeo
2907 2422 3217 2469 exsecratur
3231 2412 3391 2474 Deus,

1836 2512 2017 2566 oditet
2040 2509 2404 2573 abominatur,
2436 2523 2501 2561 ex
2524 2505 2785 2560 sententia
2812 2504 3066 2569 Patrum;
3090 2506 3213 2573 quia
3240 2514 3395 2558 teme-

1839 2604 1984 2658 rario
2004 2602 2209 2671 judicio
2237 2599 2371 2654 nihil
2400 2608 2483 2652 cst
2509 2597 2773 2671 deterius.
2792 2595 2859 2649 Et
2875 2604 3049 2648 tamen
3071 2609 3133 2647 ex
3166 2594 3249 2647 his
3280 2609 3396 2660 qua?

1839 2709 2001 2764 parva
2021 2693 2270 2745 videntur
2286 2690 2552 2757 judicatu,
2573 2691 2623 2741 in
2643 2687 2862 2756 aliquod
2884 2686 3175 2739 maximum
3197 2684 3393 2736 malum

1842 2783 2161 2847 incidimus;
2207 2796 2274 2835 ex
2314 2780 2538 2832 minima
2590 2777 2733 2832 enim
2780 2777 3088 2846 suspicione
3140 2774 3397 2827 adversus

1842 2873 2171 2942 proximum,
2213 2884 2277 2923 ex
2315 2870 2417 2923 hoc
2447 2868 2592 2922 dicto
2628 2886 2641 2921 :
2686 2885 2705 2917 ι
2750 2864 2890 2932 Quid
2929 2873 3041 2927 est,
3085 2864 3131 2918 si
3172 2863 3397 2917 observo

1845 2964 1990 3017 hunc
2014 2962 2232 3015 fratrem
2265 2960 2392 3028 quid
2423 2955 2864 3027 loquatur‘lQuid
2894 2965 2997 3017 est,
3016 2954 3059 3008 si
3083 2968 3183 3022 ego
3212 2952 3399 3020 hujus-

1845 3054 2051 3109 cemodi
2082 3066 2382 3107 sermonem
2418 3050 2645 3119 loquor?
2672 3047 2807 3114 Quid
2825 3057 2907 3101 est
2928 3047 2969 3102 si
2998 3046 3208 3100 curiose
3230 3042 3399 3110 inspi~

1847 3147 1933 3202 cio
1955 3144 2079 3213 quid
2105 3143 2191 3197 hic
2208 3142 2391 3205 frater,
2409 3142 2538 3210 quid
2568 3141 2653 3194 hic
2671 3140 2867 3207 hospes
2891 3136 3045 3206 agat?
3068 3131 3402 3202 iltaquejam

182 3214 338 3305 ίδίας,
359 3218 471 3305 ’καὶ
495 3217 801 3305 ἀδολεσχεῖν
826 3224 905 3284 είς
930 3224 995 3277 τὰ
1022 3226 1114 3278 τοῦ
1141 3228 1525 3296 πλησίον.·Καὶ
1557 3232 1738 3305 λοιπὸν

1846 3235 2024 3303 incipit
2048 3248 2198 3286 mens
2221 3232 2434 3300 propria
2456 3238 2673 3298 peccata
2696 3228 2979 3296 negligere,
3002 3240 3122 3293 quae
3139 3230 3263 3278 sunt
3281 3236 3402 3289 pro-

178 3303 244 3354 ὲκ
275 3302 469 3355 τούτου
502 3304 709 3370 γίνεται
734 3310 794 3360 τὸ
826 3313 1193 3382 κατακρίνειν,
1223 3316 1284 3368 τὸ
1309 3302 1651 3385 καταλαλεῗν,
1681 3321 1742 3373 τὸ

178 3389 478 3456 ὲξουδενείν
498 3409 511 3423 ·
535 3395 599 3446 ἐκ
618 3396 807 3450 τούτου
836 3402 929 3452 καὶ
962 3402 1041 3463 είς
1064 3404 1203 3456 αὐτὰ
1232 3405 1268 3458 ἃ
1298 3409 1610 3477 κατακρίνει
1634 3427 1737 3473 τις,

176 3481 466 3549 ἐμπίπτει.
514 3482 608 3536 Ἐκ
649 3485 742 3539 τοῦ
791 3486 897 3558 γὰρ
930 3490 1004 3561 μὴ
1038 3495 1306 3563 μεριμνᾷν
1339 3494 1409 3547 τὰ
1442 3496 1545 3550 ἴδια
1574 3502 1740 3565 κακὰ,

178 3572 317 3663 μηδὲ
349 3573 574 3639 κλαίειν,
601 3575 676 3639 ὡς
708 3575 857 3631 εἷπον
884 3582 933 3633 οἱ
960 3584 1219 3652 Πατέρες,
1251 3586 1341 3639 τὸν
1377 3587 1504 3641 ἴδιον
1532 3591 1743 3663 νεκρὸν,

175 3661 239 3714 οὐ
268 3662 494 3716 δύναται
535 3665 613 3731 είς
658 3685 711 3720 τι
757 3671 948 3724 ἑαυτὸν
974 3673 1388 3743 διορθώσασθαι,
1429 3680 1564 3733 ἀλλὰ
1613 3661 1747 3737 πάν-

175 3769 304 3805 τοτε
336 3754 429 3806 τὸν
470 3755 696 3826 πλησίον
738 3759 883 3831 ἔργῳ
916 3762 1213 3832 λαμϐάνει·
1262 3769 1355 3821 καὶ
1397 3771 1546 3824 οὐδὲν
1575 3772 1746 3837 οὕτως

178 3845 512 3913 παροργίζει
552 3848 641 3900 τὸν
681 3849 833 3915 Θεὸν,
881 3856 974 3905 καὶ
1006 3855 1158 3909 οὐδὲν
1202 3857 1373 3922 οὕτως
1418 3866 1617 3931 γυμνοῖ
1657 3865 1746 3915 τὸν

176 3934 495 4006 ἄνθρωπον,
542 3936 636 3989 καὶ
674 3937 830 4009 φέρει
863 3942 943 4004 είς
973 3945 1331 4016 ἀκατάληῲιν,
1373 3950 1449 4012 ὡς
1490 3952 1545 4001 τὸ
1583 3968 1746 4004 κατα-

176 4024 384 4091 λαλείν,
416 4025 451 4094 ἢ
486 4028 852 4099 κατακρίνειν,
881 4032 914 4102 ἢ
946 4030 1239 4097 ὲξουδενεῖν
1264 4038 1356 4091 τὸν
1384 4039 1626 4107 πλησίον.

248 4196 331 4251 ιιι.
376 4196 538 4251 ’Ἄλλο
582 4201 691 4272 γάρ
721 4203 837 4255 ἐστι
883 4204 943 4256 τὸ
989 4208 1378 4275 καταλαλῆσαι,
1413 4213 1506 4264 καὶ
1535 4214 1663 4267 ἄλλο
1685 4193 1747 4268 τὸ

177 4291 531 4357 κατακρῖναι,
546 4293 640 4343 καὶ
663 4293 790 4347 ἄλλο
819 4294 879 4347 τὸ
900 4295 1270 4361 ὲξουδενῶσαι.
1290 4301 1361 4354 Τὸ
1380 4304 1746 4375 καταλαλῆσαι

176 4380 322 4441 ἐστι,
354 4379 418 4431 τὸ
444 4381 616 4432 εἰπεῖν
641 4382 782 4435 κατά
801 4399 963 4451 τινος,
981 4386 1062 4439 ὅτι
1078 4388 1371 4455 Ἐψεύσατο
1399 4392 1427 4444 ὁ
1442 4393 1650 4463 ὁεῖνα,ἦ
1668 4395 1749 4446 ὅτι

1842 3323 1971 3375 ximi
2029 3320 2327 3375 attendere.
2380 3318 2510 3372 Post
2570 3316 2713 3386 quod
2765 3317 3011 3383 sequitur
3065 3315 3400 3379 obloquium,

1840 3410 2241 3470 condemnatio,
2299 3415 2665 3475 contemptus,
2701 3403 3012 3470 sensimque
3064 3402 3115 3454 in
3172 3417 3233 3454 ea
3290 3400 3404 3467 ipse

1842 3499 2047 3564 incidit,
2077 3512 2197 3566 quae
2224 3496 2277 3549 in
2294 3495 2463 3548 altero
2490 3494 2711 3547 damnat
2745 3500 2798 3544 et
2840 3489 3067 3558 judicat.
3129 3484 3407 3555 Negligere

1841 3589 1985 3644 enim
2014 3586 2228 3657 propria
2264 3584 2424 3646 mala,
2453 3596 2647 3650 neque,
2681 3587 2738 3633 ut
2770 3579 2955 3637 Patres
2987 3575 3258 3635 dixerunt,
3313 3588 3404 3626 ca—

1843 3678 2009 3732 daver
2037 3690 2195 3729 suum
2222 3672 2451 3736 deﬂere;
2482 3672 2583 3724 hoc
2638 3668 2729 3738 qui
2779 3666 2989 3726 fecerit,
3029 3676 3303 3731 nunquam
3349 3676 3408 3713 sc

1845 3768 2021 3833 ipsum
2058 3764 2272 3829 eriget:
2328 3774 2540 3827 semper
2586 3758 2725 3811 enim
2767 3756 2818 3808 in
2874 3753 3103 3822 proximi
3154 3749 3406 3817 operibus

1844 3850 2155 3906 mordendis
2181 3847 2596 3916 judicandisq‘ae
2624 3842 3001 3909 occupabitur.
3055 3840 3228 3901 Quare
3274 3836 3407 3888 nihil

1856 3940 1991 3993 adeo
2026 3942 2283 4005 provocat
2312 3933 2501 3993 Deum,
2538 3931 2671 3983 nihil
2701 3929 2834 3981 adeo
2886 3928 3159 3980 hominem
3212 3924 3410 3989 spoliat

1843 4038 1896 4084 et
1927 4028 2028 4081 fert
2058 4027 2111 4080 in
2149 4025 2480 4092 ambiguum,
2535 4031 2593 4085 ut
2641 4018 2881 4086 obloqui,
2922 4026 2981 4070 ut
3029 4015 3405 4077 condemnare,

1848 4126 1907 4171 ut
1930 4129 2186 4185 spernere
2212 4110 2519 4181 proximum

1880 4264 1885 4269 ,
1918 4206 1981 4259 ll.
2023 4204 2178 4257 Aliud
2219 4211 2400 4256 autem
2436 4210 2519 4256 est
2546 4199 2787 4267 obloqui,
2829 4196 2972 4250 aliud
3026 4193 3406 4261 condemnare,

1848 4279 1996 4351 aliud
2029 4296 2373 4349 contendere.
2402 4291 2633 4359 Obloqui
2663 4287 2880 4357 quidem
2910 4294 3013 4347 est,
3068 4282 3276 4352 aliquid
3328 4282 3412 4335 di—

1847 4400 1968 4442 cere
2002 4385 2257 4439 adversus
2302 4380 2647 4449 quempiam;
2680 4373 2902 4443 utquod
2942 4373 3223 4435 mentitus,
3270 4369 3413 4438 quod

177 4466 513 4550 ὼργὲσθη,ἢ
547 4468 629 4519 ὅτι
666 4468 1011 4541 ὲπόρνευσεν,
1045 4477 1079 4546 ἡ
1113 4494 1164 4529 τι
1194 4481 1449 4534 τοιοῦτον.
1483 4481 1619 4551 Ἤδη
1640 4461 1743 4553 γὰρ

1853 4478 2043 4541 iratus,
2077 4474 2219 4544 quod
2250 4472 2551 4525 fornicatus
2608 4468 2695 4530 sit,
2724 4465 2805 4518 vel
2836 4465 3113 4533 quidpiam
3146 4462 3285 4517 aliud
3310 4461 3414 4512 hu-

142 4602 145 4603 ,
177 4547 554 4625 κατελὰλησεν
581 4556 768 4624 αὑτοῦ,
793 4563 975 4630 οἱονεὶ,
1006 4565 1230 4636 ὲλάλησε
1264 4572 1384 4622 κατ’
1433 4547 1618 4624 αὐτοῦ-

1851 4566 2172 4640 juscemodi.
2201 4564 2338 4617 Ecce
2361 4568 2637 4633 peccatum
2664 4556 2782 4625 ejus
2810 4555 3050 4624 prodidit
3103 4564 3154 4608 et
3184 4550 3416 4618 disposi-

177 4648 376 4713 παθῶς
393 4649 455 4702 τὸ
471 4650 771 4723 ἁμάρτημα
796 4654 980 4709 αὐτοῦ.
1007 4656 1078 4708 Τὸ
1098 4657 1155 4709 δὲ
1183 4663 1524 4729 κατακρίναι,
1548 4665 1664 4717 ἐστὶ
1692 4667 1753 4719 τὸ

175 4743 380 4805 εἰπεῖν,
396 4741 479 4793 ὅτι
490 4742 548 4794 '0
560 4742 707 4795 δεῖνα
718 4742 953 4813 ψεύστης
967 4745 1132 4808 ἐστὶν,
1148 4748 1360 4819 ὀργίλος
1377 4753 1544 4818 ἐστὶν,
1559 4755 1753 4825 πόρνος

176 4830 355 4886 ἐστίν.
413 4833 540 4885 Ἰδοὺ
569 4833 675 4899 γὰρ
710 4832 1023 4904 κατέκρινεν
1054 4837 1221 4907 αὐτὴν
1256 4841 1355 4911 τὴν
1380 4843 1617 4897 διάθεσιν
1649 4844 1749 4912 τῆς

176 4922 368 4993 ψυχῆς
396 4921 585 4983 αὑτοῦ,
644 4923 735 4975 καὶ
780 4924 1095 4995 ἀπεφήνατο
1131 4930 1272 4983 κατὰ
1316 4933 1438 4985 ὅλου
1490 4933 1584 4985 τοῦ
1636 4933 1749 4999 βίου

175 5013 377 5073 αὐτοῦ,
407 5009 582 5077 λέγων
613 5011 697 5065 ὅτι
725 5013 929 5085 τοῖόσδε
956 5018 1095 5079 ἐστὶ,
1120 5020 1216 5072 καὶ
1248 5009 1564 5091 κατέκρινεν
1592 5023 1753 5076 αὑτὸν

173 5103 255 5165 ὼς
279 5098 554 5153 τοιοῦτον.
584 5102 693 5155 Καὶ
722 5102 836 5156 ἐστι
862 5105 999 5177 βαρὺ
1028 5112 1273 5179 πρᾶγμα.
1310 5112 1473 5163 ’Λλλο
1502 5114 1609 5181 γάρ
1640 5115 1752 5165 ἐστι

173 5192 240 5245 τὸ
268 5192 473 5255 είπείν,
519 5192 798 5262 Ὦργίσθη,
832 5197 925 5248 καὶ
952 5198 1100 5261 ἄλλο,
1130 5200 1189 5249 τὸ
1218 5200 1392 5252 εἰπεῖν
1433 5202 1512 5254 ὅτι
1541 5204 1753 5272 ὀργίλος

175 5283 324 5355 ἐστὶ,
362 5283 458 5334 καὶ
489 5281 888 5353 ἀποφήνασθαι,
936 5284 1011 5347 ὡς
1055 5282 1231 5352 εἷπον,
1271 5290 1389 5343 κατ’
1422 5293 1592 5360 αὐτῆς
1623 5295 1753 5365 ὅλης

177 5376 281 5447 τῆς
312 5372 466 5441 ζωῆς
498 5371 683 5427 αὐτοῦ.
730 5373 837 5425 Καὶ
865 5374 1114 5429 τοσοῦτόν
1163 5381 1279 5432 ἐστι
1310 5381 1447 5452 βαρὺ
1480 5383 1550 5448 ,τὸ
1586 5402 1752 5438 κατα-

177 5468 374 5531 κρῖναι
433 5462 574 5533 ὑπὲρ
630 5462 866 5533 ἑκάστην
919 5465 1211 5537 ἁμαρτίαν,
1263 5471 1402 5523 ὥστε
1451 5473 1613 5527 αὑτὸν
1666 5479 1755 5531 τὸν

176 5552 429 5625 Χριστὸν
456 5552 664 5623 λέγειν·
724 5554 1059 5626 Ὑποκριτὰ,
1104 5560 1323 5615 ἔκϐαλε
1361 5562 1592 5629 πρῶτον
1642 5569 1757 5635 τὴν

268 5755 462 5816 bLuc.
500 5771 572 5821 vr,
608 5758 693 5814 42.

1859 4660 2057 4713 tionem
2089 4654 2256 4708 animi
2285 4655 2390 4708 sui.
2423 4647 2796 4705 Condemnare
2831 4654 3011 4699 autem
3076 4650 3175 4706 est,
3236 4640 3416 4699 dicere

1856 4745 2000 4817 quod
2031 4747 2153 4815 quis
2184 4744 2407 4799 mendax
2434 4741 2523 4802 sit,
2549 4736 2865 4815 iracundus,
2899 4737 3129 4789 adulter.
3166 4732 3242 4785 En
3266 4731 3417 4785 dam-

1858 4836 2003 4892 navit
2031 4835 2439 4905 dispositionem
2468 4830 2636 4898 ipsam
2670 4828 2865 4881 animae
2919 4841 3048 4888 suae,
3101 4833 3154 4878 et
3200 4837 3417 4876 omnem

1857 4929 1976 4997 ejus
2004 4929 2167 4982 vitam
2200 4922 2426 4993 aperuit,
2460 4921 2645 4975 dicens
2668 4921 2811 4989 quod
2838 4920 2957 4972 talis
2992 4924 3107 4979 est,
3143 4928 3266 4966 nam
3294 4928 3418 4966 eum

1861 5021 1936 5075 uti
1965 5020 2123 5072 talem
2152 5013 2451 5069 damnavit.
2482 5010 2637 5077 Quod
2690 5025 2820 5065 sane
2872 5003 3245 5077 gravissimum
3296 5017 3422 5069 pec—

1858 5119 2037 5164 catum
2066 5113 2167 5159 est.
2199 5103 2358 5155 Aliud
2385 5111 2469 5154 est
2504 5102 2682 5155 dicere
2714 5098 2856 5168 quod
2884 5098 3051 5148 iratus
3080 5094 3173 5155 sit,
3202 5101 3254 5145 et
3278 5091 3424 5144 aliud

1860 5198 2002 5270 quod
2024 5194 2343 5258 iracundus;
2372 5195 2499 5263 quia
2521 5194 2726 5248 scilicet
2749 5192 2869 5253 hoc,
2905 5196 2964 5239 ut
2992 5186 3121 5250 dixi,
3148 5195 3311 5237 totam
3340 5183 3425 5251 ip-

1860 5291 1973 5345 sius
2002 5286 2164 5339 vitam
2189 5283 2378 5351 aperit.
2408 5284 2581 5350 Atque
2604 5281 2735 5334 adeo
2765 5290 2927 5346 grave
2943 5282 3026 5328 est
3044 5273 3109 5326 de
3131 5273 3275 5325 omni
3302 5285 3423 5339 pec-

1859 5376 2257 5447 catojudicarr,
2276 5383 2333 5428 ut
2352 5375 2597 5429 Christus
2620 5371 2809 5426 dixerit
2830 5369 2881 5419 in
2905 5365 3187 5433 Evangelii)
3213 5382 3226 5416 :
3253 5362 3423 5431 Hypo-

1863 5473 2016 5534 crita,
2037 5470 2160 5537 ejice
2183 5468 2414 5535 primunt
2438 5466 2635 5520 trabem
2649 5478 2709 5517 ea:
2732 5460 2879 5514 oculo
2913 5468 3020 5523 tuo,
3046 5468 3093 5511 et
3118 5455 3275 5528 403
3304 5461 3423 5503 tunc

1863 5566 2035 5634 ejicies
2112 5564 2362 5631 festucam
2426 5561 2486 5616 de
2543 5557 2725 5627 fratris
2787 5543 2954 5608 oculo“
2989 5554 3035 5605 ι’.
3085 5543 3425 5615 C(miparavil
