4020 6340
611 447 748 516 1687

1821 455 1881 514 S.
1920 456 2310 518 DOROTHEI
2348 457 2665 519 ABBATIS

3755 452 3872 518 1688

605 568 752 642 enim
780 566 1042 622 festucam
1071 574 1318 636 peccato,
1351 564 1757 623 damnationem
1787 576 1967 624 autem
2019 572 2179 626 trnbi.

2284 573 2469 626 δοκὸν
2520 572 2634 642 τὴν
2679 573 2749 625 ἐν
2795 569 2876 638 τῷ
2929 569 3212 641 ὀφθαλμῷ
3260 586 3400 633 σου,
3432 567 3534 623 καί
3583 571 3724 624 τότε
3761 571 3870 624 δια-

605 637 852 722 ιιῖισειίίι,
882 657 1128 727 inquam,
1160 670 1320 711 omne
1354 667 1633 725 peccatum
1665 659 2016 715 temerarium
2043 661 2191 730 judi-

605 749 773 804 cium.
804 748 867 803 Et
903 748 1210 805 Pharisaeus
1241 751 1328 804 ille
1357 766 1523 805 orans
1555 759 1609 805 et
1629 751 1830 818 gratias
1847 766 2016 822 agens
2077 753 2188 806 Deo

605 841 854 896 debonis
879 843 1133 910 operibus
1162 845 1296 911 suis,
1344 842 1714 912 nequidquam
1769 843 2031 898 mentitus
2080 852 2183 907 est,

606 932 699 986 sed
731 947 854 987 vera
888 934 1199 1000 confessus,
1231 952 1408 1006 neque
1436 938 1508 990 ob
1539 936 1641 988 hoc
1666 933 1961 988 damnatus
1986 945 2033 986 ο.
2091 932 2187 988 De-

613 1023 820 1078 hitores
852 1026 996 1079 enim
1027 1041 1219 1082 sumus
1251 1028 1317 1081 ad
1353 1026 1591 1097 agendas
1652 1027 1762 1079 Deo
1808 1025 2013 1095 gratias
2059 1040 2184 1079 cum

605 1112 964 1185 boni'aliquid
985 1118 1054 1172 ab
1081 1118 1201 1187 ipso
1226 1119 1458 1185 egimus,
1489 1123 1678 1186 utpote
1717 1117 1811 1186 qui
1852 1130 1952 1172 nos
1978 1116 2188 1185 adjuvit

604 1218 660 1262 et
690 1221 1015 1277 ιόοιιιϊτιιιις
1043 1219 1127 1264 est
1161 1211 1225 1264 ad
1260 1211 1311 1264 id
1351 1211 1574 1265 bonum.
1611 1208 1800 1278 Ncque
1837 1222 1905 1263 ex
1958 1209 2085 1271 hoc,
2127 1219 2188 1264 ut

603 1301 846 1368 prmdixi,
881 1303 1171 1356 damnatus
1194 1319 1222 1356 ει
1252 1301 1483 1356 Domino
1512 1310 1618 1362 est,
1653 1315 1826 1370 neque
1859 1301 2006 1369 quod
2037 1300 2187 1356 dixe-

601 1391 692 1452 rit,
721 1401 777 1442 ut
807 1395 979 1444 cwteri
1011 1392 1288 1454 homines;
1329 1394 1424 1448 sed
1453 1393 1526 1447 ob
1560 1393 1662 1446 hoc
1683 1381 1812 1462 quia
1837 1390 1906 1444 ad
1940 1391 2188 1459 publica-

604 1493 737 1533 num
771 1497 1091 1548 conversus,
1131 1501 1314 1553 neque,
1374 1483 1572 1553 inquit,
1626 1495 1683 1536 ιιι
1712 1484 1797 1535 hic
1846 1482 2184 1551 publicanus.

602 1568 757 1625 Tunc
786 1575 928 1626 enim
961 1574 1357 1630 condemnatus
1379 1585 1484 1630 est.
1518 1573 1973 1628 Damnavitenim
2015 1575 2189 1644 ipsam

600 1676 912 1730 personam,
944 1664 1118 1733 ipsam
1138 1666 1548 1735 dispositionem
1587 1666 1898 1729 mentis,et,
1931 1673 1989 1718 ut
2017 1666 2193 1719 brevi-

600 1763 686 1808 ter
699 1756 897 1820 dicam,
928 1768 1145 1811 omnem
1173 1757 1346 1827 ipsius
1377 1759 1568 1810 vitam.
1590 1757 1704 1824 Qua
1724 1771 1788 1811 ex
1819 1772 1878 1811 re
1907 1757 2191 1812 descendit

600 1845 926 1912 publicanus
952 1860 1118 1915 super
1150 1847 1301 1901 illum
1331 1846 1687 1914 justiﬁeatus.

2295 663 2541 732 ϐλέψεις
2587 663 2868 717 ἐκϐαλεῖν
2910 663 2976 718 τὸ
3025 663 3252 732 κάρφος
3296 663 3366 716 ἐκ
3404 662 3514 716 τοῦ
3560 661 3868 730 ὀφθαλμοῦ

2295 757 2399 812 τοῦ
2428 757 2698 826 ἀδελφοῦ
2728 774 2868 812 σου.
2909 757 3021 811 Καὶ
3051 755 3319 810 ἀπείκασε
3347 755 3449 824 τὴν
3473 755 3764 825 ἁμαρτίαν
3785 754 3864 806 τοῦ

2294 845 2524 916 πλησίον
2562 847 2701 916 πρὸς
2730 847 2794 900 τὸ
2833 846 3081 920 κάρφοςο
3124 845 3190 899 τὸ
3234 845 3292 898 δὲ
3334 845 3694 916 κατακρίνειν
3742 844 3865 913 πρὸς

2290 939 2390 1006 τὴν
2437 936 2616 1002 δοκὸν,
2660 937 2918 990 τοσοῦτον
2969 937 3206 1008 χαλεπόν
3247 935 3366 988 ὲστι
3408 936 3470 988 τὸ
3517 937 3861 998 κατακρῖναι,

2292 1027 2481 1097 σχεδὸν
2508 1026 2653 1098 ὑπὲρ
2691 1028 2874 1081 πᾶσαν
2901 1026 3198 1098 ἁμαρτίαν.
3238 1027 3350 1078 Καὶ
3379 1027 3586 1088 ἐκεῖνος
3614 1026 3672 1078 δὲ
3705 1027 3737 1077 ὁ
3767 1027 3861 1077 Φα-

2291 1121 2501 1188 ρισαῖος
2541 1117 2837 1186 εὐχόμενος
2881 1119 2976 1172 καὶ
3010 1117 3352 1187 εὐχαριστῶν
3396 1115 3478 1184 τῷ
3521 1115 3643 1183 Θεῷ
3678 1115 3773 1167 διὰ
3805 1117 3861 1168 τὰ

2290 1207 2696 1278 κατορθώματα
2725 1207 2915 1269 αὑτοῦ,
2951 1209 3052 1260 οὐκ
3091 1206 3381 1278 ἐψεύσατο,
3410 1206 3551 1259 ἀλλὰ
3594 1205 3697 1276 τὴν
3744 1207 3860 1276 ἁλί)⁴

2289 1299 2443 1352 οειαν
2484 1300 2706 1369 ἔλεγεν*
2758 1299 2855 1352 καὶ
2883 1299 2944 1350 ού
2991 1297 3080 1353 διὰ
3114 1296 3275 1350 τοῦτο
3319 1295 3640 1366 κατεκρίθη.
3678 1297 3858 1366 Χρεω-

2293 1390 2529 1460 στοῦμεν
2570 1390 2682 1460 γὰρ
2711 1390 3059 1460 εὐχαριστεῖν
3085 1389 3165 1458 τῷ
3192 1387 3334 1459 Θεῷ,
3364 1386 3584 1440 ἐπειδὰν
3625 1386 3877 1452 ἀξιωοῶο,

2299 1481 2399 1550 μέν
2426 1498 2479 1534 τι
2520 1481 2728 1548 ἀγαθὸν
2775 1475 3025 1550 τύοιῆσαι,
3074 1481 3153 1544 ὡς
3198 1478 3365 1534 αὐτοῦ
3411 1479 3854 1548 συνεργήσαντος,

2291 1574 2386 1623 καὶ
2441 1572 2811 1641 βοηθήσαντος
2856 1573 3012 1642 ἡμῖν.
3061 1571 3160 1623 Διὰ
3211 1570 3389 1634 τοῦτο,
3440 1570 3517 1631 ώς
3564 1563 3758 1633 εἷπον,
3802 1569 3856 1620 οὐ

2289 1663 2616 1733 κατεκρίθη,
2657 1663 2740 1716 ὅτι
2775 1656 2952 1727 εἶπεν,
2984 1663 3107 1716 Οὐκ
3141 1661 3259 1730 ειμι
3287 1662 3370 1726 ὠς
3402 1663 3458 1714 al
3503 1661 3705 1713 λοιποὶ
3753 1657 3859 1710 τῶν

2287 1753 2606 1820 ἀνθρώπων
2632 1770 2661 1824 ἠ
2699 1753 2817 1807 ἁλλ’
2852 1755 2935 1807 ὅτι
2981 1754 3243 1823 στραφεὶς
3290 1751 3428 1822 πρὸς
3470 1750 3562 1804 τὸν
3605 1749 3855 1820 τελώνην,

2288 1840 2463 1910 εἶπεν,
2501 1844 2653 1898 οὐδὲ
2678 1846 2758 1912 ὠς
2784 1848 2816 1898 ὀ
2849 1844 3116 1911 τελώνης
3159 1839 3365 1906 οὗτος·
3392 1841 3513 1894 τότε
3542 1841 3851 1910 κατεκρίθη·

599 1936 892 2006 κατέκρινε
933 1937 1045 2010 γὰρ
1079 1935 1246 1989 αὐτοῦ
1290 1935 1384 1988 τοῦ
1434 1935 1752 2006 προσώπου,
1789 1936 1962 2004 αὐτῆς
2035 1934 2328 2000 διαθέσεῳς
2367 1934 2492 2004 ⁴’τῆς
2554 1936 2735 2005 ψυχῆς
2776 1933 2966 2001 αὐτοῦ,
3005 1935 3102 1988 καλ⁸
3134 1932 3322 1996 ἁπλῶς
3353 1933 3550 2000 εἰπεῖν,
3619 1930 3741 1997 ὅλον
3768 1931 3854 1984 τοῦ

601 2025 718 2094 βίου
759 2025 945 2079 αὑτοῦ.
986 2027 1084 2079 Διά
1119 2026 1280 2080 τοῦτο
1312 2026 1521 2095 κατέϐη
1568 2027 1598 2078 ὁ
1627 2025 1868 2094 τελώνης
1896 2025 2313 2094 δεδικαιωμένος
2347 2025 2491 2096 υπὲρ
2534 2028 2763 2079 ἐκεῖνον.

671 2116 753 2168 Ill.
789 2116 932 2170 Nihil
957 2121 1039 2184 (ut
1069 2118 1268 2187 saepius
1293 2118 1432 2188 dixi)
1458 2117 1698 2187 gravius,
1731 2117 1866 2170 nihil
1891 2116 2181 2180 diﬂieiiius,

2367 2118 2437 2170 I".
2502 2118 2673 2170 Οὐδὲν
2717 2116 2834 2188 γὰρ.
2861 2116 3183 2188 βαρύτερον,
3203 2114 3327 2168 οὐδὲ
3361 2112 3761 2184 χαλεπώτερον,
3787 2113 3854 2175 ὡς

595 2223 760 2278 quam
808 2211 1117 2278 proximum
1149 2211 1398 2280 judicare
1445 2220 1609 2280 atque
1655 2220 2025 2266 contemnere.
2075 2211 2186 2265 Cur

593 2301 740 2355 enim
775 2316 882 2354 non
917 2302 1090 2372 magis
1113 2317 1214 2355 nos
1239 2301 1385 2372 ipsos
1408 2302 1771 2372 dijudicemus
1792 2301 1860 2356 de
1880 2302 2038 2356 malis
2061 2317 2186 2371 pro-

593 2392 731 2460 priis
756 2406 877 2460 quae
908 2392 1111 2460 optime
1141 2393 1414 2455 novimus,
1450 2401 1504 2446 et
1524 2392 1591 2447 de
1619 2392 1818 2462 quibus
1845 2392 2070 2446 reddere
2101 2408 2188 2446 ra-

597 2483 798 2536 tionem
848 2481 958 2536 Deo
1006 2468 1499 2553 engemueruid
1540 2500 1874 2553 usurpamus
1916 2485 2184 2554 judicium

594 2572 688 2626 Dei
710 2563 889 2642 ‘l'quid
924 2574 991 2627 ad
1029 2590 1130 2627 nos
1168 2575 1236 2627 de
1275 2585 1523 2628 creatura
1554 2585 1608 2628 et
1638 2591 1797 2630 servo
1831 2576 2054 2630 alieno?
2088 2592 2184 2629 an-

593 2677 702 2716 non
737 2662 1214 2716 contremiscimus
1249 2663 1377 2716 totis
1413 2663 1738 2726 visceribus,
1763 2664 1893 2718 dum
1929 2666 2184 2721 audimus

589 2752 721 2822 quid
754 2752 957 2806 seniori
993 2753 1067 2806 illi
1103 2768 1303 2823 magno
1334 2754 1671 2823 contigerit?
1703 2755 1796 2824 qui
1825 2771 1951 2810 cum
1989 2757 2181 2811 audis-

589 2849 676 2897 set
715 2857 886 2897 unum
919 2857 951 2896 e
995 2841 1260 2898 fratribus
1307 2845 1364 2899 in
1412 2845 1828 2900 fornicationem
1875 2848 2181 2914 cecidisse,

589 2949 716 2989 cum
761 2922 1135 3006 indignatione
1173 2935 1318 3005 quod
1367 2937 1510 2991 male
1545 2935 1806 3004 fecisset,
1836 2939 2133 3008 respondit
2165 2958 2178 2994 :

595 3041 616 3075 ι
673 3024 866 3079 Annon
895 3025 1184 3094 accepistis
1209 3041 1375 3095 quam
1406 3025 1678 3082 horrenda
1702 3041 1789 3082 res
1811 3027 1880 3083 de
1913 3028 2032 3097 ipso
2056 3043 2181 3084 nar-

588 3124 744 3170 ratur
771 3115 829 3169 in
868 3116 1010 3172 libro
1051 3115 1378 3189 seniorum?
1413 3115 1582 3172 Aiunt
1609 3118 1754 3173 enim
1792 3129 2043 3174 sanctum
2079 3135 2180 3174 an-

588 3205 794 3272 gelum,
825 3206 1128 3274 peccatoris
1171 3205 1317 3261 illius
1366 3207 1644 3274 animam,
1675 3222 1800 3275 cum
1839 3209 1953 3276 jam
1996 3225 2030 3266 e
2071 3216 2180 3266 vita

587 3294 896 3363 nigrasset,
931 3295 995 3350 ad
1026 3311 1213 3351 senem
1253 3298 1538 3361 detulisse.
1573 3307 1736 3369 atque
1763 3299 2010 3355 dixisse:
2045 3319 2064 3353 ι
2102 3300 2178 3356 En

587 3399 748 3454 quem
773 3386 1060 3455 judicasti,
1089 3389 1199 3443 vita
1231 3389 1453 3444 functus
1479 3400 1564 3444 est
1589 3407 1604 3444 :
1640 3407 1750 3461 quo
1777 3405 1867 3446 me
1897 3393 2060 3461 igitur
2085 3393 2174 3460 ju-

587 3476 686 3531 hes
731 3475 908 3545 ipsius
965 3479 1206 3532 animam
1243 3478 1480 3544 deferre,
1522 3479 1590 3536 ad
1633 3496 1960 3551 superosnc,
2003 3499 2072 3537 an
2109 3483 2176 3536 ad

585 3566 821 3622 inferos?
845 3587 863 3620 ι
896 3568 1060 3634 Quid,
1083 3570 1346 3634 obsecro,
1372 3573 1491 3653 bac_
1520 3585 1581 3627 re
1622 3564 1803 3640 potest
1847 3590 1971 3631 esse
2009 3579 2183 3648 magis

586 3656 920 3713 horrendum
947 3659 971 3713 ?
999 3658 1143 3714 Nihil
1171 3659 1320 3715 aliud
1370 3661 1599 3716 innuere
1629 3663 1830 3717 seniori
1870 3665 2043 3720 voluit
2079 3681 2176 3720 an-

583 3746 793 3815 gelicus
817 3763 1000 3802 sermo
1029 3761 1197 3817 quam
1229 3749 1332 3802 hoe
1363 3769 1376 3803 :
1422 3768 1440 3800 ι
1473 3748 1530 3804 Si
1562 3760 1618 3805 tu
1652 3751 1927 3819 justorum
1962 3763 2016 3808 et
2053 3771 2180 3824 pec-

583 3844 832 3891 eatorum
855 3838 968 3907 jam
998 3838 1177 3896 factus
1205 3855 1266 3896 es
1287 3841 1476 3910 judex,
1499 3844 1587 3898 dic
1616 3844 1772 3910 mihi,
1794 3861 1914 3910 oro,
1931 3847 1999 3902 de
2016 3849 2182 3904 mise-

583 3925 745 3980 rabili
796 3927 900 3983 hac
945 3931 1130 3983 anima
1174 3946 1342 3999 quam
1391 3933 1718 3988 sententiam
1755 3932 1936 4000 feras,
1973 3938 2181 3992 veliSne

583 4017 835 4070 misereri
865 4033 936 4071 an
980 4019 1214 4074 saevire?
1242 4041 1261 4074 ι
1300 4020 1484 4088 Quare
1532 4035 1839 4093 percussus“
1865 4027 2049 4081 senior
2092 4030 2183 4082 ille

582 4106 969 4162 sanctissimus
999 4108 1102 4162 hac
1145 4121 1256 4163 tam
1299 4111 1547 4168 horribili
1579 4128 1658 4181 re,
1701 4104 1978 4186 reliquum.
2017 4133 2182 4174 omne

581 4195 709 4250 vine
740 4213 854 4252 sua:
883 4206 1100 4268 tempus
1134 4199 1278 4254 inter
1323 4201 1592 4272 laerymas
1636 4206 1984 4277 gemitusque
2012 4221 2064 4263 ct
2099 4209 2181 4262 in-

582 4297 842 4340 nutrieras
872 4297 1146 4343 atrumnas
1176 4291 1307 4360 egit,
1347 4293 1561 4346 veniam
1598 4295 1735 4348 tanti
1775 4300 1981 4366 peccati
2015 4300 2180 4368 depo-

581 4389 744 4428 scens
777 4390 804 4427 a
841 4375 972 4432 Deo.
1021 4377 1260 4434 Tametsi
1308 4381 1374 4435 ad
1422 4383 1587 4449 pedes
1633 4386 1812 4456 angeli
1847 4389 2136 4455 procidens
2162 4431 2177 4455 ,

582 4467 798 4520 audiret
842 4469 1163 4537 impetrasse
1192 4486 1251 4525 se
1294 4471 1508 4526 veniam
1552 4488 1582 4526 a
1632 4473 1763 4529 Deo.
1813 4474 2094 4547 Deumque
2127 4479 2179 4533 id

583 4553 780 4610 fecisse
807 4567 864 4610 ut
892 4560 1207 4614 ostenderet
1229 4577 1394 4631 quam
1421 4563 1470 4615 ei
1493 4577 1657 4631 grave
1682 4575 1737 4618 et
1761 4568 2050 4624 molestum
2086 4585 2178 4624 es-

583 4655 667 4701 set
707 4648 974 4716 judicium
1015 4661 1265 4706 nostrum
1311 4654 1664 4708 temerarium
1689 4697 1702 4720 ,
1753 4658 2074 4729 monuitque
2112 4678 2180 4717 ne

582 4741 769 4794 animo
816 4741 866 4794 id
913 4757 1156 4811 unquam
1209 4742 1452 4799 faceret:
1505 4760 1614 4800 non
1665 4756 1845 4802 tamen
1894 4753 2069 4818 potuit
2111 4770 2175 4808 ex

581 4832 670 4886 his
700 4833 880 4886 verbis
908 4835 1090 4888 anima
1123 4834 1355 4890 senioris
1379 4839 1726 4893 amarissima
1745 4841 2174 4899 consolationem

582 4923 748 4977 ullam
777 4924 1064 4982 admittere
1099 4926 1153 4981 in
1183 4942 1249 4981 eo
1284 4927 1432 4982 luctu
1475 4939 1530 4984 et
1572 4946 1829 4995 maerore,
1857 4933 1986 4989 dum
2017 4936 2167 4995 vixit.

654 5015 744 5068 IV.
775 5014 918 5082 Quid
952 5019 1112 5073 nobis
1144 5019 1311 5090 igitur
1339 5021 1409 5076 de
1433 5024 1727 5091 proximo?
1759 5026 1903 5092 Quid
1929 5030 2085 5084 nobis
2108 5032 2175 5087 de

578 5106 760 5161 alieno
800 5107 993 5163 malo?
1024 5107 1302 5168 Habemus
1341 5128 1442 5168 nos
1484 5113 1608 5184 ipsi,
1648 5103 1864 5186 fratres,
1913 5120 1968 5175 in
2019 5123 2174 5179 nobis

579 5197 727 5268 quod
764 5214 1045 5256 curemus.
1091 5203 1329 5268 Quilibet
1375 5206 1482 5262 sibi
1530 5207 1633 5277 ipsi
1681 5213 1927 5267 attendat
1971 5225 2024 5269 ct
2062 5218 2178 5273 suis

579 5288 764 5344 malis.
796 5289 980 5346 Solius
1009 5294 1154 5368 enim
1194 5294 1286 5348 Dei
1309 5306 1392 5350 est
1410 5305 1467 5352 et
1491 5296 1796 5367 justiﬁeare
1823 5311 1877 5356 et
1901 5303 2170 5375 judicare,

581 5382 677 5453 qui
711 5392 910 5437 statum
959 5391 1014 5440 et
1063 5387 1318 5441 virtutem
1345 5428 1362 5453 ,
1402 5390 1790 5447 conversiones
1836 5402 1891 5447 et
1932 5397 2174 5465 gratias,

579 5474 1036 5544 compositionem
1083 5487 1138 5532 et
1184 5478 1547 5547 aptitudinem
1593 5482 2030 5554 uniuscujusque
2076 5505 2174 5544 no-

581 5568 680 5631 vit,
711 5575 877 5636 atque
924 5567 1118 5621 herum
1168 5587 1615 5643 unumquemque
1659 5585 1836 5644 potest
1873 5577 2024 5634 solus
2062 5581 2176 5638 dis-

583 5673 828 5714 cernere.
863 5661 1036 5718 Aliter
1074 5665 1218 5716 enim
1254 5667 1465 5733 judicat
1494 5666 1635 5724 Deus
1680 5670 1993 5742 episcopos,
2019 5675 2178 5730 aliter

657 5895 674 5925 κ
713 5880 847 5942 Luc.
882 5901 1038 5953 mit,
1076 5904 1129 5942 n.

2289 2206 2550 2270 πολλάκις
2567 2207 2748 2275 λέγω,
2787 2207 2883 2260 τοῦ
2931 2206 3283 2275 κατακρῖναι,
3311 2202 3345 2272 ἢ
3375 2200 3728 2268 ὲξουδενῶσαι
3771 2202 3856 2255 τὸν

2291 2297 2540 2370 πλησίον.
2585 2299 2685 2351 Διὰ
2723 2299 2778 2352 τί
2821 2297 2899 2367 μὴ
2953 2296 3154 2369 μᾶλλον
3189 2295 3418 2374 satureia;
3442 2293 3850 2364 κατακρίνομεν,

2289 2391 2382 2445 καὶ
2440 2391 2511 2444 τὰ
2563 2389 2712 2442 κακὰ
2767 2387 2926 2459 ἡμῶν
2972 2385 3220 2458 ἀκριϐῶς
3247 2385 3493 2454 οἴδαμεν,
3519 2383 3612 2436 καὶ
3642 2383 3764 2451 περὶ
3784 2375 3853 2434 ὧν

2290 2483 2555 2554 μέλλομεν
2596 2483 2756 2552 λόγον
2789 2481 2976 2536 δοῦναι
3015 2481 3095 2552 τῷ
3141 2479 3298 2549 Θεῷς
3345 2479 3411 2531 Τί
3465 2475 3778 2550 ἀρτιάζομεν
3796 2476 3853 2529 te

2287 2576 2462 2646 κρῖμα
2483 2573 2579 2628 τοῦ
2611 2573 2749 2628 Θεοῦ
2774 2592 2788 2640 ;
2815 2573 2882 2628 Τί
2923 2573 3154 2642 Θέλομεν
3185 2573 3250 2624 ἐκ
3275 2569 3372 2624 τοῦ
3413 2570 3729 2638 πλάσματος
3756 2568 3848 2620 αύ-

2285 2663 2378 2718 τοῦ
2409 2680 2425 2729 ;
2453 2664 2557 2717 οὐκ
2601 2664 2893 2734 ὀφείλομεν
2933 2663 3162 2734 τρέμειν
3207 2660 3499 2724 ἀκούοντες
3527 2660 3610 2730 τῷ
3645 2658 3850 2729 μεγάλῳ

2285 2755 2503 2824 γέροντι
2529 2753 2724 2824 ἐκείνῳ
2740 2753 2796 2807 τί
2835 2753 3059 2823 συνέϐη,
3107 2751 3186 2822 τῷ
3229 2749 3528 2804 ἀκούσαντι
3566 2751 3689 2821 περί
3714 2765 3848 2808 τινος

2285 2846 2516 2916 ἀδελφοῦ
2547 2848 2807 2908 πεσόντος
2839 2848 2921 2908 είς
2957 2844 3240 2914 πορνείαν,
3270 2845 3362 2896 καὶ
3406 2843 3636 2906 εἰπόντι,
3676 2843 3735 2893 Ὢ
3761 2857 3848 2892 κα-

2285 2939 2397 3001 κῶς
2413 2939 2673 3010 ἐποίησεν
2699 2954 2714 3003 ;
2746 2956 2766 2990 ι
2793 2937 2910 2991 Οὐκ
2935 2935 3118 2990 οίδατε
3144 2939 3295 2988 ποῖον
3313 2933 3543 3004 φρικτὸν
3563 2933 3706 3000 λέγει
3730 2929 3847 3000 περὶ

2285 3031 2450 3084 αὐτοῦ
2478 3032 2560 3094 είς
2591 3029 2656 3084 τὸ
2695 3028 3104 3097 Peportmdr;
3132 3027 3260 3080 Ὅτι
3300 3028 3612 3094 ἀπήνεγκεν
3647 3025 3678 3077 ὀ
3705 3022 3845 3088 hic;

2285 3121 2518 3189 ἄγγελος
2561 3122 2659 3192 τὴν
2709 3119 2891 3190 ψυχὴν
2927 3115 3026 3172 τοῦ
3059 3117 3484 3187 ἁμαρτήσαντος
3511 3113 3649 3184 πρὸς
3675 3110 3842 3173 αὑτὸν,

2285 3212 2382 3265 καὶ
2406 3211 2556 3280 λέγει
2585 3211 2768 3282 αὐτῷ’
2807 3229 2829 3263 ι
2865 3209 2974 3263 Ἴδε
3021 3208 3084 3262 δν
3131 3208 3381 3279 ἔκρινας,
3425 3204 3690 3276 ἐκοιμήθη
3711 3220 3726 3236 ·
3749 3199 3842 3255 ποῦ

2285 3300 2378 3358 οὖν
2430 3302 2678 3364 κελεύεις
2739 3300 2888 3373 βάλω
2941 3299 3130 3365 αὐτὸν,
3164 3299 3247 3363 είς
3279 3296 3619 3370 βασιλείανῆ
3656 3296 3730 3359 είς
3751 3293 3844 3365 τὴν

2285 3396 2506 3450 κόλασιν
2530 3412 2546 3461 ;
2577 3414 2595 3446 ι
2637 3393 2795 3447 Ἐστι
2814 3393 2873 3447 δὲ
2894 3391 3088 3446 τούτου
3117 3391 3214 3445 τοῦ
3242 3389 3446 3462 βάρους
3482 3407 3536 3444 τι
3566 3385 3840 3458 φοϐερώτε-

2206 3449 2249 3507 C
2285 3505 2416 3560 ρον;
2444 3487 2511 3540 Τί
2531 3449 2660 3541 αλλο
2680 3488 2830 3541 ἐστὶν
2855 3487 2886 3540 ὁ
2914 3484 3074 3553 λόγος
3126 3449 3488 3552 τοῦ
3515 3449 3648 3553 πρὸς
3667 3449 3750 3534 rev
3763 3477 3842 3545 γέ-

2285 3595 2471 3650 ροντα,
2503 3579 2552 3629 εί
2584 3576 2660 3648 μὴ
2688 3576 2879 3642 τοῦτο;
2903 3593 2923 3627 ι
2954 3573 3175 3643 Ἐπειδὴ
3204 3573 3271 3627 σὺ
3298 3568 3351 3626 εί
3375 3574 3404 3627 ὁ
3437 3572 3628 3642 κριτὴς
3653 3570 3752 3623 τῶν
3776 3569 3840 3621 δι-

2284 3673 2458 3726 καίων
2481 3671 2576 3724 καὶ
2597 3669 2710 3724 τῶν
2732 3665 3099 3739 ἁμαρτωλῶν,
3121 3665 3246 3719 εἰπὲ
3267 3663 3322 3718 τί
3347 3663 3592 3727 κελεύεις
3624 3659 3836 3732 περὶτῆς

2282 3765 2548 3835 ταπεινῆς
2567 3762 2748 3833 ψυχῆς
2773 3759 2980 3836 ταύτης
3001 3775 3018 3790 ο
3048 3757 3225 3822 ἐλεεῖς
3269 3757 3442 3828 αὐτήν
3467 3772 3484 3821 ;
3509 3753 3744 3816 κολάζεις
3760 3751 3833 3804 αύ-

2283 3857 2417 3925 τήν;
2467 3874 2485 3906 ι
2523 3857 2687 3908 Ὥστε
2715 3853 2808 3907 τδν
2855 3852 3014 3921 ἅγιον
3064 3850 3318 3921 γέροντα,
3376 3843 3834 3917 ύπερεκπλατέντα

2286 3948 2469 4018 μεῖναι
2505 3946 2628 3998 ὅλον
2650 3945 2714 3996 τὸ
2743 3943 3038 3997 ὑπόλοιπον
3063 3940 3231 3995 αὐτοῦ
3256 3939 3451 4011 χρόνον
3494 3937 3631 4009 μετὰ
3667 3949 3831 3987 στενα-

2283 4039 2442 4109 γμῶν
2464 4076 2478 4099 ,
2509 4035 2649 4107 μετὰ
2675 4033 2951 4105 δακρύων,
2995 4033 3136 4102 μετὰ
3175 4031 3386 4101 μυρίων
3426 4030 3606 4082 πὸνων
3625 4041 3638 4054 ·
3669 4024 3831 4092 δεόμε-

2283 4147 2372 4183 νον
2398 4129 2492 4181 τοῦ
2518 4125 2656 4180 Θεοῦ
2703 4122 3017 4192 συγγνῶναι
3078 4121 3231 4190 αύτῷ
3274 4120 3404 4190 περὶ
3450 4119 3553 4188 τῆς
3590 4113 3832 4186 ἁμαρτίας

2283 4224 2518 4292 ἐκείνης.
2546 4223 2659 4275 Καὶ
2689 4221 2865 4275 ταῦτα
2895 4217 3033 4291 μετὰ
3065 4217 3129 4272 τὺ
3157 4218 3349 4270 πεσεῖν
3379 4216 3543 4269 αὐτὸν
3569 4217 3659 4268 ἐπὶ
3686 4213 3828 4284 πρόσ-

2280 4331 2431 4370 ωπον
2493 4313 2633 4382 πρὸς
2683 4313 2811 4375 τοὺς
2862 4311 3034 4373 πόδας
3093 4309 3188 4362 τοῦ
3222 4306 3482 4375 ἀγγέλου,
3526 4307 3619 4359 καὶ
3675 4301 3830 4359 λαϐεῖν

2283 4407 2659 4478 συγχώρησιν.
2716 4403 2790 4456 Τὸ
2835 4403 2944 4473 γὰρ
3005 4403 3184 4455 εἰπεῖν
3235 4400 3327 4453 τὸν
3358 4398 3590 4468 ἄγγελον
3621 4414 3633 4429 ·
3665 4417 3682 4449 ι
3721 4394 3829 4448 Ἰδοὺ

2281 4499 2450 4566 ἔδειξέ
2476 4515 2560 4551 σοι
2599 4499 2629 4549 ὁ
2670 4493 2805 4559 Θεὸς
2840 4494 2892 4547 τί
2944 4494 3063 4546 ἐστι
3101 4493 3162 4544 τὸ
3196 4492 3363 4563 βάρος
3389 4490 3488 4545 τοῦ
3515 4491 3827 4560 κατακρῖναι,

2285 4591 2485 4661 μηκέτι
2529 4590 2789 4660 ποιήσῃς,
2834 4604 2853 4636 ι
2885 4585 2947 4638 τὸ
2981 4585 3220 4656 πρᾶγμα
3275 4580 3438 4635 τοῦτο
3479 4582 3829 4652 συγχωρήσαν-

2280 4697 2374 4744 τος
2405 4677 2494 4750 ἦν,
2533 4681 2629 4733 καὶ
2648 4681 2800 4750 ὅμως
2837 4677 2938 4731 ούκ
2966 4676 3228 4747 ἠνέσχετο
3265 4673 3404 4738 ὅλως
3445 4671 3828 4745 παρακληθῆναι

2283 4775 2318 4844 ὴ
2353 4772 2501 4842 ψυχὴ
2525 4771 2624 4823 τοῦ
2655 4770 2909 4841 γέροντος
2938 4768 3050 4821 ἀπὸ
3089 4766 3184 4821 τοῦ
3216 4764 3445 4828 πένθους
3498 4765 3720 4826 ἐκείνου,
3745 4763 3828 4819 ἓως

2285 4866 2409 4918 ὅτου
2436 4861 2701 4916 ἀπέθανε.

2359 5034 2434 5086 Δ’.
2468 5033 2536 5086 Τί
2557 5027 2654 5085 οὖν
2703 5028 2932 5097 Θέλομεν
2965 5027 3062 5080 καὶ
3099 5026 3265 5096 ἡμεῖς
3306 5025 3415 5077 ἀπὸ
3454 5023 3550 5104 τος)
3596 5019 3822 5092 πλησίονς

2281 5126 2349 5179 Τί
2384 5125 2615 5195 Θέλομεν
2646 5122 2756 5176 ἀπὸ
2785 5117 3074 5189 ἀλλοτρίου
3108 5116 3346 5188 βάρους;
3395 5116 3633 5186 Ἐχομέν
3667 5131 3714 5166 τι
3745 5126 3822 5181 μευ

2285 5218 2571 5290 ριμνῆσαι,
2597 5213 2840 5282 ἀδελφοὶ,
2879 5212 3110 5274 ἕκαστος
3157 5207 3337 5280 ἐαυτῷ
3372 5207 3588 5279 πρόσχῃ
3627 5204 3713 5258 καὶ
3732 5204 3821 5261 τοῖς

2281 5309 2432 5373 ίδίοις
2461 5308 2676 5371 κακοῖς.
2703 5306 2842 5359 Θεοῦ
2872 5305 3037 5376 μόνου
3078 5303 3218 5366 ἐστὶ,
3248 5302 3310 5356 τὸ
3345 5299 3634 5354 δικαιῶσαι
3669 5295 3751 5351 καὶ
3774 5291 3822 5344 τὺ

2277 5404 2629 5473 κατακρῖναι,
2645 5397 2742 5453 τοῦ
2765 5397 2969 5460 εἰδότος
2989 5396 3088 5449 καὶ
3111 5393 3211 5466 τὴν
3238 5394 3580 5448 κατάστασιν
3604 5389 3818 5446 ἑκάστου.

2275 5494 2371 5547 καὶ
2400 5494 2498 5562 τὴν
2543 5494 2802 5555 δύναμιν,
2843 5486 2940 5541 καὶ
2975 5487 3077 5551 τὰς
3119 5477 3491 5560 ἀναστροφὰς,
3526 5482 3618 5535 καὶ
3649 5479 3709 5532 τὰ
3740 5493 3819 5547 χιι⁹

2285 5583 2546 5654 ρίσματα,
2605 5582 2702 5636 καὶ
2737 5579 2854 5652 ’τὴν
2885 5579 3103 5649 κρᾶσιν,
3146 5576 3240 5630 καὶ
3273 5574 3374 5644 τὴν
3409 5568 3816 5654 ἐπιτηδειότητα⁶

2285 5673 2423 5745 πρὸς
2461 5674 2560 5727 ἓνα
2583 5673 2816 5727 ἕκαστον
2840 5667 3049 5725 τούτων
3079 5667 3355 5740 κρίνοντος
3394 5647 3576 5730 καδὼς
3597 5659 3723 5717 οἶδεν
3739 5655 3816 5712 αὖ·
