4020 6340
1500 508 1899 591 noetrntm
1927 513 2026 575 Vt.

3287 520 3429 587 1690

161 611 273 703 ,τδί
526 615 749 703 ’Ἄλλως
938 607 1129 693 κρίνει
1149 625 1179 678 ό
1215 624 1348 688 Θεὸς
1378 624 1450 678 τά
1481 624 1589 689 τοῦ
1629 628 1751 677 ἐπι-

1865 628 2152 697 principes,
2184 631 2343 687 aliter
2375 632 2647 703 praelatos,
2673 631 2829 688 aliter
2853 631 3123 700 subditos,
3154 631 3310 688 aliter
3341 650 3433 690 se-

175 701 407 803 σκόπου,
436 706 532 803 καί
554 702 728 771 άλλως
748 707 823 803 τά
836 710 940 791 τοῦ
967 711 1251 784 ἄρχοντος,
1279 714 1455 779 ἄλλως
1482 715 1658 787 κρίνει
1682 715 1751 767 τά

178 795 272 885 τοῦ
311 795 644 870 ἡγουμένου,
676 799 772 854 καὶ
800 802 990 885 Δἄλλως
1027 805 1097 858 τά
1129 807 1224 859 τοῦ
1267 807 1537 879 μαθητοῦ,
1581 807 1755 871 ἄλλως

183 884 253 936 τά
284 886 379 966 τοῦ
417 887 696 959 γέροντος,
723 884 1023 959 καὶᾶλλως
1044 896 1116 951 τά
1136 897 1233 951 τοῦ
1264 900 1553 971 νεωτέρου,
1583 899 1757 960 ἄλλως

181 974 252 1028 τά
279 977 376 1030 τοῦ
414 980 788 1049 ἀσθενοῦντος,
830 977 1126 1059 καὶᾶλλως
1159 991 1232 1044 τὰ,
1260 990 1355 1045 ⁴τοῦ
1397 991 1752 1065 ὑγιαίνοντος·

176 1067 294 1161 καί
331 1070 414 1134 τίς
467 1070 692 1161 δύναται
736 1077 906 1131 ταῦτα
928 1070 1009 1133 ’τά
1046 1071 1294 1152 κρίματα
1330 1082 1550 1145 εἰδέναι,
1596 1083 1646 1135 εί
1679 1080 1756 1152 μὴ

178 1160 343 1223 αὐτὸς
406 1163 569 1234 μόνος
597 1169 627 1220 ό
656 1170 909 1240 ποιήσας
943 1172 1013 1225 τὰ
1072 1174 1269 1236 πάντα,
1320 1175 1348 1228 ὁ
1385 1174 1482 1227 καὶ⁹
1542 1174 1756 1236 πλάσας

182 1250 383 1316 πάντα,
434 1256 531 1309 καὶ
576 1258 861 1327 γινώσκων
898 1261 1119 1331 πάντα;
1158 1255 1478 1335 Μέμνημαί
1514 1262 1753 1327 ἀκούσας

182 1339 269 1392 δτι
308 1342 441 1405 ποτὲ
478 1344 697 1413 ἐγένετο
747 1351 983 1420 πρᾶγμα
1022 1350 1311 1407 τοιοῦτονο
1341 1354 1522 1407 πλοῖον
1554 1353 1755 1423 ἀνδρα-

184 1429 363 1484 πόδων
411 1435 750 1504 παραϐαλεῖν
792 1440 873 1502 είς
903 1440 1059 1494 πόλιν
1095 1444 1238 1499 τινά.
1265 1438 1373 1497 Ἦν
1392 1443 1450 1497 δὲ
1482 1444 1541 1496 ἐν
1571 1442 1756 1515 ἐκείνῃ

173 1521 241 1591 τῇ
264 1520 417 1575 πόλει
440 1522 543 1593 μία
567 1525 836 1596 παρθένος
862 1529 994 1598 ἁγία
1010 1531 1152 1585 πάνυ
1170 1533 1515 1603 προσέχουσα
1536 1525 1704 1603 ἑαυτῇ
1737 1546 1751 1559 °

174 1608 316 1718 αῦτη
329 1612 605 1718 ,μαθοῦσα
631 1618 713 1718 ὅτι
742 1618 1022 1691 παρέϐαλε
1042 1622 1104 1675 τὸ
1132 1622 1319 1677 πλοῖον
1336 1624 1532 1690 έκεῖνο,
1556 1622 1752 1693 ἐχάρη,

210 1701 489 1771 Επεθύμει
518 1720 629 1776 γαρ
671 1708 941 1779 ἀγοράσαι
978 1712 1149 1782 ἑαυτῇ
1174 1712 1233 1765 ἓν
1265 1713 1523 1784 κοράσιον
1550 1710 1748 1782 μικρὸν

176 1794 343 1848 πάνυ.
394 1796 708 1865 Ἐλογίσατο
734 1800 867 1872 γὰρ,
894 1803 975 1855 ὅτι
1013 1802 1293 1871 Λαμϐάνω
1322 1805 1418 1857 καὶ
1451 1804 1757 1874 ἀνατρέφο·

182 1900 281 1952 μαι
318 1885 512 1965 αὐτὴν,
550 1887 628 1951 ὼς
682 1882 968 1955 θέλωξῑνα
1003 1892 1174 1963 μηδὲν
1228 1888 1368 1946 οἶδεν
1417 1896 1516 1963 τῆς
1555 1892 1754 1955 κακίας

177 1974 273 2030 τοῦ
301 1976 506 2046 κόσμου
533 1977 746 2041 τούτου,
779 1982 873 2034 καὶ
914 1982 1181 2053 πέμψασα
1210 1983 1630 2055 μεταστέλλεται
1662 1984 1754 2036 τὸν

183 2066 492 2139 ναύκληρον
538 2070 634 2124 τοῦ
684 2071 871 2125 πλοίου
916 2075 1151 2141 ἐκείνου,
1201 2077 1297 2130 καὶ
1325 2075 1570 2145 εὑρίσκει
1594 2075 1758 2127 αὐτὸν

178 2156 375 2229 ἔχοντα
406 2160 499 2215 δύο
527 2165 758 2234 κοράσια
796 2167 939 2220 πάνυ
972 2168 1167 2238 μικρά,
1209 2163 1297 2222 οἵα
1352 2168 1533 2231 ίδικῶς
1564 2167 1759 2221 ἐπεθύ-

181 2253 329 2322 μειή
362 2252 651 2324 παρθένος,
700 2259 794 2311 καὶ
844 2259 1048 2323 εὐθέως
1108 2260 1249 2329 μετὰ
1286 2262 1462 2332 χαρᾶς
1529 2260 1760 2331 παρέχει

178 2342 281 2413 τὴν
300 2345 489 2418 τιμὴν,
522 2348 618 2400 καὶ
644 2348 917 2419 λαμϐάνει
966 2350 1028 2404 τὸ
1062 2350 1120 2404 ἓν
1149 2352 1407 2423 κοράσιον
1448 2351 1585 2422 πρὸς
1616 2353 1750 2403 ἐαυ-

178 2434 305 2504 τήν.
352 2435 440 2501 Ὠς
488 2432 584 2492 οῦν
638 2440 906 2512 κατῆλθεν
935 2442 965 2495 ὁ
998 2442 1328 2513 ναύκληρος,
1380 2442 1503 2495 ὅθεν
1543 2444 1576 2511 ἠ
1625 2439 1824 2509 ἄγω-

179 2524 367 2597 ὲκείνη
395 2528 555 2597 μόνον
580 2533 955 2603 περιεπάτησε
994 2533 1212 2605 μικρὸν,
1245 2535 1338 2585 καὶ
1366 2534 1588 2601 ἀπαντᾷ
1611 2530 1760 2602 αὐτῷ

185 2613 285 2684 μία
337 2615 609 2688 θυμελικὴ
670 2621 1111 2694 παντάιχρηστος,
1177 2620 1274 2673 καὶ
1329 2619 1513 2689 βλέπει
1540 2622 1603 2674 τὸ
1635 2620 1763 2675 ἄλλο

135 2714 150 2727 ·
182 2705 444 2775 κοράσιον
477 2710 597 2777 μετ’
639 2708 827 2774 αὐτοῦ,
868 2711 962 2763 καὶ
1003 2708 1319 2780 ἐπεθύμησε
1367 2709 1550 2763 λαϐεῖν
1609 2710 1760 2775 αὐτὸ,

178 2798 281 2879 παὶ
312 2797 586 2867 λαμϐάνει
612 2816 627 2832 ·
677 2803 964 2875 συμφωνεῖ
1000 2802 1097 2855 καὶ
1126 2790 1364 2872 παρέχει
1429 2803 1531 2871 τὴν
1558 2803 1761 2870 τιμὴν,

154 2962 157 2967 Ι
183 2887 281 2942 καὶ
307 2888 648 2960 ἀπέρχουσα.
682 2890 829 2945 Δύτδ
849 2888 1088 2961 βλέπετε
1125 2892 1428 2963 μυστήριον
1450 2889 1613 2955 Θεοῦ,
1646 2890 1765 2960 βλέ-

183 2996 319 3061 πετε
343 2984 541 3053 κρῖμα.
571 2983 669 3043 Τίς
695 2984 920 3037 δύναται
954 2984 1139 3061 δοῦναι
1175 2984 1305 3052 περὶ
1338 2984 1531 3036 τούτου
1570 2980 1762 3048 λόγον;

181 3060 469 3144 Δαμσάνει
500 3069 596 3129 οὖν
629 3075 663 3145 ἡ
689 3062 823 3143 ἀγία
852 3059 1130 3147 παρθένος
1158 3075 1259 3146 τὴν
1286 3076 1494 3146 μικράν
1518 3073 1764 3143 ἐκείνην,

181 3167 279 3221 καὶ
298 3166 602 3239 ἀνατρέφει
627 3165 799 3238 αὐτὴν
828 3168 909 3231 είς
926 3167 1016 3220 τὸν
1036 3166 1202 3236 φόϐον
1220 3165 1316 3218 τοῦ
1337 3166 1494 3230 Θεοῦ,
1520 3163 1767 3216 τυποῦσα

1858 718 2063 784 niores,
2099 720 2254 776 aliter
2280 721 2550 792 juniores,
2595 724 2755 778 aliter
2801 732 3055 794 aegrotos,
3097 722 3257 778 aliter
3296 724 3435 778 bene

1860 811 2156 869 habentes:
2202 824 2254 868 et
2287 815 2412 881 quis
2459 822 2538 869 tot
2575 824 2742 883 queat
2773 814 2979 883 judicia
3024 812 3203 869 facere
3240 825 3436 884 prater

1856 917 1981 956 eum
2010 903 2104 972 qui
2147 888 2654 973 omnia'condidit,
2685 904 2869 957 omnia
2917 902 3211 967 formavit,
3252 902 3436 956 omnia
3478 969 3482 972 i

1856 992 2055 1047 novit?
2094 991 2356 1049 Memoria
2386 1004 2569 1051 autem
2611 1004 2767 1050 teneo
2806 993 3013 1048 factum
3056 992 3435 1061 hujuscemodi
3494 1010 3499 1015 ’

1855 1082 2181 1152 quandoque
2226 1098 2312 1137 me
2352 1082 2618 1138 audisse:
2675 1097 2867 1137 navem
2902 1082 3110 1136 scilicet
3151 1095 3434 1135 servorum

1856 1172 1923 1228 ad
1966 1188 2129 1243 quam
2180 1176 2365 1230 nescio
2415 1174 2606 1229 urbem
2650 1171 3019 1243 applicuisse,
3052 1172 3108 1225 in
3155 1186 3260 1241 qua
3304 1185 3436 1225 sane

1857 1264 1988 1319 urbe
2020 1274 2167 1320 esset
2195 1265 2345 1336 virgo
2378 1263 2746 1327 sanctissima,
2778 1261 2968 1317 salutis
3002 1275 3117 1314 suae
3142 1260 3433 1314 admodum

1854 1353 2018 1427 404
2046 1355 2276 1426 diligens
2303 1366 2357 1411 et
2385 1355 2654 1411 studiosa.
2676 1353 2794 1408 Hoc
2815 1350 2938 1408 cum
2970 1351 3290 1419 accepisset,
3316 1351 3438 1405 laeta

1857 1436 1997 1503 facta
2029 1457 2142 1503 est:
2172 1448 2397 1517 optabat
2426 1447 2572 1504 enim
2605 1446 2706 1501 sibi
2746 1444 3056 1500 ancillulam
3086 1457 3152 1496 ex
3183 1442 3439 1496 his‘mer-

1856 1538 1969 1593 cari
1997 1554 2161 1608 quam
2193 1554 2293 1593 suo
2322 1538 2587 1594 arbitratu
2628 1538 2795 1592 aleret
2840 1546 2895 1590 et
2942 1533 3211 1588 enutriret
3251 1533 3306 1586 in
3341 1530 3437 1586 Dei

1856 1628 2028 1692 cultu,
2062 1642 2165 1683 nec
2194 1627 2303 1681 ulla
2338 1618 2457 1682 labe
2494 1626 2773 1682 saecularis
2812 1622 3035 1678 malitiae
3074 1622 3274 1674 sineret
3302 1635 3438 1674 con-

1858 1720 2134 1773 taminari.
2162 1718 2433 1774 Accersiri
2460 1702 2591 1788 ergo
2624 1717 2781 1787 jubet
2810 1715 2965 1769 navis
2993 1714 3434 1783 gubernatorem,

1856 1824 2018 1879 quem
2055 1809 2235 1863 statim
2274 1807 2537 1879 comperit
2574 1818 2757 1862 tenere
2780 1821 2945 1877 penes
2971 1820 3029 1860 se
3067 1802 3271 1873 puellas
3301 1801 3439 1856 duas

1858 1901 1977 1970 ejus
2002 1900 2177 1953 relatis
2209 1913 2373 1968 quam
2403 1898 2646 1973 optabat.
2684 1897 2897 1963 Quibus
2923 1896 3056 1950 visis
3093 1910 3160 1947 ex
3193 1893 3278 1946 his
3306 1891 3439 1945 alte-

1859 2008 1975 2047 ram
2004 1992 2105 2045 sibi
2142 1991 2269 2045 dato
2299 1991 2473 2059 pretio
2502 1989 2728 2059 accepit.
2772 1987 2875 2042 Ubi
2905 2002 3035 2042 vero
3062 1986 3196 2041 abiit
3232 1998 3440 2037 merca-

1860 2095 1944 2139 tor
1975 2085 2117 2139 haud
2149 2084 2307 2151 longe
2332 2082 2611 2152 digressus
2641 2097 2673 2136 a
2703 2081 2909 2151 virgine
2949 2082 3063 2144 illa,
3094 2077 3305 2132 obviam
3339 2075 3446 2127 ha-

1859 2178 1979 2233 buit
2002 2176 2272 2231 scenicam
2294 2185 2348 2229 et
2372 2173 2728 2244 prostilmlam
2749 2172 3063 2243 quamdam,
3080 2170 3172 2240 cui
3200 2167 3439 2238 poscenti

1860 2271 2095 2341 puellam
2138 2269 2364 2323 alteram
2397 2267 2571 2336 pretio
2597 2263 3256 2332 dedit.Contgmplamini,
3280 2260 3440 2315 obsc-

1861 2376 1977 2421 (τι),
2017 2357 2335 2428 mysterium
2367 2356 2484 2421 Dei,
2513 2351 2957 2422 contemplamini
2984 2351 3273 2422 judicium.
3306 2351 3440 2414 Quis

1862 2457 2037 2518 potest
2068 2448 2135 2501 de
2170 2447 2269 2499 ltac
2301 2460 2357 2498 re
2387 2445 2576 2499 sanam
2616 2442 2812 2497 afferre
2857 2444 3122 2496 rationem
3149 2439 3172 2492 ?
3204 2438 3443 2505 Suscipit

1862 2538 2019 2605 virgo
2052 2531 2397 2588 sanctissima
2443 2526 2676 2599 puellam
2710 2527 2966 2596 primam,
2997 2539 3229 2594 eamque
3275 2524 3331 2576 in
3374 2524 3440 2574 ti-

1864 2642 2017 2685 more
2033 2623 2249 2679 Domini
2280 2621 2471 2683 nutrit,
2488 2618 2739 2682 instituit,
2768 2615 3023 2669 informat
3047 2615 3099 2667 in
3120 2629 3280 2668 omne
3302 2626 3439 2681 opus

1866 2720 2105 2780 bonum;
2136 2716 2296 2769 docet
2324 2726 2541 2765 onmem
2572 2708 2929 2775 monasticam
2950 2703 3443 2761 conversationem,

1865 2807 2102 2864 ostendit
2129 2802 2451 2861 suavitatem
2488 2801 2802 2866 angelorum
2831 2808 2884 2853 ct
2913 2782 3291 2851 mandatouun
3327 2792 3442 2846 Dei.

1866 2896 2103 2965 Suscipit
2128 2903 2183 2949 et
2215 2892 2433 2948 scenica
2459 2891 2649 2945 eodem
2689 2889 2862 2958 pretio
2893 2887 3211 2950 secundam,
3244 2893 3296 2937 et
3326 2898 3445 2935 cam

1868 2988 2125 3057 (breviter
2149 2982 2349 3053 dicam)
2380 2978 2665 3036 diabolicis
2690 2975 2947 3046 operibus
2970 2972 3196 3028 omnino
3225 2969 3445 3024 addicit.

1868 3080 2009 3146 Quid
2039 3078 2181 3131 enim
2220 3074 2367 3129 aliud
2402 3073 2598 3128 habeat
2631 3070 2771 3124 furia
2816 3068 2907 3121 illa
2954 3063 3100 3134 quod
3129 3078 3248 3139 eam
3293 3062 3452 3113 doce-

1870 3179 1970 3235 rct,
2003 3184 2166 3239 quam
2214 3166 2410 3220 anima:
2448 3179 2561 3219 sum
2595 3162 2876 3231 interitum
2911 3168 2963 3213 et
3010 3154 3271 3210 ruinam?
3310 3151 3449 3217 Quid

184 3257 361 3329 αὐτὴν
383 3259 467 3321 είς
494 3260 607 3312 πᾶν
630 3258 799 3330 ἔργον
825 3256 1054 3328 ἀγαθὸν,
1092 3256 1425 3311 διδάσκουσα
1459 3255 1631 3326 αὐτὴν
1658 3255 1764 3307 πᾶ-

1871 3271 2052 3315 autem
2080 3260 2323 3312 dicemus
2344 3257 2409 3310 de
2438 3253 2685 3309 horribili
2712 3251 2919 3321 judicio
2948 3247 3084 3302 hoc?
3117 3244 3300 3298 Ambae
3327 3257 3451 3312 pat-

186 3365 287 3404 σαν
321 3348 427 3421 τὴν
470 3348 772 3420 μοναχικὴν
817 3350 1180 3417 κατάστασιν,
1212 3349 1307 3402 καὶ
1353 3350 1535 3401 πᾶσαν
1580 3344 1766 3407 ἁπλῶς

181 3440 283 3511 τὴν
303 3439 537 3493 εὐωδίαν
555 3440 664 3494 τῶν
695 3439 871 3509 ἁγίων
910 3439 1147 3498 ἐντολῶν
1185 3440 1283 3493 τοῦ
1316 3438 1476 3493 Θεοῦ.
1511 3436 1768 3491 Λαϐοῦσα

184 3530 281 3587 καὶ
301 3532 337 3602 ἠ
367 3530 638 3603 θυμιλικὴ
656 3532 759 3604 τὴν
784 3531 978 3586 ἀθλίαν
1011 3531 1253 3600 ἐκείνην,
1300 3528 1634 3584 ἀπετέλεσεν
1667 3529 1767 3581 αὐ-

181 3622 284 3695 τὴν
326 3624 612 3697 ἔργαλετον
674 3623 771 3680 τοῦ
829 3625 1100 3680 διαϐόλου.
1157 3625 1224 3678 Τί
1254 3624 1365 3695 γὰρ
1404 3623 1532 3679 ἀλλο
1560 3619 1768 3695 εἷχενή

182 3715 325 3790 ὀργή
346 3716 532 3787 ὶιείνη
562 3716 773 3781 διδάξαι
817 3718 979 3787 αὐτῇ,
1018 3718 1075 3773 εἰν
1105 3716 1181 3789 μὴ
1209 3716 1312 3787 τὴν
1357 3714 1637 3769 ἀπώλειαν
1669 3704 1800 3784 τῆς’

182 3806 365 3877 ψυχῆς
396 3807 609 3876 αὒτῆς;
641 3806 709 3859 Τί
737 3804 832 3861 οὖν
856 3806 1135 3877 δυνάμεθα
1164 3807 1343 3860 εἰπεῖν
1375 3807 1507 3874 περὶ
1546 3804 1642 3856 τοῦ
1674 3822 1769 3872 φο-

184 3898 352 3973 ϐεροῦ
380 3900 653 3971 κρίματος
680 3899 911 3964 τούτους
943 3901 997 3950 αἱ
1029 3897 1124 3951 δύο
1159 3897 1358 3967 μικραὶ
1393 3882 1646 3965 ἦσαν,αί
1676 3895 1769 3947 δύο

183 3992 508 4063 ἐπράθησαν
534 3992 673 4061 μήτε
700 3990 896 4052 εἰδυῖαι
926 3990 1031 4041 ποῦ
1057 3989 1415 4058 ἀπέρχονται,
1452 3986 1547 4039 κα)⁸
1570 3985 1767 4056 εὑρέθη

185 4087 221 4156 ἠ
255 4084 358 4157 μία
397 4085 480 4151 εἰς
505 4082 605 4146 τὰς
639 4084 830 4155 χεῖρας
850 4081 946 4134 τοῦ
975 4078 1135 4142 Θεοῦ,
1164 4080 1262 4133 καὶ
1289 4080 1325 4149 ἡ
1352 4066 1486 4148 άλλη
1510 4078 1767 4130 ἐνέπεσεν

182 4178 265 4239 εἰς
284 4174 391 4236 τάς
410 4178 600 4245 χεῖρας
634 4174 730 4228 τοῦ
756 4172 1027 4226 διαϐόλου.
1065 4173 1209 4241 Ἀρα
1243 4166 1336 4226 οὖν
1367 4170 1593 4224 δυνατόν
1617 4171 1769 4221 ἐστιν

183 4270 363 4324 εἰπεῖν
391 4268 475 4321 ὅτι
513 4267 744 4333 ,ἀπαιτεῖ
779 4264 953 4335 αὐτὴν
989 4266 1018 4318 ὁ
1058 4263 1217 4328 Θεὸς,
1276 4263 1501 4315 ἀπαιτεί
1548 4259 1642 4312 καὶ
1669 4259 1768 4328 τὴν

182 4360 390 4430 mm;
420 4358 538 4421 πῶς
560 4359 835 4427 sumpsi;
867 4355 977 4427 ἄρα
1006 4356 1102 4409 ἐὰν
1135 4356 1199 4407 αἱ
1222 4353 1317 4406 δύο
1340 4350 1657 4421 ἐμπέσωσιν
1688 4352 1769 4414 είς

183 4452 470 4525 πορνείαν,
529 4450 571 4520 ἢ·
606 4450 691 4513 είς
748 4447 881 4504 ἄλλο
927 4448 1307 4518 παράπτωμα,
1348 4441 1573 4495 δύνατόν
1623 4444 1770 4497 ἐστιν

182 4546 361 4599 είπετν
387 4546 473 4599 ὅτι
505 4540 568 4594 τὸ
597 4541 735 4596 αὐτὸ
763 4542 939 4614 κρῖμα
957 4538 1173 4608 ἔχουσιν
1189 4536 1245 4587 αί
1271 4534 1385 4598 δύο,
1402 4533 1521 4609 κᾶν
1553 4536 1615 4588 τὸ
1636 4538 1769 4590 αὐτὸ

1872 3367 1950 3406 va:
1968 3357 2144 3412 erant,
2174 3348 2349 3419 ambae
2385 3344 2702 3398 venundata:
2725 3380 2743 3406 ,
2773 3340 2946 3393 ambae
2975 3338 3176 3403 ignara:
3197 3350 3305 3404 quo
3328 3349 3471 3402 pro»

1872 3443 2271 3502 ticiscerentur,
2297 3436 2389 3506 qui
2428 3451 2550 3491 sese
2587 3441 2873 3486 manerent
2897 3430 3076 3483 exitus
3110 3445 3122 3480 :
3159 3436 3213 3481 ct
3240 3440 3367 3480 ecce
3397 3424 3453 3477 iu

1871 3545 2068 3585 manus
2097 3527 2193 3581 Dei
2240 3526 2426 3587 altera,
2476 3522 2641 3576 altera
2675 3520 2730 3573 in
2776 3532 2971 3571 manus
3009 3514 3207 3593 diaboli
3244 3512 3452 3565 incidit.

1871 3618 2145 3686 Numquid
2196 3612 2568 3685 igiturdicere
2608 3623 2902 3678 possumus
2947 3603 3088 3658 idem
3135 3599 3362 3656 consilio
3403 3606 3458 3651 ct

1869 3707 2222 3776 dispositione
2250 3704 2342 3757 Dei
2376 3687 2626 3756 factum?
2661 3698 2833 3763 llaud,
2862 3697 3103 3773 inquam,
3137 3694 3282 3754 licet,
3313 3689 3459 3743 haud

1870 3770 2067 3855 fas-est
2095 3798 2170 3850 ita
2200 3794 2470 3865 judicare.
2507 3789 2565 3844 Si
2598 3790 2745 3842 enim
2789 3770 2962 3840 amba:
2994 3785 3049 3837 in
3090 3783 3137 3835 id
3162 3782 3341 3850 ipsum
3375 3778 3456 3830 vi-

1872 3894 2006 3946 tium
2030 3889 2374 3950 incidissent,
2401 3883 2588 3937 liceret
2616 3880 2802 3958 qtique
2826 3876 3010 3929 dicere
3032 3872 3173 3926 idem
3191 3867 3458 3938 judicium

1869 3980 2136 4037 ambabus
2165 3976 2434 4031 evenisse.
2463 3972 2533 4023 At
2560 3969 2674 4023 haec
2698 3965 2891 4019 didicit
2920 3960 3105 4015 omnia
3130 3960 3195 4013 de
3226 3958 3456 4028 judicio,

1872 4078 1937 4130 de
1974 4088 2139 4141 regno
2166 4068 2280 4133 Dei,
2319 4067 2406 4120 die
2451 4078 2515 4117 ac
2543 4069 2700 4114 nocte
2740 4059 2882 4111 inter
2915 4054 3081 4108 verba
3118 4052 3209 4106 Dei
3244 4059 3458 4105 versata

1868 4178 1972 4225 est.
1999 4164 2195 4219 Misera
2222 4168 2405 4214 autem
2435 4155 2529 4209 illa
2561 4166 2842 4222 nunquam
2871 4149 3024 4211 vidit,
3054 4161 3331 4213 nunquam
3362 4160 3462 4198 au-

1870 4260 2007 4317 divit
2040 4254 2171 4327 quid
2210 4252 2414 4307 bonum
2454 4257 2639 4310 esset;
2675 4253 2732 4298 at
2758 4250 2949 4297 contra
2992 4238 3173 4307 potius
3214 4237 3267 4290 in
3299 4251 3462 4290 onme

1873 4352 2075 4408 malum
2102 4356 2186 4402 est
2208 4345 2422 4405 cdoeta,
2474 4339 2541 4393 ad
2576 4336 2761 4392 omnia
2797 4330 2998 4401 turpia,
3034 4330 3294 4393 obscena,
3339 4327 3461 4381 dia-

1874 4445 2071 4503 bolica,
2103 4441 2390 4493 instructa.
2423 4430 2489 4484 Et
2511 4425 2783 4501 quomodo
2805 4430 2984 4493 potest
3012 4422 3180 4491 repeti
3205 4420 3271 4473 ah
3298 4419 3460 4472 utris-

1872 4551 1979 4607 que
2005 4533 2192 4588 eadem
2226 4522 2543 4596 diligentia?

184 4625 417 4713 σφάλμα
468 4642 651 4713 συμϐῇ
701 4605 1075 4710 ἀμεροτέραιςς
1113 4632 1239 4695 Πῶς
1283 4605 1577 4702 ἐνδέχεται,
1610 4634 1748 4706 αὕτη
1790 4605 1963 4705 ἔμαθε
2011 4628 2083 4683 τὰ
2131 4626 2260 4696 περὶ
2295 4624 2395 4692 τῆς
2433 4610 2912 4687 κρίσεως,.ἕμαθε
2949 4610 3019 4663 τὰ
3054 4608 3183 4703 πεῖρὶ
3227 4607 3327 4695 τῆς
3360 4605 3459 4672 βα-

185 4704 401 4798 σίλείας
447 4704 981 4802 τοῦ-Θεοῦξή-μέρας
1024 4729 1119 4783 καὶ
1154 4731 1352 4792 νυκτὸς
1420 4732 1501 4795 εἰς
1545 4732 1615 4785 τά
1644 4704 1802 4801 λόγια
1824 4704 1934 4786 τοῦ
1997 4727 2136 4784 Θεοῦ
2162 4742 2177 4757 ·
2219 4724 2401 4789 ἐκείνη
2425 4720 2458 4788 ἡ
2488 4715 2653 4769 ἀθλία
2696 4711 2959 4765 οὐδέποτε
2991 4705 3150 4765 οἶδεν,
3185 4705 3216 4775 ἢ
3244 4704 3456 4773 ἥκουσέ

182 4851 237 4889 τι
262 4831 493 4901 ἀγαθὸν,
516 4828 654 4883 άλλά
677 4828 739 4880 τὸ
760 4824 1027 4887 ὲναντίον,
1049 4825 1228 4879 πάντα
1250 4828 1323 4879 τά
1378 4825 1600 4897 αἰσχρὰ,
1654 4830 1832 4884 πάντα
1869 4845 1940 4883 τα
1970 4822 2276 4885 διαϐολικὰ,
2319 4817 2412 4870 καὶ
2451 4812 2571 4874 πῶς
2602 4811 2841 4882 ἐγχωρεῖ
2874 4802 3248 4871 ἀπαιτηθῆναι
3280 4802 3461 4870 ἀμφοο

164 4932 356 5004 ,τέρας
388 4928 491 4999 τὴν
514 4924 688 4994 αὐτὴν
709 4921 997 4992 ἀκρίϐειαν
1026 4938 1041 4987 ;

257 4978 351 5003 Γ-τ
401 4978 458 4999 η.
643 4978 656 4994 .
789 4978 801 4992 .
1027 4978 1040 4987 .
1220 4984 1225 4989 .

257 5023 339 5079 E'.
375 5016 586 5073 Οὐκοῦν
656 5014 813 5097 οὐδὲν
852 5014 1074 5069 δύναται
1105 5014 1392 5086 ἄνθρωπος
1426 5016 1624 5069 εἰδέναι
1654 5018 1764 5070 τῶν

1943 5009 2008 5065 ν.
2062 5008 2253 5061 Annon
2301 4998 2466 5068 igitur
2510 4992 2660 5065 quod
2704 4989 2816 5047 dixi
2850 4985 3053 5046 dudum
3109 4978 3458 5035 verissinmm

1926 5091 1937 5097 '
2362 5089 2373 5097 -
2495 5087 2507 5097 -
2715 5085 2749 5097 ..
2885 5075 3140 5097 g,_,g_g___‘
3174 5072 3262 5097 nn:
3294 5087 3431 5097 --.ΜΚ

185 5098 476 5186 κριμάξων
497 5106 592 5161 τοῦ
624 5105 784 5174 Θεοῦ,
803 5102 947 5186 μλλά
972 5106 1135 5170 αὺτδς
1174 5105 1331 5174 μόνος
1358 5108 1505 5160 ἐστὶν
1540 5111 1568 5161 ὀ
1597 5127 1764 5169 κατα·

1871 5091 1976 5165 est,
2008 5114 2116 5155 non
2154 5105 2315 5164 posse
2361 5087 2639 5143 hominem
2676 5085 2847 5138 ullum
2877 5075 3144 5149 judicium
3172 5072 3266 5126 Dei
3293 5087 3464 5142 aguo~

186 5202 489 5276 λαμϐάνων
534 5201 736 5264 πάντα,
789 5195 887 5253 καὶ
910 5244 912 5247 .
938 5197 1236 5271 δυνάμενος
1289 5195 1360 5249 τά
1389 5197 1507 5250 καθ’
1533 5198 1769 5254 ἕκαστον

187 5302 396 5371 κρῖναι,
422 5293 609 5369 καθὼς,
632 5291 795 5366 μόνος
828 5291 1145 5364 ἐπίσταταιι
1194 5288 1437 5360 Ἀληθῶς
1460 5292 1768 5363 συμϐαῖνει,

185 5396 271 5449 ὅτι
301 5394 449 5445 ποιεῖ
472 5388 701 5457 ἀδελφὸς
734 5383 1039 5457 πράγματά
1066 5392 1189 5459 τινα
1232 5386 1290 5437 ὲν
1321 5384 1584 5453 ἁπλότητι
1609 5403 1621 5414 ·
1656 5385 1771 5457 ἔχει

188 5486 247 5539 δὲ
270 5484 332 5537 ἓν
376 5481 610 5551 πρᾶγμα
643 5478 672 5531 ὅ
720 5494 775 5530 τι
815 5474 1157 5547 ἀρέσκει-τῷ
1193 5476 1316 5546 Θεῷ
1354 5475 1493 5546 ὑπὲρ
1520 5477 1647 5547 ὅλην
1674 5479 1774 5549 τὴν

190 5576 341 5644 ζωήν
386 5589 505 5632 σου,
552 5568 647 5623 καὶ
695 5569 760 5622 σὺ
802 5565 1026 5632 καθέξει
1072 5568 1418 5637 κατακρινων
1450 5568 1636 5631 αὑτὸν,
1680 5571 1778 5623 καὶ

195 5662 447 5726 κολάζων
501 5660 597 5732 τὴν
646 5658 825 5730 ψυχήν
870 5673 997 5721 σου;
1024 5657 1100 5714 Εἰ
1139 5656 1331 5710 δὲκαὶ
1383 5657 1565 5727 συμϐῇ
1615 5657 1778 5709 αὑτὸν

194 5721 863 5825 ἀσυστραφῆναι,’πόθεν
927 5744 1076 5812 οἶδας
1128 5748 1272 5801 πόσα
1318 5721 1647 5816 ἠγωνίσατο,
1686 5750 1764 5799 κα¹

1872 5748 2024 5795 tuam
2053 5734 2247 5790 iredis?
2273 5730 2402 5786 Esto
2430 5722 2684 5783 ceciderit
2711 5737 2724 5772 :
2764 5731 2819 5775 tu
2866 5721 2996 5791 quid

205 5848 348 5903 πόσα
371 5845 567 5911 ἔσταξε
597 5844 656 5898 τὸ
678 5838 819 5914 αἷμα
840 5839 1006 5895 αὑτοῦ
1036 5839 1164 5912 πρὶν
1188 5839 1494 5908 ἐνεργήσει,
1526 5838 1617 5891 καὶ
1650 5854 1773 5907 σχε-

196 5941 289 5998 δον
341 5939 655 6010 εὑρίσκεται
709 5934 769 5989 τὸ
809 5926 1279 6006 aestimem-3,
1335 5929 1410 5992 rb;
1462 5927 1773 5997 amato:qu

1874 5178 2047 5256 scere,
2078 5186 2171 5242 sed
2205 5182 2384 5238 solum
2428 5193 2552 5234 esse
2584 5176 2753 5233 Deum
2784 5172 2877 5243 qui
2904 5170 3050 5225 circa
3092 5165 3308 5249 singula
3341 5179 3436 5217 sus

1876 5252 2327 5355 eepitjudieium,
2364 5280 2426 5326 ut
2458 5270 2637 5325 solum
2669 5266 2763 5339 qui
2804 5259 2989 5318 omnia
3031 5254 3292 5312 noverit?
3322 5252 3466 5311 Con-

1879 5347 2053 5445 tingit:
2069 5371 2390 5440 plerumque
2417 5363 2655 5432 aliquem
2675 5374 2742 5413 ex
2771 5352 3039 5410 fratribus
3058 5350 3122 5404 in
3160 5347 3347 5405 multis
3372 5358 3462 5399 er-

1878 5437 1998 5519 rare
2028 5437 2371 5528 simpliciter,
2416 5468 2529 5507 rem
2569 5459 2750 5506 autem
2794 5444 3031 5513 aliquam
3076 5446 3131 5497 in
3164 5446 3223 5497 se
3260 5437 3463 5492 habere

1877 5571 1984 5626 qua
2014 5555 2123 5607 Deo
2152 5548 2382 5603 mirifice
2408 5559 2571 5613 super
2600 5551 2816 5597 omnem
2848 5537 3013 5589 vitam
3045 5542 3191 5587 tuam
3217 5529 3461 5597 placeat;

1879 5619 1934 5701 et
1956 5657 2013 5700 tu
2038 5643 2233 5699 sedens
2256 5648 2310 5694 et
2336 5637 2547 5691 otiosus
2582 5632 2735 5684 illum
2773 5627 3008 5697 judicas,
3034 5636 3195 5692 atque
3220 5619 3462 5673 animam

3044 5716 3153 5770 scis
3182 5710 3462 5782 quoumde

1877 5826 2291 5889 concertaverit,
2321 5817 2597 5890 quomodo
2626 5813 2879 5869 effuderit
2907 5808 3227 5877 sanguinem
3274 5819 3458 5871 suum,

1876 5932 2170 5993 antequam
2213 5913 2470 5978 caderet;
2524 5915 2693 5979 tttgt
2738 5920 2873 5976 pene
2920 5900 3230 5957 inveniatur
3264 5898 3458 5956 vitium
