4020 6340
588 402 719 467 1691

1688 353 1697 361 ’
1779 404 1837 461 s.
1879 400 2262 461 nouorum
2293 401 2615 461 ABBATIS

3681 389 3829 465 1692

577 515 694 581 ejus
718 526 976 580 tanquam
1015 511 1223 580 justitia
1252 517 1556 580 reputatum
1587 510 1726 578 apud
1754 508 1965 563 Deum?
1997 508 2138 561 Vidit

2252 511 2388 580 παρὰ
2408 508 2486 585 τῷ
2510 508 2665 578 Θεῷ;
2709 498 2905 562 Βλξέπει
2931 505 3041 578 γὰρ
3069 507 3098 560 ὁ
3117 506 3251 572 Θεδς
3294 507 3389 562 τδν
3421 507 3598 563 κόπον
3623 510 3821 575 αὑτοῦ,

578 604 718 657 forte
756 603 898 656 Deus
930 603 1164 656 laborem
1205 602 1323 671 ejus
1360 610 1413 655 et
1443 601 1784 655 alliictiouetn
1812 614 1986 670 quam
2017 616 2142 669 pas-

578 708 670 747 sus
710 701 791 746 est
824 707 945 747 cum
987 701 1305 754 tentaretur,
1345 692 1714 759 miscrtusque
1758 700 1843 744 est
1886 690 2052 751 illius,
2089 699 2144 743 ct

578 784 797 848 ignorit.
817 783 1059 851 Cumque
1086 783 1236 836 illum
1266 784 1519 836 misertus
1538 781 1677 835 Deus
1697 782 1789 843 sit,
1818 790 1874 834 tu
1898 781 2141 848 judicare

575 874 795 935 audeas,
825 882 986 939 atque
1014 875 1253 925 animam
1284 881 1432 925 luam
1464 872 1723 941 perdere?
1750 870 1889 937 Quid
1918 880 1993 936 tu,
2022 887 2138 935 om,

573 963 682 1017 seis
711 971 844 1030 quot
871 962 1066 1015 fuderit
1096 962 1361 1032 lacrymas
1382 976 1476 1029 pro
1503 961 1699 1016 delicto
1726 961 2147 1030 hujuscemodi?

574 1050 725 1105 Nosti
754 1052 969 1120 quidem
999 1052 1277 1115 delictum,
1307 1067 1415 1104 nun
1444 1052 1585 1105 nosti
1616 1053 2007 1121 pmoitentiam.
2037 1050 2142 1106 Sed

573 1152 691 1196 esto
726 1143 863 1210 quod
895 1142 1166 1210 jttdicares
1211 1152 1462 1207 tantum;
1514 1141 1617 1196 hoc
1658 1156 1764 1195 non
1813 1150 2101 1196 contentus
2125 1180 2140 1204 ,

573 1233 734 1286 etiam
763 1232 1081 1286 contemnis.
1114 1232 1271 1285 Aliud
1310 1242 1391 1286 est
1427 1231 1594 1296 enim,
1625 1242 1684 1285 ut
1715 1230 1847 1293 dixi,
1876 1231 2141 1299 judicare,

573 1334 735 1390 atque
771 1323 912 1376 aliud
952 1331 1315 1375 contemnere.
1354 1322 1706 1389 Contemptus
1748 1321 1806 1374 lit
1849 1329 1969 1389 post
2001 1321 2144 1388 judi-

573 1413 756 1476 cium;
788 1421 848 1466 ut
882 1413 926 1467 si
967 1410 1289 1465 convicieris
1330 1411 1599 1478 proximo,
1645 1411 1771 1464 ludo
1801 1411 1950 1464 illum
1985 1418 2145 1477 atque

571 1503 696 1555 odio
736 1502 933 1555 habeas
967 1520 981 1555 :
1017 1501 1162 1569 quod
1196 1514 1327 1554 sane
1372 1500 1526 1569 pejus
1569 1509 1653 1556 est
1695 1508 1752 1555 et
1788 1501 2145 1570 perniciosius

568 1592 795 1661 judicio.

644 1766 735 1822 Vl.
784 1769 885 1835 Qui
917 1778 1105 1839 optant
1147 1772 1310 1840 igitur
1350 1770 1588 1835 salvari,
1631 1784 1910 1839 nunquam
1938 1771 2142 1825 curiosi

2244 600 2336 652 καὶ
2366 599 2467 669 τὴν
2501 597 2682 666 θλίψιν
2707 597 2774 666 ἢν
2796 596 2973 667 ἔσχεν,
2998 596 3074 661 ὡς
3118 592 3294 661 εἶπον,
3320 598 3427 668 πρὸ
3453 598 3551 652 τοῦ
3586 599 3825 669 ἐνεργῆ-

2244 706 2351 753 σαι,
2376 688 2520 742 ἐλεεῖ
2544 688 2708 742 αὐτόν
2730 703 2744 716 ·
2775 687 2870 740 καὶ
2902 687 2967 740 σὺ
2987 685 3275 752 γινώσκεις
3301 688 3458 752 αὑτὸ,
3485 689 3584 741 καὶ
3602 691 3635 743 ὁ
3668 690 3772 758 μὲν
3794 691 3827 742 ὁ

2241 782 2371 846 θεὸς
2395 781 2537 835 ἐλεεῖ
2563 781 2747 845 αὑτὸν,
2776 783 2841 834 σὺ
2863 780 2920 833 δὲ
2949 778 3300 850 κατακρίνεις
3322 780 3509 843 αὑτὸν,
3540 778 3638 834 καὶ
3663 779 3828 834 ama.

2241 873 2354 934 lsi;
2382 872 2447 941 τὴ
2472 872 2654 941 ψυχήν
2686 887 2817 937 σονς
2844 870 3015 923 Πόθεν
3036 870 3096 923 δὲ
3119 864 3288 933 οἶδας,
3313 870 3409 923 καὶ
3433 871 3579 924 πόσα
3604 870 3823 941 δάκρυα

2242 961 2456 1032 ἐξέχεεν
2488 959 2719 1014 ἐνώπιον
2746 959 2842 1012 τοῦ
2879 956 3018 1012 Θεοῦ
3061 958 3196 1029 ’περὶ
3233 957 3464 1025 τούτους
3496 958 3596 1011 καὶ
3630 958 3702 1011 σὺ
3724 959 3823 1029 τὴν

2250 1053 2348 1122 μὲν
2399 1051 2673 1123 ἁμαρτίαν
2723 1046 2892 1113 οἶδας,
2940 1050 3037 1119 τὴν
3083 1048 3140 1102 δὲ
3168 1049 3464 1119 μετάνοιαν
3493 1049 3599 1102 οὑκ
3646 1044 3821 1112 οῐδας.

2251 1143 2404 1196 Ἐσθ’
2433 1142 2522 1196 ὅτε
2549 1142 2712 1213 μόνον
2734 1141 2816 1195 ὅτι
2837 1141 2899 1194 οὑ
2930 1140 3355 1211 κατακρίνομεν,
3387 1138 3529 1193 ἀλλὰ
3549 1140 3651 1193 καὶ
3674 1139 3825 1203 ἔξου-

2243 1232 2520 1301 δενοῦμεν.
2547 1232 2711 1287 Ἀλλο
2742 1232 2849 1304 γάρ
2882 1233 3051 1294 ἐστιν,
3087 1231 3164 1294 ὡς
3184 1226 3357 1293 εἷπον,
3384 1230 3443 1282 τὸ
3459 1229 3821 1299 κατακρῖναι,

2243 1323 2337 1376 καὶ
2369 1322 2496 1376 ἄλλο
2545 1318 2899 1390 ὲξουδενῶσαι
2924 1337 2941 1355 ·
2965 1323 3000 1389 ἡ
3034 1320 3384 1385 ὲξουδὲνωσίς
3428 1320 3601 1386 ἐστιν,
3642 1320 3732 1374 ὅτι
3761 1319 3824 1372 οὑ

2246 1415 2407 1485 μόνον
2426 1416 2747 1486 κατακρίνει
2766 1432 2872 1480 τις,
2895 1414 3031 1469 ἀλλὰ
3056 1415 3153 1468 καὶ
3173 1412 3443 1480 ὲξουδενεῖ
3464 1427 3480 1441 ·
3499 1410 3681 1464 οἱονεὶ
3708 1409 3826 1480 βδε-

2242 1505 2497 1558 λύσσεται
2541 1505 2634 1558 τὸν
2677 1505 2929 1576 πλησίον,
2973 1504 3274 1574 σιχαίνεται
3304 1503 3486 1567 αὑτὸν,
3516 1502 3595 1563 ὡς
3622 1499 3826 1570 ἀηδίαν

2242 1597 2383 1659 τινὰ,
2413 1597 2508 1651 καὶ
2534 1599 2648 1651 ἔστι
2677 1596 2837 1651 τοῦτο
2861 1599 3042 1667 χεῖρον
3064 1596 3158 1651 τοῦ
3191 1597 3543 1665 κατακρῖναι,
3578 1595 3679 1648 καὶ
3701 1593 3825 1647 ὀλε-

2244 1687 2272 1740 0
2280 1686 2539 1757 ριὼτερον
2566 1688 2728 1741 πάνυ.

2317 1776 2405 1842 ΕΓ.
2429 1779 2491 1829 Ui
2513 1777 2571 1829 δὲ
2592 1777 2838 1839 θέλοντες
2865 1775 3127 1844 σωθῆναι,
3151 1773 3275 1828 οὑδὲ
3293 1773 3655 1846 προσέχουσιν
3672 1772 3823 1827 ἐλατ-

573 1871 699 1915 sunt
737 1861 878 1915 circa
912 1862 1133 1916 minima
1182 1863 1555 1931 proximorum
1602 1861 1795 1915 delicta
1821 1899 1837 1924 ,
1875 1862 1967 1915 sed
1996 1862 2140 1916 circa

2252 1865 2459 1935 πώματι
2507 1865 2600 1917 τοῦ
2651 1864 2900 1935 πλησίον,
2953 1865 3091 1919 ἀλλὰ
3117 1866 3231 1927 τοῖς
3258 1863 3409 1926 ἰδίοις
3439 1863 3702 1927 πάντοτε,
3729 1864 3828 1916 καὶ

572 1965 669 2005 sua
714 1967 927 2021 semper
961 1962 1296 2020 occupantur
1318 1992 1332 2015 ,
1376 1947 1538 2021 atque
1574 1967 1637 2007 ea
1667 1952 1984 2021 praecidunt.
2025 1952 2142 2017 Quo

573 2041 828 2107 praeclare
855 2042 962 2110 egit
996 2042 1102 2105 ille,
1143 2044 1233 2110 qui
1265 2058 1387 2097 cum
1436 2043 1654 2105 fratrem
1691 2058 1848 2096 suum
1888 2057 2144 2109 peccasse

573 2130 801 2195 audiret,
830 2133 1108 2199 su5pirans
1142 2133 1306 2186 dixit:
1345 2152 1362 2183 ι
1394 2133 1489 2187 llei
1519 2132 1649 2186 mihi
1684 2132 1811 2201 quia
1843 2133 1930 2186 ille
1962 2133 2140 2196 hodie,

572 2235 695 2275 cras
730 2224 866 2291 ego!
904 2239 921 2272 ι
961 2222 1152 2275 Cernis
1180 2224 1515 2275 cautionem!
1550 2222 1740 2275 Cernis
1774 2223 1826 2275 in
1854 2239 1919 2276 co
1948 2224 2143 2276 anima:

574 2312 1093 2379 promptitudiuem?
1141 2311 1313 2376 Quam
1359 2312 1465 2365 cito
1513 2312 1754 2374 invenit,
1802 2327 1867 2365 ne
1919 2311 2140 2367 fratrem

575 2416 731 2453 suum
759 2400 1021 2468 judicaret
1046 2401 1068 2453 ’ἓ
1091 2399 1250 2471 405
1285 2400 1338 2454 ld
1370 2403 1513 2454 enim
1553 2401 1774 2453 verbum
1808 2401 1950 2468 quod
1981 2401 2139 2463 dixit,

572 2506 829 2557 egocras.
861 2488 961 2557 ipsi
995 2490 1241 2542 timorem
1275 2490 1424 2542 dedit
1455 2498 1507 2541 et
1535 2490 1940 2560 cogitationem,
1972 2499 2029 2543 ut
2055 2506 2141 2545 ca-

576 2592 721 2634 reret
755 2582 824 2633 ab
862 2582 945 2634 his
976 2580 1028 2633 in
1061 2581 1257 2649 quibus
1292 2596 1350 2635 se
1385 2589 1730 2649 peccaturum
1761 2580 2140 2649 praedixisset;

574 2686 640 2723 ac
680 2670 758 2724 sic
804 2669 1034 2739 proximi
1078 2670 1340 2737 judicium
1382 2670 1589 2739 cllugit.
1640 2668 1825 2739 Neque
1863 2670 1965 2725 hoc
2010 2672 2143 2727 satis

576 2761 697 2822 fuit,
730 2762 821 2814 sed
847 2769 898 2814 et
931 2763 1166 2829 seipsuin
1206 2761 1532 2823 liumiliavit,
1564 2770 1619 2815 et
1644 2762 1901 2820 subdidit,
1923 2762 2141 2817 dicens:

576 2849 697 2915 Agit
728 2848 814 2902 hic
843 2849 1213 2915 paenitentiam
1250 2866 1264 2913 ;
1295 2864 1395 2916 ego
1422 2856 1601 2902 autem
1639 2849 2005 2917 paenitentiam
2030 2850 2146 2903 nul-

577 2939 683 2991 lum
725 2952 843 3006 ago,
882 2953 989 2992 nec.
1016 2938 1281 3005 przm‘CttiO
1317 2949 1376 2992 ut
1419 2938 1619 3006 possim
1662 2939 1941 3006 poenitere.
1984 2937 2144 2995 Vides

578 3029 771 3081 divina:
809 3028 1002 3081 anima:
1036 3028 1235 3093 lumen,
1264 3043 1384 3096 quae
1415 3042 1523 3081 non
1571 3027 1747 3080 solum
1791 3027 1977 3098 effugit
2020 3042 2146 3095 pro-

581 3115 710 3168 ximi
758 3115 1058 3183 judicium,
1110 3129 1295 3168 verum
1333 3115 1489 3168 etiam
1536 3115 1766 3183 seipsam
1806 3115 2145 3171 humiliavit?

580 3205 647 3257 Λι
674 3219 772 3258 nos
810 3204 1048 3257 infelices
1077 3203 1281 3272 absque
1316 3205 1421 3257 ulla
1464 3204 1789 3258 discretione
1811 3206 2137 3273 judicamus,

580 3296 706 3348 odio
734 3296 1014 3357 habemus,
1058 3295 1458 3349 contemnimus
1496 3295 1759 3363 quidquid
1805 3296 2097 3351 viderimus
2126 3338 2141 3362 ,

581 3385 968 3449 audirerimus,
1001 3386 1253 3454 suspicati
1296 3384 1554 3438 fuerimus
1583 3401 1597 3449 ;
1646 3384 1899 3453 quodque
1927 3386 2145 3455 gravius

581 3478 884 3541 est-multo,
921 3491 1025 3529 non
1070 3476 1307 3529 contenti
1357 3475 1556 3528 damno
1596 3483 1799 3538 nostro,
1834 3486 2054 3532 cancros
2092 3477 2146 3534 in

582 3580 924 3618 communem
952 3562 1163 3616 ruinam
1200 3561 1499 3616 trahimus:
1535 3561 1750 3615 obvium
1779 3563 1923 3616 enim
1953 3578 2148 3633 quem-

582 3669 798 3721 cunque
835 3653 1184 3708 habuerimus
1225 3667 1289 3705 ex
1337 3649 1636 3716 fratribus,
1668 3652 1743 3705 illi
1787 3653 1969 3706 statim
2015 3654 2150 3709 dici-

583 3761 708 3799 mus
758 3746 859 3798 hoc
885 3752 939 3797 et
983 3744 1082 3798 hoc
1125 3740 1325 3796 factum
1358 3757 1522 3805 esse;
1570 3742 1726 3810 eique
1761 3742 1958 3811 pariter
1990 3758 2153 3798 uoce-

585 3851 727 3895 mus,
752 3834 879 3889 dum
904 3832 1050 3887 cordi
1079 3832 1198 3902 ejus
1227 3846 1419 3907 pravas
1444 3831 1800 3897 cogitationes
1828 3832 2150 3902 ingerimus.

584 3926 693 3980 Nec
737 3924 1089 3978 formidamus
1136 3923 1553 3978 comminantem
1590 3937 1652 3976 ac
1697 3921 2007 3976 dicentem:
2066 3922 2153 3979 Vw

585 4019 674 4085 qui
703 4018 944 4083 proximo
983 4017 1219 4083 propinat
1265 4012 1531 4067 turbidam
1571 4014 1966 4069 erersiouentd!
1999 4012 2152 4081 Quod

584 4123 723 4177 Opus
754 4124 882 4161 sane
908 4108 1211 4161 dannouum
1257 4114 1376 4168 est;
1415 4104 1529 4157 haec
1572 4117 1695 4158 cum
1730 4103 1977 4170 facimus,
2010 4106 2155 4162 nulla

587 4199 743 4254 nobis
770 4214 900 4252 cura
939 4207 1041 4251 est.
1074 4196 1213 4262 Quid
1254 4194 1398 4249 aliud
1445 4195 1654 4249 daemon
1688 4209 1850 4264 quam
1880 4195 2075 4249 damna
2105 4205 2159 4249 et

587 4290 926 4345 turbationes
955 4302 1167 4343 movere
1192 4286 1417 4340 studet?
1457 4285 1642 4354 Itaque
1675 4275 1862 4354 parum
1894 4302 1924 4339 a
1958 4284 2159 4341 dzemo-

589 4382 749 4435 nibus
769 4381 967 4448 quibus
987 4393 1345 4448 coeperamur
1366 4377 1419 4431 in
1445 4376 1658 4431 ruinam
1692 4387 1931 4431 nostram
1962 4385 2016 4432 et
2035 4392 2160 4446 pro-

2242 1956 2696 2025 προσκόπτουσιν.
2718 1952 2839 2017 οἶος
2851 1951 2923 2027 ἦν
2940 1955 3143 2018 ἐκεῖνος
3160 1957 3189 2008 ὁ
3212 1953 3336 2010 ίδὼν
3353 1954 3444 2006 τὸν
3470 1953 3707 2020 ἀδελφὸν
3726 1952 3824 2006 a6-

2241 2048 2335 2101 τοῦ
2354 2048 2751 2118 ἁμαρτάνοντα,
2776 2049 2872 2104 καὶ
2890 2048 3169 2114 στενάξας,
3194 2047 3287 2100 καὶ
3303 2043 3493 2109 εἰπὼν,
3512 2045 3686 2097 «Οὐαί
3711 2062 3823 2113 μοι,

2243 2138 2326 2190 ὅτι
2361 2140 2602 2208 σήμερον
2654 2137 2839 2205 αὐτὸς,
2882 2138 3058 2201 οὕτως
3100 2137 3256 2204 κάγὼ
3281 2135 3489 2207 αὒριον.
3534 2153 3554 2185 ι
3592 2134 3828 2199 Βλέπεις

2242 2228 2580 2297 ἁσφάλειαν;
2642 2228 2869 2290 Βλέπεις
2923 2226 3238 2295 ἐτοιμασίαν
3256 2225 3627 2295 ψυχῆςςῐιῶς
3662 2219 3827 2293 εὗρεν

2241 2319 2444 2386 εὐθέως
2464 2319 2655 2392 φυγεῖν
2681 2316 2744 2370 τὸ
2765 2317 3087 2386 κατακρῖναι
3122 2314 3211 2368 τὸν
3226 2313 3451 2381 ἀδελφὸν
3493 2314 3701 2375 αὐτοῦς
3739 2311 3828 2363 διὰ

2241 2410 2349 2479 γὰρ
2370 2408 2431 2462 τὸ
2458 2411 2654 2472 εἰπεῖν,
2675 2410 2756 2463 ὅτι
2778 2410 2997 2471 πάντως
3011 2404 3167 2474 κάγὼ
3189 2402 3402 2475 αὔριον,
3416 2403 3618 2457 ἔδωκεν
3642 2401 3825 2470 ἑαυτῷ

2243 2503 2427 2570 φόϐον,
2474 2503 2569 2555 καὶ
2606 2503 2881 2572 μέριμναν
2914 2502 3047 2573 περὶ
3087 2496 3162 2555 ὧν
3196 2497 3398 2570 ἤμελλε
3444 2496 3611 2565 δῆθεν
3642 2492 3827 2564 ἀμαρ-

2242 2590 2404 2659 τῆσαι
2433 2604 2449 2619 ⁸
2480 2588 2580 2641 καὶ
2600 2586 2773 2651 οὕτως
2809 2587 3042 2659 ἐξέφυγε
3086 2585 3148 2639 τὺ
3181 2584 3507 2653 κατακρῖναι
3541 2580 3644 2634 τδν
3685 2579 3825 2646 πλη-

2245 2658 2376 2734 σίον.
2403 2680 2513 2734 Καὶ
2542 2679 2642 2733 οὑκ
2680 2658 2925 2749 ἠρκέσθη
2953 2677 3056 2739 ἕως
3092 2673 3308 2736 τούτου,
3331 2672 3469 2728 ἀλλὰ
3505 2673 3604 2726 καὶ
3628 2672 3827 2726 ἑαυτὸν

2244 2772 2434 2823 ἔϐαλεν
2469 2771 2730 2823 ὑποκάτω
2767 2768 2932 2823 αὑτοῦ
2965 2767 3141 2836 λέγων
3164 2779 3178 2793 ·
3205 2763 3316 2818 Kal
3356 2762 3528 2826 οὕτως
3572 2763 3683 2833 μὲν
3731 2778 3827 2831 με·

2243 2864 2425 2916 τανοεῖ
2448 2861 2574 2932 περὶ
2608 2862 2705 2929 τῆς
2736 2860 3014 2931 ἁμαρτίας
3036 2855 3227 2924 αὑτοῦ,
3264 2855 3379 2924 ἐγὼ
3406 2854 3464 2908 δὲ
3490 2854 3549 2907 οὑ
3599 2854 3827 2916 πάντως

2248 2952 2518 3022 μετανοῶ,
2572 2952 2633 3004 οὑ
2682 2950 2899 3012 πάντως
2940 2949 3148 3031 φθρνω,
3170 2946 3233 3000 οὐ
3264 2946 3481 3010 πάντως
3504 2945 3531 2997 ὅ
3557 2960 3617 2997 τι
3657 2942 3827 3015 ἰσχύω

2249 3043 2602 3112 μετανοῆσαι.
2659 3041 2885 3104 Βλέπεις
2946 3038 3105 3100 θείας
3155 3036 3336 3106 ψυχῆς
3383 3035 3693 3104 φωτισμὸν,
3746 3035 3830 3086 ὅτι

2249 3133 2310 3185 οὑ
2350 3132 2510 3201 μόνον
2547 3130 2785 3200 ἠδυνήθη
2827 3129 3085 3197 ἐκφυγεῖν
3107 3126 3172 3179 τὸ
3211 3125 3530 3195 κατακρῖναι
3556 3123 3659 3175 τὸν
3688 3123 3827 3191 πλη·
3919 3140 3926 3145 ·

2251 3225 2387 3286 σίον,
2412 3222 2549 3277 ἀλλὰ
2571 3223 2668 3276 καὶ
2696 3221 2891 3276 ἑαυτὸν
2922 3219 3153 3273 δέδωκεν
3175 3218 3432 3271 ὑποκάτω
3470 3214 3643 3268 αὑτοῦ
3673 3230 3691 3277 ;
3719 3213 3830 3266 Καὶ

2250 3313 2412 3380 ἡμεῖς
2432 3311 2483 3363 οἱ
2504 3310 2677 3366 ἄθλιοι
2698 3309 3004 3379 ἀδιαφόρως
3028 3307 3451 3377 κατακρίνομεν,
3469 3300 3828 3374 ἁηδιζόμεθα,

2251 3400 2663 3469 ἐξουδενοῦμεψ
2703 3402 2757 3452 εί
2791 3417 2843 3451 τι
2887 3400 3085 3468 δήποτε
3122 3396 3218 3449 ἐὰν
3256 3395 3478 3464 ἴδωμεν,
3510 3392 3543 3464 ἦ
3572 3391 3831 3446 ἀκοῦσω-

2256 3506 2375 3558 μεν,
2405 3489 2439 3559 ἢ
2465 3489 2854 3559 ὑπονοήσωμεν
2878 3503 2893 3519 ο
2921 3485 2983 3537 τὸ
3020 3484 3320 3553 δεινότερον
3344 3483 3425 3536 ὅτι
3444 3482 3505 3535 οὑ
3532 3481 3705 3552 μέχρι
3733 3479 3832 3548 τῆς

2257 3580 2395 3643 ἰδίας
2423 3580 2625 3650 βλάϐης
2664 3577 2814 3648 αὑτῷ
2848 3574 3136 3646 ίστάμεθα,
3166 3571 3306 3627 ἀλλὰ
3334 3570 3671 3639 ἁπαντῶμεν
3688 3569 3831 3639 ἄλλῳ

2254 3670 2491 3739 ἀδελφῷ,
2530 3671 2625 3722 καὶ
2652 3670 2857 3732 εὐθέως
2890 3668 3140 3737 λέγωμεν
3182 3662 3367 3734 αὐτῷ’
3399 3662 3526 3716 Τόδε
3564 3662 3672 3714 καὶ
3714 3659 3831 3713 τόδε

2256 3761 2474 3829 ἐγένετο
2496 3776 2509 3789 ·
2540 3759 2635 3812 καὶ
2665 3758 2997 3827 βλάπτομεν,
3029 3758 3282 3809 κάκεῖνον
3313 3751 3592 3823 βάλλοντες
3620 3750 3709 3814 είς
3731 3748 3829 3819 τὴν

2217 3901 2238 3913 ,
2258 3850 2483 3921 καρδίαν
2511 3848 2675 3902 αὑτοῦ
2700 3846 2993 3918 ἁμαρτίαν.
3023 3844 3133 3898 Kal
3159 3844 3221 3898 οὑ
3256 3840 3566 3912 φοϐούμεθα
3618 3840 3717 3894 τὸν
3751 3840 3829 3892 εἰ·

2260 3943 2459 3992 πόντα·
2499 3939 2664 4001 οὐαὶ,
2695 3943 2726 3993 ό
2772 3936 3023 3997 ποτίζων
3043 3936 3150 3990 τίὲν
3170 3936 3440 4002 πλησίον
3469 3932 3659 3987 αὐτοῦ
3687 3932 3828 3986 dra-

2261 4033 2492 4101 τροπὴν
2529 4029 2821 4099 θολεράν·
2861 4028 2999 4083 ἀλλὰ
3040 4027 3300 4097 ποιοῦμεν
3342 4024 3501 4094 ἔργον
3532 4022 3827 4094 δαιμόνων,

2263 4126 2356 4181 καὶ
2389 4125 2449 4177 οὑ
2507 4122 2658 4193 μέλει
2694 4122 2844 4191 ἡμῖν.
2897 4120 2964 4174 Τί
3000 4120 3108 4193 γὰρ
3151 4118 3282 4173 ἄλλο
3324 4116 3437 4186 ἔχει
3465 4113 3695 4183 ποιῆσαι
3724 4110 3831 4165 δαί·

2269 4234 2403 4287 μων,
2435 4215 2483 4267 εἰ
2519 4213 2593 4284 μὴ
2638 4211 2870 4283 ταράξαι
2904 4210 3000 4265 καὶ
3038 4208 3270 4279 βλάψαις
3331 4204 3427 4260 καὶ
3463 4200 3831 4274 εὑρισκόμεθα

2266 4306 2654 4378 συνεργοῦντες
2691 4307 2804 4367 τοῖς
2826 4302 3074 4372 δαίμοσιν
3098 4298 3180 4361 είς
3206 4295 3482 4350 ἀπώλειαν
3499 4290 3712 4346 ἑαυτῶν
3736 4290 3828 4343 καὶ

2269 4397 2362 4452 τοῦ
2409 4395 2657 4464 πλησίον.
2717 4395 2775 4447 ’0
2824 4393 2934 4461 γὰρ
2991 4389 3245 4460 βλάπτων
3305 4385 3504 4455 ψυχὴν,
3542 4384 3665 4447 τοῖς
3715 4379 3828 4434 δαί-

588 4472 879 4533 ximorum.
909 4470 1112 4523 distare
1142 4469 1458 4537 probamur.
1490 4466 1594 4533 Qui
1627 4467 1771 4520 enim
1803 4468 2041 4522 animam
2068 4468 2149 4523 la:-

2269 4509 2393 4563 μοσι
2444 4489 2695 4560 συνεργεῖ
2731 4486 2825 4540 καὶ¹
2882 4483 3085 4556 βοηθεῖ.
3131 4480 3345 4549 Ὠσπερ
3374 4475 3469 4529 καὶ
3513 4477 3543 4530 ὀ
3579 4472 3826 4544 ὦφελῷν,

585 4556 689 4617 dit,
718 4564 1040 4625 rooperatur
1070 4555 1323 4620 daunoni,
1354 4555 1514 4625 eique
1563 4555 1823 4610 auxilium
1872 4554 1993 4609 fert.
2031 4554 2160 4611 ltem

590 4652 636 4703 is
666 4647 1014 4715 qttis.attittt:B
1047 4645 1286 4714 prodest,
1328 4652 1640 4701 sanctorqu
1679 4645 1994 4716 angelorum
2033 4660 2163 4711 coo-

588 4747 806 4806 perator
835 4744 933 4789 cst.

662 4825 775 4879 ιιι.
809 4825 980 4894 Cujus
1007 4824 1085 4879 rei
1132 4839 1296 4881 causa
1344 4834 1448 4888 est,
1482 4826 1608 4901 quia
1642 4826 1693 4880 in
1726 4825 1882 4880 nobis
1912 4826 1993 4879 vel
2020 4827 2164 4880 nulla

588 4917 677 4974 vel
707 4916 900 4986 exigua
925 4917 1165 4971 charitas
1196 4926 1298 4977 est.
1336 4916 1410 4970 Ea
1440 4919 1583 4973 enim
1612 4917 1934 4987 compatitur
1958 4926 2012 4971 et
2034 4933 2164 4972 con-

589 5005 801 5065 teritur,
823 5018 951 5069 cum,
974 5004 1344 5071 proximorum
1375 5016 1594 5073 peccata
1616 5005 1829 5069 viderit,
1855 5015 1914 5060 ut
1935 5005 2163 5060 dicitur:

591 5098 733 5161 Quia
762 5097 994 5148 charitas
1034 5096 1200 5163 operit
1238 5094 1625 5149 multitudinem
1659 5106 1993 5164 peccatorum
2022 5105 2069 5150 ε.
2103 5094 2169 5149 Et

594 5189 826 5242 iterum:
853 5186 1106 5239 Charitas
1138 5201 1237 5237 non
1269 5187 1463 5255 cogitat
1488 5185 1687 5239 malum
1720 5185 1765 5252 ί,
1798 5196 1851 5242 et
1876 5188 2057 5243 omnia
2079 5202 2168 5242 ce—

595 5280 693 5333 lat.
724 5277 831 5331 Nos
865 5277 1027 5347 igitur
1061 5277 1106 5331 si
1147 5277 1465 5333 cha‘ritatem
1497 5278 1843 5344 haberemus,
1875 5281 2056 5334 omnia
2090 5287 2168 5333 te-

596 5381 869 5436 gere-mus,
911 5366 1094 5420 omnia
1129 5367 1599 5424 dissimularemus
1623 5407 1637 5432 ,
1671 5376 1730 5422 ut.
1762 5366 1963 5423 factum
2011 5378 2093 5423 est
2136 5383 2166 5421 a

597 5458 894 5527 majoribus
925 5460 1145 5523 nostris,
1175 5461 1305 5515 dum
1334 5461 1525 5515 delicta
1555 5461 1835 5516 hominum
1857 5472 2163 5517 cernerent.

596 5547 705 5603 Sed
729 5565 796 5603 an
827 5565 1000 5606 czecos
1027 5550 1150 5608 illos
1185 5551 1419 5607 fortasse
1475 5551 1786 5622 opinamur?
1814 5552 1982 5606 absit!
2021 5551 2162 5607 Caeci

2271 4583 2520 4653 συνεργεῖ
2546 4582 2659 4642 τοῖς
2685 4577 2863 4647 ἁγίοις
2898 4573 3168 4645 ἀγγέλοις.

2341 4815 2416 4869 Z'.
2460 4813 2632 4868 Πόθεν
2682 4812 2739 4865 δὲ
2785 4809 3067 4880 πάσχομεν
3102 4806 3297 4872 ταῦτα,
3337 4806 3388 4860 εί
3427 4803 3503 4877 μὴ
3528 4803 3599 4857 ἑκ·
3629 4798 3728 4855 τοῦ
3762 4799 3832 4871 μὴ

2273 4904 2417 4976 ἔχειν
2458 4906 2605 4975 ἡμᾶς
2649 4903 2912 4978 ἀγάπην;
2954 4899 3003 4953 εί
3048 4900 3157 4971 γὰρ
3186 4897 3409 4968 εἴχομεν
3440 4893 3666 4965 ἀγάπην
3703 4890 3831 4962 μετὰ

2274 4997 2618 5067 συμπαθείας
2640 4996 2735 5050 καὶ
2758 4993 2943 5056 πόνου,
2991 4988 3305 5062 ἠμελοῢμεν
3327 4988 3545 5059 βλέπειν
3584 4984 3658 5039 τά
3684 4984 3833 5037 ἐλατ-

2268 5086 2629 5159 τώματατοῦ
2669 5084 2927 5156 πλησίον
2960 5082 3145 5147 καθὼς
3185 5081 3360 5149 λέγει,
3385 5079 3517 5133 ὀτι
3563 5077 3606 5145 ἠ
3642 5074 3831 5144 ἀγάπη

2269 5182 2558 5235 καλύπτει
2575 5178 2807 5249 πλῆθος
2833 5174 3149 5247 ἁμαρτιῶν.
3168 5172 3280 5227 Kal
3307 5169 3471 5224 πάλιν
3496 5185 3510 5200 ·
3549 5168 3625 5223 Ἥ
3643 5164 3832 5236 ἀγάπη

2269 5273 2341 5328 οὐ
2372 5269 2662 5340 λογίζεται
2685 5267 2752 5323 τὸ
2790 5268 2978 5322 κακόν
2995 5281 3011 5298 ο
3036 5264 3214 5319 πάντα
3237 5262 3417 5332 στέγει
3442 5278 3457 5292 ο
3483 5260 3581 5315 καὶ
3607 5258 3676 5312 τὰ
3697 5256 3835 5326 ἐξῆςζ

2270 5364 2381 5419 Kal
2413 5365 2574 5434 ἡμεῖς
2610 5359 2724 5427 οὖν,
2759 5359 2834 5424 ὡς
2873 5355 3048 5423 εἶπεν,
3092 5359 3141 5410 εί
3177 5357 3398 5427 εἴχομεν
3449 5352 3551 5422 τὴν
3598 5351 3831 5420 ἀγάπην,

2275 5454 2413 5524 αὑτὴ
2444 5455 2688 5525 ήὰγάπη
2719 5450 3023 5505 ἐσκέπασεν
3069 5448 3298 5503 ἕκαστον
3342 5444 3578 5514 πρᾶγμα
3601 5459 3617 5476 ο
3656 5441 3834 5509 ὥσπερ

2275 5544 2367 5600 ial
2389 5546 2438 5598 οἱ
2461 5547 2606 5611 ἃγιοι
2628 5543 2916 5617 βλέποντες
2934 5540 3005 5596 τὰ
3024 5537 3383 5609 ἐλαττώματα
3398 5534 3505 5589 τῶν
3520 5533 3619 5585 ἀνθ
3628 5542 3828 5605 ρώπων.

667 5727 697 5769 ά
726 5727 927 5786 Hahae.
979 5748 1036 5796 ιι,
1086 5732 1167 5787 l3.
1248 5740 1269 5767 ε
1303 5686 1415 5785 Jac.
1454 5748 1504 5795 ν,
1548 5727 1693 5797 1υ;1
1726 5728 1868 5785 l‘ctr.
1908 5744 1980 5795 Iv,
2006 5730 2055 5783 8.
2100 5729 2114 5767 ί

2252 5743 2327 5783 or.
2366 5742 2482 5792 λιιι,
2512 5725 2563 5780 5.
