4020 6340
175 460 297 525 1693

1544 467 1929 529 DOCTRINA
1960 471 2059 533 VI.

3299 473 3433 537 1694

171 576 255 645 Μὴ
310 572 419 645 γάρ
464 572 652 642 τυφλοί
700 574 838 628 είσιν
866 575 916 627 οἱ
944 574 1111 642 ἅγιοι,
1144 574 1259 627 ἀλλ’
1288 575 1350 628 ού
1381 574 1640 644 βλέπουσι
1671 579 1740 632 τά

1868 582 1909 635 ιά
1949 593 2173 651 peccata
2214 582 2496 639 hominum
2536 594 2712 641 erant.
2754 586 2859 651 Qui
2907 593 3086 640 autem
3141 585 3429 641 hominum

169 665 534 734 ἁμαρτήματα
559 680 573 728 ;
599 665 696 727 Τίς
722 663 780 717 δὲ
819 666 912 717 xui.
943 667 1091 732 μισεῖ
1114 666 1285 728 οὓτως
1316 665 1416 736 τὴν
1441 669 1737 737 ἁμαρτίαν,

178 755 247 819 ὡς
275 754 458 821 sum;
494 754 605 807 Καὶ
636 756 783 823 ὅμως
813 755 874 807 ού
922 753 1140 823 μισοῦσι
1192 756 1284 807 τὸν
1334 757 1739 825 ἁμαρτάνοντα,

173 845 283 898 οὐδὲ
323 844 764 915 κατακρίνουσιν,
813 845 914 896 οὐκ
934 844 1387 912 ἀποστρέφονται,
1420 844 1556 897 ἀλλὰ
1601 862 1743 915 σύμ-ι

172 938 456 1003 πάσχουσι,
504 934 834 998 νουθετοῦσι,
870 935 1273 1005 παρακαλοῦσι,
1320 934 1739 1005 θεραπεύουσιν,

170 1024 240 1086 ὡς
283 1024 445 1093 μέλος
493 1022 793 1078 ἁσθενοῦνο
837 1024 1016 1077 πάντα
1070 1025 1305 1089 ποιοῦσι,
1356 1026 1445 1078 διά
1484 1026 1545 1077 τὸ
1573 1025 1744 1078 σῶσαι

172 1115 344 1169 αὐτόν.
377 1116 587 1185 Ὠσπερ
624 1116 674 1168 oi
704 1114 873 1177 ἁλιεῖς
899 1115 987 1167 ὅτε
1018 1114 1305 1184 βάλλουσιν
1340 1116 1636 1184 ἄγκιστρον
1662 1117 1741 1178 εἰς

172 1205 262 1274 τὴν
319 1205 616 1268 Θάλασσαν,
674 1205 768 1258 xui.
808 1205 1143 1274 κρατήσουσι
1215 1207 1388 1274 μέγαν
1443 1206 1595 1276 ἰχθὺν
1651 1207 1747 1258 καὶ

170 1295 481 1359 αἴσθωνται,
498 1297 577 1347 ὅτι
597 1295 927 1366 ταράσσεται
954 1295 1046 1347 καὶ
1066 1297 1311 1359 ἀτακτεῖ,
1329 1296 1427 1348 οὐκ
1442 1297 1644 1359 εὐθέως
1656 1298 1750 1349 xui.

173 1385 420 1455 ἐπαχθῶς
441 1385 688 1439 ἕλκουσιν
706 1384 888 1447 αὑτὸν,
912 1385 1033 1438 ἐπεὶ
1065 1386 1327 1440 κόπτεται
1349 1388 1408 1439 τὸ
1434 1389 1633 1456 ῥάμμα
1654 1388 1749 1439 xui.

178 1478 393 1541 τελείως
435 1478 750 1531 ἀπόλλυται.
788 1476 946 1531 Ἀλλὰ
1002 1476 1293 1529 ἐνδιδοῦσιν
1337 1477 1487 1546 αύτῷ
1529 1477 1747 1544 εὐφυῶς

177 1570 234 1623 τὸ
264 1570 477 1641 ῥάμμα,
503 1570 598 1624 xui.
617 1570 843 1637 ἀφιᾶσιν
868 1569 1051 1634 αὑτὸν,
1093 1571 1278 1637 φησὶν,
1328 1569 1583 1621 ἀπελθεῖν
1612 1571 1745 1622 ὅπου

181 1659 318 1713 θέλει
342 1678 355 1693 ·
398 1660 493 1713 καὶ
524 1661 611 1712 ὅτε
639 1660 886 1728 μάθωσιν
930 1662 1011 1714 ὅτι
1054 1660 1317 1729 ἡπόνησε,
1352 1659 1445 1711 καὶ
1475 1660 1750 1729 ἡσύχασεν

180 1749 285 1803 ἀπὸ
306 1750 403 1820 τῆς
424 1750 601 1820 ὁρμῆς
627 1750 813 1815 αὑτοῦ,
842 1750 969 1803 τότε
1011 1749 1270 1820 ἄρχονται
1298 1750 1459 1803 πάλιν
1495 1751 1636 1802 κατὰ
1666 1768 1753 1818 μι-

184 1839 308 1907 κρὸν
350 1837 534 1909 σύρειν
588 1839 770 1891 αὐτόν.
819 1837 1009 1897 Οὕτως
1057 1840 1149 1890 καὶ
1188 1838 1239 1890 οί
1273 1839 1418 1903 ἀγιοι
1450 1842 1518 1909 τῇ
1550 1856 1754 1907 μακρο-

1846 674 1926 725 sic
1959 672 2123 727 odere
2181 685 2400 743 peccata
2445 687 2505 731 ut
2536 678 2733 740 sancti,
2777 692 2951 745 neque
2987 683 3163 730 tamen
3202 692 3431 744 peccan-

1845 770 1950 813 tem
1986 760 2113 815 odio
2134 763 2394 826 habuere,
2428 781 2536 819 non
2570 774 2960 833 contempsere,
2993 779 3098 817 non
3123 765 3434 818 averterunt

1846 864 1967 904 sese
2009 850 2080 904 ab
2107 864 2191 904 eo.
2244 852 2350 906 Sed
2384 854 2781 921 compatientes
2829 853 3192 914 admonuere,
3232 848 3432 906 hortati

1846 952 1997 1003 sunt,
2031 951 2292 995 curarunt
2334 952 2394 996 ut
2438 945 2741 998 membrum
2770 943 2965 998 debile.
3006 945 3198 997 Omnia
3228 943 3425 1007 fecere,

1846 1032 2030 1084 omnia
2070 1032 2399 1095 sustinuere,
2435 1041 2493 1086 ut
2523 1034 2588 1086 ad
2630 1034 2858 1086 salutem
2906 1033 3054 1086 illum
3093 1035 3430 1087 reducerent.

1848 1123 2049 1177 lmitati
2068 1124 2385 1193 piscatores,
2406 1125 2520 1192 qui,
2544 1139 2666 1178 cum
2687 1126 2887 1192 piscem
2913 1123 3083 1177 ullum
3109 1125 3433 1177 immensum

1852 1213 2011 1268 hamo
2039 1213 2187 1283 jacto
2215 1214 2494 1281 ceperint.
2534 1215 2624 1267 ubi
2683 1215 2830 1271 illum
2880 1213 3078 1268 fluctus
3116 1215 3345 1267 miscere
3382 1226 3437 1269 ct

1850 1318 2046 1372 magna
2080 1304 2129 1355 vi
2161 1300 2377 1357 concuti
2409 1303 2674 1366 sentiunt,
2707 1318 2814 1356 non
2836 1318 2958 1355 eum
2984 1303 3166 1357 subito
3197 1302 3261 1355 ad
3288 1302 3436 1355 littus

1852 1395 2079 1446 trahunt
2127 1409 2250 1447 cum
2288 1394 2526 1461 impetu,
2559 1394 2759 1462 alioqui
2803 1392 3189 1462 prmscindcret
3228 1392 3433 1454 funem,

1854 1484 2097 1552 liberque
2131 1485 2382 1539 evaderet
2420 1485 2711 1548 molestia;
2762 1484 2857 1538 sed
2904 1482 3097 1537 callide
3128 1482 3311 1535 funem
3356 1482 3433 1551 illi

1855 1575 2156 1636 remittunt,
2186 1575 2483 1642 sinuatque
2517 1574 2755 1628 molliter
2785 1583 3007 1627 enatare
3043 1588 3151 1641 quo
3182 1572 3432 1626 voluerit.

1853 1665 1921 1717 At
1945 1665 2032 1719 ubi
2057 1676 2431 1734 cognoverunt
2453 1665 2736 1718 remissam
2769 1665 2903 1716 iram
2928 1672 2980 1715 et
3003 1662 3289 1725 fervorem,
3314 1678 3438 1717 scn-

1850 1757 1955 1811 sim
1995 1756 2147 1809 illum
2196 1756 2464 1824 incipiunt
2506 1756 2743 1817 trahere,
2789 1756 2975 1823 sicque
3011 1763 3169 1822 capto
3216 1753 3436 1821 potiun-

1857 1857 1966 1900 tur.
2011 1848 2083 1899 Ita
2111 1847 2211 1899 viri
2258 1848 2431 1901 sancti
2470 1861 2594 1900 cum
2640 1845 2900 1914 patientia
2946 1854 3001 1898 et
3031 1844 3297 1899 charitate
3328 1842 3439 1895 fra-

185 1928 351 1999 θυμίᾳ
379 1928 475 1982 xui.
510 1931 576 1999 τῇ
603 1928 791 1999 ἀγάπῃ
823 1928 1041 1980 ἕλκουσι
1090 1928 1182 1980 τὸν
1230 1929 1476 1995 ἀδελφὸν,
1529 1931 1623 1981 καὶ
1660 1931 1759 1981 οὐκ

1868 1943 2000 1989 trem
2045 1935 2285 2000 trahunt,
2325 1950 2499 2003 neque
2537 1936 2711 2001 ipsum
2743 1934 2987 1987 calcibus
3011 1932 3298 2001 appetunt,
3344 1938 3439 1983 aut

187 2019 605 2073 ἁπολακτιοῦσιν
663 2020 755 2072 ἀπ’
791 2018 979 2080 αὑτοῦ,
1034 2018 1156 2069 οὐδὲ
1204 2018 1513 2084 ἀηδὶζονται
1560 2017 1757 2072 αὐτόν’

189 2109 301 2162 ἀλλ’
331 2110 520 2179 ὥσπερ
554 2111 587 2174 ὴ
626 2110 809 2180 μήτηρ
837 2110 929 2162 ἐὰν
961 2107 1060 2179 ἔχῃ
1085 2109 1197 2161 υἱὸν
1237 2107 1506 2177 ἄμορφον,
1542 2109 1640 2160 οὐκ
1664 2110 1763 2177 ἀη-

190 2198 396 2261 δίζεται
418 2200 604 2264 αὐτοῦ,
626 2201 746 2252 οὐδὲ
769 2200 1188 2269 ἀποστρέφεται,
1214 2199 1347 2251 ἀλλὰ
1376 2200 1467 2251 καὶ
1487 2198 1651 2268 ἡδέως
1677 2217 1766 2252 κο-

176 2287 319 2353 σμεῖ
358 2287 540 2350 αὐτὸν,
583 2289 676 2340 xui
713 2288 768 2341 εἰ
802 2306 853 2340 τι
890 2289 1090 2358 δήποτε
1131 2291 1275 2341 ποιεῖ
1316 2288 1483 2340 διὰτὸ
1529 2289 1766 2358 χαριτῶε

192 2391 278 2428 σαι
307 2377 471 2429 αὐτόν
494 2393 509 2409 ο
544 2377 715 2439 οὕτως
741 2379 829 2432 ἀεὶ
850 2379 1132 2441 σκέπουσι,
1166 2378 1483 2447 κοσμοῦσιν,
1506 2380 1767 2447 ἀντιλαμ-

192 2466 463 2530 ϐάνονται,
489 2469 576 2521 ἵνα
605 2470 809 2522 καὶτὸν
836 2470 1094 2522 πταίοντα
1140 2470 1276 2521 κατά
1312 2468 1503 2536 καιρὸν
1535 2468 1763 2536 διορθώ-

194 2573 417 2628 σωψται,
449 2559 542 2611 xui.
573 2559 709 2628 μήτε
732 2558 889 2611 ἄλλον
925 2560 1127 2613 ὲάσωσι
1178 2557 1441 2626 βλαϐῆναι
1485 2559 1543 2623 ἐξ
1578 2558 1765 2621 αὑτοῦ,

194 2646 284 2697 καὶ
311 2625 401 2697 ἴνα
424 2647 517 2698 καὶ
546 2625 701 2698 αὐτοὶ
731 2645 991 2714 μειζόνως
1017 2644 1367 2717 προκόψωσιν
1390 2647 1467 2707 εἰς
1499 2644 1596 2715 τὴν
1628 2645 1768 2713 ἁγά-

193 2750 301 2802 πην
348 2729 445 2786 τοῦ
480 2734 736 2803 Χριστοῦ.
772 2737 836 2788 Τί
889 2736 1146 2804 ἐποίησεν
1178 2737 1207 2786 ὁ
1255 2735 1408 2803 ἆγιος
1451 2737 1766 2805 Ἀμμωνᾶς,

192 2824 279 2876 ὅτε
305 2819 468 2895 ἦλθον
494 2826 544 2877 οἱ
587 2825 804 2891 ἀδελφοὶ
854 2827 1050 2878 ἐκεῖνοι
1093 2827 1507 2896 ταρασσόμενοι,
1555 2829 1647 2878 καὶ
1679 2828 1768 2878 λέ-

193 2930 383 2980 γουσιν
423 2914 608 2984 αὐτῷ’
641 2935 659 2967 ι
707 2916 881 2981 Ἐλθὲ,
936 2918 1104 2986 βλέπε
1149 2934 1230 2980 τε,
1286 2917 1446 2971 άῦϐᾶ.
1499 2920 1579 2971 ὅτι
1634 2914 1769 2987 γυνή

194 3003 342 3055 ἔστιν
369 3006 447 3068 είς
488 3005 548 3057 τδ
603 3006 812 3058 κελλίον
860 3004 1013 3059 τοῦδε
1072 3006 1166 3058 τοῦ
1222 3006 1487 3075 ﬁdelem];
1534 3025 1550 3057 ι
1594 3008 1773 3075 Ιιὸσην

194 3092 593 3163 εὐσπλαγχνίαν
616 3094 855 3161 ὲδείξατο
881 3114 895 3159 ;
926 3097 1103 3165 Πόσην
1131 3098 1351 3164 ἀγάπην
1381 3096 1537 3165 ἔσχεν
1580 3097 1612 3164 ἡ
1641 3096 1772 3163 ἁγία

193 3183 339 3254 ψυχὴ
370 3184 551 3254 ἐκείνη
577 3203 590 3245 ;
614 3186 781 3249 Γνοὺς
813 3187 923 3257 γὰρ
966 3188 1048 3239 ὅτι
1089 3187 1327 3257 ἔκρυψεν
1364 3190 1392 3238 ὁ
1424 3190 1649 3254 ἁδελφὸς
1674 3190 1774 3258 τὴν
1802 3223 1843 3284 C

194 3276 427 3341 γυναῖκα
470 3274 727 3329 ὑποκάτω
759 3276 853 3328 τοῦ
886 3276 1163 3345 πιθαρίου,
1192 3277 1474 3345 ἀπελθὼν,
1520 3279 1773 3331 ἐκάθισεν

196 3365 384 3417 ἐπάνω
420 3364 606 3430 αὑτοῦ,
640 3366 734 3419 καὶ
779 3360 934 3418 εἶπεν
971 3368 1154 3429 αὐτοῖς
1202 3367 1429 3437 ζητῆσαι
1458 3372 1535 3430 εἰς
1568 3370 1688 3421 ὅλον
1715 3370 1776 3421 τὸ

197 3454 444 3508 κελλίον·
478 3456 573 3526 καὶ
624 3456 699 3517 ὡς
737 3457 835 3525 οὐχ
879 3451 1057 3527 εὗρον,
1098 3455 1245 3523 λέγει
1284 3457 1501 3517 αὐτοῖς·
1550 3457 1606 3509 Ὀ
1645 3457 1776 3520 Θεὸς

197 3548 683 3618 συγχωρήσειῦμῖν
711 3563 724 3578 ·
760 3566 779 3597 ι
806 3548 920 3610 καὶ,
951 3547 1134 3619 φησὶν,
1168 3548 1400 3616 ᾔσχυνεν
1443 3549 1665 3610 αὐτοὺς,
1684 3548 1778 3600 xui.

129 3674 135 3679 -
196 3638 389 3707 ἐϐόησε
408 3638 498 3690 xui.
511 3638 688 3699 αὐτοῖς
706 3638 790 3689 ἵνα
810 3638 882 3707 μὴ
898 3636 1252 3711 πιστεύσωσιν
1273 3639 1512 3707 εὐχερῶς
1530 3638 1668 3690 κατὰ
1682 3639 1773 3690 τοῦ

198 3728 445 3797 πλησίον.
468 3726 800 3780 Κάκεῖνονδὲ
815 3727 1196 3798 ἐσωφρόνισεν.
1220 3728 1293 3796 μὴ
1312 3729 1471 3795 μόνον
1495 3729 1777 3789 σκεπάσας

206 3819 352 3887 μετά
382 3818 536 3879 Θεὸν,
587 3816 724 3878 ἀλλὰ
749 3816 842 3869 xui
867 3817 1299 3886 διορθωσάμενος
1330 3818 1512 3876 αὑτὸν.
1537 3817 1611 3879 ὡς
1652 3812 1775 3887 εὗρε

195 3906 289 3958 τὸν
320 3904 509 3973 καιρὸν
537 3905 997 3974 ὲπιτήδειον.Ὢ;
1041 3907 1151 3975 γὰρ
1182 3906 1346 3975 μόνον
1379 3907 1647 3973 ἐκράτησε
1677 3907 1776 3973 τὴν

197 3997 360 4066 χεῖρα
386 3995 550 4049 αὑτοῦ
596 3996 714 4065 μεθ’
750 3996 779 4049 ὃ
810 3995 1029 4059 ἐξέϐαλε
1064 3999 1295 4057 πάντας,
1348 3998 1441 4046 καὶ
1474 3992 1628 4047 εἶπεν
1676 3997 1774 4047 αὑ-

1862 2025 1989 2077 odio
2018 2025 2351 2078 insectantur
2380 2041 2394 2076 :
2429 2022 2524 2077 sed
2566 2021 2727 2075 veluti
2774 2031 2944 2073 mater
2974 2034 3093 2088 qua:
3135 2018 3436 2097 deformem

1866 2115 2033 2168 filium
2073 2114 2301 2183 peperit,
2334 2128 2442 2167 non
2477 2128 2599 2166 eum
2637 2112 2845 2178 spernit
2875 2110 2999 2178 quia
3039 2109 3298 2164 deformis
3330 2115 3436 2170 est,

1866 2206 1958 2259 sed
1995 2214 2243 2259 materno
2270 2218 2473 2265 amore,
2504 2202 2878 2255 benevolentia
2924 2210 2977 2254 et
3025 2199 3439 2254 mansuetudine

1865 2305 2115 2350 ornatum
2150 2294 2345 2353 reddit,
2379 2300 2432 2346 et
2459 2291 2720 2360 quidquid
2764 2299 2972 2359 gratum
3007 2290 3255 2351 noverit,
3289 2289 3437 2341 iacit-

1867 2388 1956 2440 Sic
1985 2386 2057 2439 illi
2094 2396 2431 2454 peccatorem
2454 2398 2665 2449 semper
2688 2382 3013 2449 suspiciunt,
3042 2389 3262 2436 ornant.
3285 2387 3412 2432 tuen

1868 2487 1976 2539 tur,
2011 2481 2316 2543 protegunt,
2346 2482 2401 2525 ut
2435 2471 2649 2524 tandem
2681 2485 2805 2522 eum
2836 2478 3096 2522 revocent
3123 2477 3176 2521 et
3206 2468 3440 2535 erigant,

1868 2581 2042 2636 neque
2075 2565 2214 2618 alius
2244 2564 2313 2617 ab
2346 2561 2687 2622 eolzedatur,
2711 2560 2810 2629 ipsi
2839 2573 2968 2612 vero
3002 2560 3173 2627 magis
3208 2559 3260 2610 in
3284 2557 3443 2609 Cini—

1868 2653 1937 2706 sti
1964 2653 2283 2706 charitatem
2313 2649 2617 2718 proficiant.
2648 2648 2725 2700 lta
2757 2662 2887 2701 sane
2908 2646 3036 2700 fecit
3058 2650 3287 2699 Ammon
3315 2659 3443 2696 san—

1870 2740 2166 2801 ctissimus,
2197 2752 2321 2790 eum
2365 2735 2431 2789 ad
2464 2750 2589 2789 eum
2622 2735 2900 2788 venissent
2929 2731 3125 2785 fratres
3165 2730 3243 2783 ira
3276 2740 3329 2782 et
3356 2730 3442 2781 fu-

1870 2844 1994 2883 rore
2019 2828 2182 2897 pleni,
2213 2825 2357 2895 quod
2390 2825 2671 2879 mulierem
2707 2824 2759 2877 in
2802 2823 2932 2878 cella
2967 2820 3217 2875 monachi
3245 2820 3437 2888 depre-

1873 2921 2205 2974 hendisscnt.
2231 2917 2504 2981 Quantum
2526 2916 2670 2969 enim
2700 2912 3067 2968 miserationis
3088 2920 3141 2966 et
3166 2910 3446 2963 charitatis

1874 3012 1923 3065 in
1964 3025 2029 3065 eo
2054 3010 2260 3077 judicio
2298 3010 2480 3061 anima
2513 3006 2604 3060 illa
2637 3014 2825 3060 sancta
2859 3019 2968 3072 pra:
3012 3019 3071 3057 se
3108 3002 3270 3055 tulit?
3310 2999 3445 3052 Nam

1877 3100 1968 3153 ubi
2000 3098 2255 3171 cognovit
2282 3079 2563 3171 mulierem
2616 3094 2718 3149 sub
2767 3092 2969 3147 doliolo
3014 3092 3219 3146 latere.
3266 3089 3445 3141 statim

1876 3166 2039 3259 super
2064 3189 2194 3243 illud
2224 3166 2380 3252 sedit,
2407 3170 2678 3256 iussitque
2710 3184 2907 3237 fratres
2926 3183 3115 3236 cellam
3140 3181 3446 3233 uniVet-sam
3476 3252 3478 3255 τ

1829 3266 1845 3283 ⁸
1876 3294 2138 3350 quaerere.
2170 3276 2272 3342 Qui
2312 3291 2432 3331 cum
2482 3275 2615 3328 nihil
2662 3274 3025 3331 invenissent,
3056 3270 3191 3323 dixit
3220 3269 3284 3322 ad
3312 3283 3446 3321 eos:

1885 3388 1903 3420 ι
1935 3369 2129 3423 Pareat
2158 3367 2311 3420 vobis
2342 3364 2505 3426 Deus,
2537 3381 2554 3413 ι
2592 3363 2821 3429 illosque
2854 3376 2989 3429 pene
3020 3357 3279 3413 confusos
3311 3372 3449 3423 pra:—

1882 3460 2223 3526 monitosque
2256 3455 2420 3526 406
2452 3469 2519 3507 ne
2552 3453 2710 3507 facile
2738 3451 3021 3504 crederent
3044 3449 3301 3502 adversus
3324 3463 3450 3514 pre-

1882 3548 2108 3609 ximum,
2144 3544 2389 3598 dimisit:
2424 3542 2641 3594 fratrem
2676 3549 2856 3594 autem
2906 3540 3078 3599 illum,
3116 3548 3327 3603 tempus
3360 3554 3453 3586 na-

1882 3644 2002 3688 ctus
2025 3641 2411 3702 opportunum,
2439 3629 2548 3682 Deo
2569 3629 2879 3697 adjuvante,
2899 3628 3134 3681 correxit
3155 3626 3449 3690 erexitque:

1877 3725 1987 3780 illis
2018 3726 2163 3777 enim
2195 3720 2436 3790 explosis
2467 3720 2742 3779 omnibus,
2775 3719 2945 3771 solius
2985 3731 3203 3775 manum
3243 3723 3449 3774 tenens,

1884 3830 1902 3862 ι
1932 3811 2128 3867 Curam
2161 3810 2237 3863 tui
2281 3809 2435 3872 habe,
2468 3806 2659 3867 frater,
2707 3806 2877 3867 dixit;
2920 3823 2938 3853 ι
2980 3804 3072 3869 qui
3116 3802 3295 3854 statim
3332 3815 3453 3852 ora-

1876 3896 2026 3954 tione
2054 3907 2412 3966 compunctus
2453 3906 2557 3957 est,
2600 3904 2653 3948 et
2701 3893 3031 3965 benignitate
3074 3900 3129 3945 et
3167 3889 3451 3944 clementia

1876 3990 2045 4058 patris
2074 3996 2321 4042 sanatus.
3030 4020 3035 4033 η

197 4086 295 4156 τῷ,
325 4088 409 4140 ὅτι
453 4105 471 4137 ι
515 4089 803 4157 Φρόντισον
852 4090 1069 4152 ἑαυτοῦ,
1115 4088 1329 4155 ἀδελφὲ,
1365 4107 1383 4138 ι
1418 4088 1621 4149 εὐθέως
1647 4084 1971 4154 ὲδυσωπήθη
2031 4083 2124 4135 καὶ
2185 4079 2461 4150 κατενύγη
2528 4080 2556 4130 ὁ
2594 4077 2841 4147 ἁδελφὸς,
2887 4077 3086 4138 εὐθέως
3153 4076 3455 4145 ἐνήργησεν

198 4183 279 4245 είς
302 4183 402 4252 τὴν
428 4182 607 4253 ψυχὴν
638 4183 802 4237 αὐτοῦ
832 4187 865 4253 ὴ
917 4182 1297 4251 φιλανθρωπία
1342 4182 1435 4234 xui
1468 4185 1500 4251 ἡ
1548 4182 1863 4252 συμπάθεια
1884 4178 1977 4232 τοῦ
2008 4178 2288 4248 γέροντος.

269 4274 353 4327 Η’.
388 4274 499 4327 Kui.
550 4266 708 4345 ἡμεῖς
754 4270 847 4328 οὖν
899 4272 1231 4341 κτησώμεθα
1263 4273 1505 4339 ἀγάπην,
1558 4273 1765 4340 κτησώ-

201 4364 347 4434 μεθα
372 4366 773 4434 εὐσπλαγχνίαν
799 4365 879 4425 είς
902 4364 991 4415 τὸν
1026 4363 1273 4432 πλησίον,
1300 4364 1388 4415 ἵνα
1408 4364 1774 4433 φυλαχθῶμεν

199 4454 309 4508 ἀπὺ
341 4455 441 4525 τῆς
466 4455 645 4522 δεινῆς
690 4454 1039 4518 καταλαλιάς,
1092 4455 1186 4506 xui
1221 4453 1313 4506 τοῦ
1358 4458 1705 4526 κατακρῖναι,
1742 4456 1775 4525 ἦ

199 4542 555 4606 ὲξουδενῶσαί
608 4560 753 4598 τινα.
790 4544 1155 4615 Βοηθήσωμεν
1189 4544 1464 4615 ἀλλήλοις,
1501 4547 1577 4608 ὡς
1626 4546 1777 4608 ἰδίοις

1954 4269 2093 4322 ῊΙΙ.
2135 4268 2202 4322 Et
2240 4283 2340 4321 nos
2371 4267 2535 4336 igitur
2562 4266 2615 4319 in
2656 4264 2813 4319 nobis
2842 4262 3122 4315 foveamus
3150 4259 3455 4315 humanita-

1882 4372 1987 4418 tem
2024 4372 2075 4416 et
2125 4359 2595 4415 mansuetudinem
2627 4369 2751 4422 erga
2801 4350 3127 4419 proximum.
3163 4348 3454 4417 Fugiamus

1880 4472 1912 4510 a
1958 4454 2310 4511 detractione,
2346 4448 2553 4517 judicio
2596 4451 2649 4497 et
2702 4452 3013 4510 contemptu
3056 4442 3452 4508 proximorum,

1883 4547 2113 4601 invicem
2144 4541 2301 4595 nobis
2339 4552 2497 4605 opem
2539 4535 2776 4588 feramus
2810 4542 2868 4587 ut
2912 4534 3144 4601 propriis
3174 4530 3451 4584 membris.

203 4632 416 4702 μέλεσι.
445 4633 541 4695 Τίς
565 4633 703 4703 ἔχων
729 4634 951 4704 τραῦμα
987 4637 1065 4699 είς
1091 4637 1188 4705 τὴν
1215 4640 1370 4708 χεῖρα
1424 4639 1611 4701 αὐτοῦ,
1645 4639 1676 4706 ἢ
1699 4640 1766 4715 εἰς

1883 4635 2237 4689 Vulneratum
2265 4628 2409 4681 enim
2438 4625 2563 4695 quis
2601 4625 2806 4678 habens
2841 4624 3051 4693 pedem,
3083 4620 3164 4673 vel
3210 4634 3452 4681 manum,

1950 4726 1961 4731 _
2129 4721 2140 4731 .
2187 4722 2196 4731 .
2303 4720 2334 4731 ..
2396 4718 2408 4731 ι
2475 4725 2477 4728 ‹
2598 4716 2610 4731 ι
2879 4716 2929 4731 -ιι
2958 4730 2961 4731 ,
2992 4715 3004 4731 ι
3040 4726 3141 4731 Α-..
3176 4704 3419 4731 .‘I...__..-_-

152 4716 155 4719 ’
199 4721 293 4775 τὸν
330 4721 487 4783 πόδα,
521 4722 655 4791 ﬁsi;
688 4722 747 4775 ἒν
780 4724 886 4777 τῶν
927 4725 1129 4779 λοιπῶν
1175 4727 1351 4797 μελῶν
1398 4727 1585 4790 αὑτοῦ,
1622 4728 1777 4798 ἀηδί-

202 4812 361 4876 ζεται
388 4813 601 4880 ἑαυτὸν,
631 4815 664 4885 ῆ
701 4816 917 4873 κόπτειν
945 4817 1006 4871 τὸ
1058 4819 1185 4871 ἴδιον
1230 4820 1410 4888 μέλος,
1446 4820 1549 4873 κᾶν
1575 4820 1777 4887 ποιήσῃ

204 4903 395 4973 σῆψιν,
442 4905 533 4957 καὶ
561 4906 621 4957 οὺ
654 4908 853 4974 μᾶλλον
885 4908 1191 4979 καθαρίζει,
1232 4909 1554 4970 ἀποπλύνει,
1593 4907 1775 4975 βάλλει

201 4993 610 5065 ἑμπλάστρους,
645 4998 1097 5068 κατασφραγίζει,
1127 5001 1355 5069 παρέχει
1390 4998 1655 5066 ἁγίασμα,
1693 4996 1777 5048 εὖ·

204 5102 385 5158 χεται,
420 5088 727 5157 παρακαλεῖ
765 5089 893 5151 τοὺς
928 5088 1111 5157 ἁγίους
1137 5089 1395 5153 εύξασθσι
1432 5087 1571 5158 ὑπὲρ
1590 5087 1776 5151 αὑτοῦ,

203 5179 399 5247 ὥσπερ
440 5177 596 5245 ἔλεγε
646 5178 740 5232 καὶ
769 5180 798 5231 ὁ
836 5180 1009 5241 ἀδδᾶς
1045 5181 1322 5248 Ζωσιμᾶς,
1374 5179 1465 5230 xui
1495 5179 1683 5242 ἁπλῶς
1716 5180 1775 5232 οὐ

206 5270 551 5337 παραχωρεῖ,
590 5269 689 5321 οὐκ
720 5271 1122 5340 ἀποστρέφεται
1168 5271 1230 5321 τὸ
1279 5270 1407 5321 ἴδιον
1454 5265 1635 5336 μέλος,
1658 5271 1776 5323 οὐδὲ

204 5355 309 5422 τὴν
330 5352 595 5425 δυσωδίαν
619 5354 805 5418 αὐτοῦ,
836 5355 971 5408 ἀλλά
1022 5358 1197 5409 πάντα
1240 5357 1383 5408 ποιεῖ
1414 5356 1499 5409 ἵνα
1546 5358 1741 5427 ὑγιάνῃ
1766 5374 1779 5421 ;

206 5446 387 5505 οὓτως
433 5444 722 5513 ὀφείλομεν
772 5447 867 5498 καὶ
905 5448 1067 5516 ἡμεῖς
1120 5446 1463 5517 συμπάσχειν
1506 5449 1779 5520 ἀλλήλοις,

209 5535 707 5603 ἀντιλαμϐάνεσθαι
736 5536 800 5587 δι’
826 5536 1050 5603 ἑαυτῶν,
1083 5538 1147 5591 δι’
1170 5539 1313 5591 ἄλλω
1366 5540 1773 5609 δυνατωτέρων,

210 5628 311 5678 καὶ
343 5626 518 5678 πάντα
545 5629 799 5692 ἐπινοεῖν,
827 5630 918 5681 καὶ
964 5631 1137 5682 ποιεῖν
1188 5632 1263 5693 εἰς
1298 5631 1357 5682 τὸ
1387 5631 1650 5701 βοηθῆσαι
1685 5631 1777 5683 καί

212 5715 429 5775 ιαυτοῖς
461 5716 552 5767 καὶ
574 5717 772 5781 ἄλλοις.
808 5718 973 5786 Μέ.ίη
1004 5718 1112 5789 γάρ
1156 5721 1340 5790 ἐσμεν
1370 5722 1676 5788 (inliner,
1698 5720 1773 5783 ὡς

290 5834 318 5895 ἔτ
354 5829 511 5886 Rom.
566 5849 659 5901 χιι,
679 5834 731 5888 5.

1881 4726 1965 4780 vel
1997 4721 2230 4792 quodvis
2268 4718 2410 4773 aliud
2454 4716 2846 4779 membrorum,
2878 4715 3005 4769 illud
3038 4726 3146 4765 non
3173 4704 3454 4763 abomina-

1880 4827 1997 4880 tur,
2030 4824 2123 4868 aut
2154 4813 2456 4867 abscissum
2500 4809 2735 4878 projicit,
2770 4807 2872 4864 etsi
2908 4818 3042 4873 opus
3076 4800 3452 4855 fetidissimum

1882 4905 2144 4965 emiserit.
2172 4902 2265 4956 sed
2297 4900 2475 4970 potius
2514 4900 2719 4962 abluit,
2752 4902 2968 4968 purgat,
2998 4892 3319 4961 medicinam
3362 4894 3457 4944 acl-

1885 4994 2067 5055 hibct,
2101 4992 2372 5061 obsignat,
2420 4990 2761 5051 consolidat,
2812 4982 3116 5055 lienedicit,
3166 4980 3453 5049 supplicat,

1885 5084 2102 5138 adhibet
2146 5096 2331 5151 preces
2362 5088 2416 5134 et
2449 5081 2723 5145 orationes
2752 5085 3089 5137 sanctorum,
3122 5083 3177 5126 et
3202 5088 3457 5141 quaecun-

1887 5192 1991 5243 que
2023 5172 2237 5227 tandem
2281 5172 2429 5236 facit,
2458 5188 2580 5242 quas
2618 5172 2686 5225 ad
2724 5165 3086 5223 valetudinem
3120 5178 3457 5231 consequen-

1879 5266 2002 5319 dam
2038 5263 2375 5332 pertineant.
2399 5261 2809 5332 Compatiamur
2839 5254 3260 5325 igiturjnvieem
3291 5269 3457 5305 mem-

1881 5353 1992 5409 bris
2024 5353 2225 5407 nostris
2257 5364 2309 5407 et
2334 5361 2524 5407 mutuo
2553 5348 2953 5423 complexantcs
2988 5341 3283 5397 foveamus.
3325 5339 3453 5391 Uni-

1879 5445 1969 5499 nia
2010 5443 2295 5509 faciamus,
2329 5443 2699 5511 excogitemus
2737 5446 2795 5491 ut
2827 5438 3059 5491 invicem
3099 5434 3255 5490 nobis
3298 5447 3455 5499 opem

1877 5535 2141 5593 feramus.
2177 5536 2411 5590 Membra
2449 5535 2585 5607 enim
2619 5531 2839 5582 invicem"
2868 5544 3071 5592 sumus,
3106 5535 3163 5579 ut
3206 5525 3281 5575 ait
3309 5525 3455 5590 Apo-

1883 5630 2077 5684 stolus.
2112 5628 2170 5683 Si
2202 5631 2340 5683 enim
2390 5642 2551 5680 unum
2590 5637 2776 5689 corpus
2809 5636 3011 5683 sumus,
3054 5613 3250 5684 singuli
3282 5622 3458 5666 autem

1882 5721 2215 5791 singulorum
2260 5718 2490 5775 membra
2516 5718 2559 5767 δ.
2618 5711 2762 5767 Etsi
2803 5709 3079 5781 quodpiam
3114 5704 3464 5759 membrorum
