4020 6340
184 440 327 507 1697

1524 454 1909 521 DOCTRINA
1928 461 2064 526 VII.

3242 460 3456 552 usas

180 556 454 629 τοιαύτης
498 557 680 622 αίτίας
710 559 773 614 τὸ
806 561 1060 632 πρᾶγμα,
1103 564 1137 634 ἢ
1167 565 1263 618 καὶ
1309 566 1510 633 πολλάς
1542 586 1558 635 ;
1620 569 1758 638 Ἐγὼ

1870 588 2037 632 causa
2089 590 2174 636 est
2218 581 2452 655 hujusce
2512 589 2838 650 vaneiatis?
2893 593 3145 656 Unamne
3184 598 3452 657 rationem

184 644 378 716 βλέπω
408 647 491 702 ὅτι
526 648 729 711 πολλὰς
764 650 864 722 μὲν
893 652 1007 723 ἔχει
1036 654 1219 719 αίτίας
1259 670 1275 687 ’
1308 656 1407 728 μία
1435 658 1494 713 δέ
1545 661 1697 714 ἐστιν
1727 663 1763 732 ἡ

175 741 455 808 γεννῶσα,
501 740 579 805 ὡς
630 740 701 796 ἂν
743 744 890 797 είποι
918 761 1026 809 τις,
1074 746 1205 811 ὅλας
1252 748 1353 812 τὰς
1414 750 1622 816 πολλάς
1677 754 1762 805 αί·

174 829 305 895 τίας
338 847 356 863 ο
386 831 480 885 καὶ
532 830 675 901 λέγω
716 835 855 899 πῶς’
891 835 1115 907 Πρῶτον
1163 838 1265 909 μὲν
1303 839 1597 911 συμϐαίνει
1641 842 1765 897 τινά

176 920 478 993 εὑρεθῆναι
502 922 611 979 ἀπὸ
664 924 855 997 εὐχῆς,
904 928 938 998 ἢ
986 928 1099 983 ἀπὸ
1160 931 1331 986 καλοῦ
1401 927 1761 1004 καθίσματος,

176 1012 276 1067 καὶ
329 1013 670 1084 εὑρίσκεται,
701 1017 781 1081 ὡς
813 1018 878 1072 ἄν
915 1019 1047 1093 εἴπῃ
1073 1038 1181 1088 τις,
1216 1022 1278 1078 ἐν
1310 1022 1450 1096 καλῇ
1484 1026 1764 1081 καταστά-

178 1118 289 1167 σει,
323 1103 420 1156 καὶ
496 1103 759 1173 βαστάζει
799 1107 893 1160 τὸν
922 1108 1151 1180 ἀδελφὺν
1196 1111 1383 1179 αὑτοῦ,
1415 1113 1513 1168 καὶ
1554 1117 1765 1187 παρέρ-

177 1210 341 1265 χεται
390 1194 703 1268 ἀταράχως.
735 1197 905 1252 Πάλιν
964 1198 1023 1252 δὲ
1056 1200 1349 1272 συμϐαίνει
1390 1203 1764 1273 δτιεύρίσκε-

176 1284 276 1338 ταί
321 1286 581 1357 τιςλέχων
628 1289 1005 1360 προσπάθειαν
1046 1292 1186 1365 πρός
1216 1306 1380 1361 τινα,
1438 1295 1529 1350 διά
1603 1297 1803 1357 τοῦτο.

178 1376 461 1442 ἀθλίπτως
513 1378 767 1449 βαστάζει
817 1382 947 1453 παρ’
979 1384 1146 1439 αὒτοῦ
1178 1385 1557 1459 ἐπιφερόμενα
1588 1389 1758 1460 αὐτῷ.

180 1469 343 1523 Ἔστι
384 1473 549 1526 πάλιν
577 1473 667 1527 ὅτε
705 1478 1041 1546 καταφρονεῖ
1062 1495 1147 1550 τις
1170 1478 1390 1534 θέλοντα
1420 1479 1587 1533 αὐτὸν
1635 1480 1764 1551 βλά-

174 1557 300 1628 ψαι,
360 1561 456 1615 καὶ
498 1562 576 1626 ὡς
612 1563 905 1640 εὐτελίζων
930 1564 1000 1621 τὰ
1047 1566 1180 1636 παρ’
1203 1564 1417 1634 αὐτοῦ,
1483 1567 1577 1621 καί⁵
1626 1569 1763 1640 μηδὲ

178 1652 467 1724 προσέχων
494 1653 663 1725 αὐτῷ,
697 1654 773 1719 ὡς
819 1638 1113 1729 ἀνθρώπῳ,
1145 1658 1281 1728 μηδὲ
1308 1638 1635 1729 ποιούμενος
1663 1638 1761 1712 αύ-
1795 1678 1805 1685 -

175 1739 272 1793 τοῦ
304 1742 466 1810 λόγον
494 1743 585 1796 ἐπὶ
614 1746 726 1809 τοῖς
758 1744 892 1816 παρ’
946 1746 1116 1801 αὐτοῦ
1144 1746 1482 1817 λεγομένοις.
1518 1748 1633 1801 Καὶ
1664 1748 1759 1802 λέ-

177 1847 261 1900 γω
335 1833 468 1902 ὑμῖν
518 1850 574 1886 τι
622 1834 889 1902 τοιοῦτον,
976 1837 1067 1893 ἵνα
1118 1838 1457 1913 θαυμάσητεο
1514 1832 1627 1894 Ἦν
1675 1858 1761 1905 τις

177 1921 410 1990 ἀδελφὸς
463 1924 520 1976 ἐν
546 1924 626 1994 τῷ
662 1926 917 1999 κοινοϐίιρ
955 1928 1063 2000 πρὸ
1117 1906 1240 1983 τού-
1272 1906 1375 2003 με⁷
1400 1931 1759 2005 ἀναχωρῆσαι
1788 1906 1834 1962 Β

177 2012 415 2098 ἐκεῖθεν,
460 2015 555 2068 καὶ¹
584 2014 820 2098 ἔϐλεπον
841 2018 1004 2072 αὑτὸν
1030 2014 1301 2090 μηδέποτε
1328 2022 1757 2095 ταρασσόμενον,

175 2103 210 2175 ἢ
239 2088 559 2175 θλιϐόμενον
594 2108 734 2180 πρός
783 2088 907 2165 ⁸τινα
931 2124 947 2143 ο
1009 2088 1257 2183 καίτοιγε
1286 2088 1589 2186 διαφόρως⁷
1618 2088 1760 2172 εἶδον

174 2196 411 2264 πολλοὺς
466 2199 577 2253 τῶν
603 2201 853 2270 ἀδελφῶν
881 2202 1202 2275 ὑϐρίζοντας
1232 2206 1332 2277 κα).
1358 2206 1662 2272 σιαίνοντας
1690 2209 1755 2241 ¹⁶⁴

177 2288 341 2343 αὐτόν
372 2305 387 2321 ⁸
414 2288 589 2355 οὕτως
614 2290 675 2345 δὲ
712 2291 909 2365 ἔφερεν
938 2296 967 2347 ὁ
998 2293 1265 2366 νεώτερος
1293 2298 1504 2362 ἐκεῖνος
1528 2298 1599 2353 τὰ
1627 2300 1756 2370 παρ’

175 2379 413 2435 ἑκάστου
444 2381 645 2448 αὐτῶν,
695 2383 772 2448 ὡς
826 2383 1055 2456 μηδενὸς
1122 2386 1406 2452 παντελῶς
1471 2388 1758 2460 ὀχλοῦντος

177 2472 329 2545 αὐτῷ
352 2515 367 2529 .
416 2473 559 2543 Ἐγὼ
614 2470 709 2529 οὖν
780 2475 1089 2547 ἐθαύμαζον
1134 2472 1223 2532 ἀεὶ
1276 2478 1379 2549 τὴν
1451 2478 1756 2551 ὑπερϐολὴν

175 2564 277 2637 τῆς
327 2565 681 2633 ἀνεξικακίας
718 2568 911 2635 αὑτοῦ,
959 2570 1055 2623 καὶ
1077 2567 1388 2640 ἐπεθύμουν
1423 2570 1615 2642 μαθεῖν
1653 2571 1756 2626 πό-

178 2656 272 2711 οεν
313 2659 586 2729 ἐκτήσατο
632 2659 732 2730 τὴν
780 2660 983 2733 ἀρετὴν
1032 2659 1276 2734 ταύτην·
1318 2661 1416 2717 καὶ
1492 2662 1758 2735 λαμϐάνω

177 2751 340 2807 αὐτὸν
385 2752 534 2817 ἅπαξ
572 2750 857 2824 παριδίως,
902 2753 996 2807 καὶ
1026 2753 1206 2824 βάλλω
1244 2754 1395 2825 αὑτῷ
1426 2740 1753 2827 μετάνοιαν,

178 2845 514 2917 παρακαλῶν
542 2847 715 2902 εἰπεῖν
757 2864 848 2919 μοι
888 2849 1042 2901 ποῖον
1089 2848 1179 2921 ἀεὶ
1234 2846 1495 2920 λογισμὸν
1536 2847 1649 2919 ἔχει
1696 2849 1754 2902 ὲν

177 2938 243 3006 τῇ
299 2936 500 3011 καρδίᾳ
536 2936 728 3003 αὐτοῦ,
799 2938 909 2993 είτε
943 2937 1326 3012 ὑβριζόμενος,
1370 2939 1486 2992 εἴτε
1543 2938 1755 3012 οίονδή-
1794 2990 1802 2997 .

179 3045 312 3082 ποτε
356 3026 611 3102 ἐπαχθῶς
639 3029 870 3104 πάσχων
902 3029 1007 3089 ὑπὸ
1030 3048 1199 3097 τινος,
1220 3034 1225 3037 ’
1248 3030 1330 3085 ὅτι
1362 3024 1617 3102 τοιαύτην
1664 3033 1754 3086 ὲν-

177 3120 901 3195 δείινυταιμακροθυρίίαν.
955 3123 1016 3178 '0
1047 3124 1105 3178 δὲ
1160 3124 1520 3195 ἀποκρίνεται
1593 3121 1756 3193 φύσει

182 3209 324 3280 μετά
358 3210 642 3278 ἀπονοίας,
682 3214 780 3267 καὶ
826 3211 979 3282 λέγει
1038 3231 1131 3285 μοι
1150 3230 1167 3246 ο
1225 3233 1245 3268 ι
1289 3212 1429 3268 Ἀλλ’
1483 3214 1597 3281 ἐγὼ
1646 3211 1755 3283 ἔχω

178 3289 623 3372 προσέχεινκτοίς
662 3303 1001 3376 ἀτελέσμασι
1025 3304 1262 3370 τούτοις,
1312 3302 1348 3373 ἢ
1397 3300 1655 3383 δέξασθαι
1683 3302 1755 3356 τά

178 3394 309 3466 παρ’
357 3392 564 3461 αὐτῶν,
594 3393 674 3458 ὡς
714 3395 856 3465 παρ’
900 3386 1223 3466 ,ἀνθρώπων
1267 3393 1460 3465 ὡραῖοι
1510 3391 1690 3455 κύνες.
1726 3409 1747 3443 ι

189 3482 459 3548 Ἀκούσας
490 3470 603 3554 ἐγὼ
632 3481 809 3549 τοῦτο,
836 3481 1029 3538 ἔϐαλον
1050 3483 1204 3539 κάτω
1234 3476 1304 3537 τὰ
1328 3476 1447 3540 ὦτά
1481 3498 1610 3553 μου,
1657 3482 1757 3537 καὶ

178 3574 398 3645 λέγω-ὲν
426 3572 649 3646 ἐμαυτῷ
672 3589 687 3604 ·
724 3592 744 3627 ι
772 3567 915 3647 Εὗρε
941 3574 1041 3649 τὴν
1074 3574 1199 3629 ὁδδν-
1217 3575 1247 3628 ὁ
1273 3572 1499 3645 ἀδελφὸς
1519 3568 1694 3639 οὗτος,
1724 3592 1744 3626 ι

178 3670 272 3723 καὶ
334 3668 647 3741 σφραγίσας
700 3664 945 3740 ἐμαυτὸν
982 3667 1241 3739 ἀπῆλθον
1295 3666 1608 3739 εὐχόμενος,
1664 3666 1752 3721 ἵνα

178 3760 271 3816 καὶ
299 3758 405 3831 ἐμὲ
445 3760 541 3815 καὶ
574 3754 753 3814 αὐτὸν
784 3762 815 3815 ὁ
843 3758 1291 3826 Θεδςσκεπάσει.
1320 3788 1321 3791 η
1652 3802 1659 3807 .

245 3853 324 3906 B’.
364 3852 532 3929 Ὥστε
565 3851 880 3923 συμϐαίνει,
914 3852 992 3915 ὼς
1025 3846 1199 3916 εἶπον,
1228 3850 1324 3904 καὶ
1344 3849 1453 3905 ἀπὸ
1480 3867 1754 3920 καταφρο-

178 3943 382 4017 νήσεως
435 3942 511 4015 μὴ
570 3942 909 4014 ταραχθῆναι
932 3960 1075 3997 τινα.
1132 3941 1302 3996 Τοῦτο
1359 3941 1416 3995 δὲ
1468 3942 1751 4012 προφανής

178 4038 324 4090 ἐστιν
374 4033 637 4089 ἀπώλεια.
665 4034 740 4087 Τὸ
772 4033 831 4086 δὲ
874 4033 1213 4105 ταραχθῆναι
1256 4050 1379 4087 τινα
1408 4031 1544 4101 πρὸς
1592 4032 1749 4086 ἀδελ-

178 4124 275 4197 φὸν
328 4123 581 4179 θλίϐοντα
626 4122 811 4189 αὐτὸν,
846 4121 1193 4193 συμϐαίνειῆ
1248 4124 1312 4175 ὲκ
1338 4120 1433 4175 τοῦ
1465 4120 1542 4192 μὴ
1596 4122 1749 4193 εὑρε-

183 4221 338 4293 οῆναι
362 4218 487 4273 κατ’
524 4219 742 4289 ἐκείνην
774 4218 873 4288 τὴν
921 4216 1072 4289 ὥραν
1126 4219 1182 4271 ὲν
1212 4218 1350 4288 καλῇ
1392 4217 1748 4282 καταστάσει,

178 4313 211 4385 ἢ
253 4315 318 4367 ὲκ
347 4311 443 4367 τοῦ
473 4311 615 4383 ἔχειν
654 4310 845 4383 ἀηδίαν
874 4310 995 4365 τινὰ
1020 4310 1156 4384 πρὸς
1185 4310 1368 4367 αὐτόν.
1406 4310 1527 4364 Εἰσὶ
1557 4311 1614 4365 δὲ
1653 4311 1750 4364 καὶ

178 4404 312 4461 ἀλλα
354 4403 526 4457 πολλά
571 4403 723 4459 αἴτια
749 4403 961 4468 τούτου,
1023 4402 1167 4475 άπερ
1196 4402 1468 4475 διαφόρως
1511 4405 1750 4474 εἴρηται.

181 4496 254 4549 Τὸ
280 4495 339 4550 δὲ
389 4495 563 4549 αίτιον
620 4487 822 4565 πάσης
853 4492 1102 4565 ταραχῆς
1188 4496 1357 4557 ἐστιν,
1435 4494 1532 4547 ἐὰν
1609 4493 1747 4564 μετά

1866 662 2066 723 habeat
2102 684 2191 727 res
2222 672 2360 740 hac,
2390 691 2460 731 an
2491 678 2720 748 plures?
2760 680 2872 753 Ego
2908 686 3111 745 multas
3152 688 3335 746 inesse
3361 706 3452 746 ra-

1867 753 2045 813 tiones
2065 768 2119 815 et
2138 775 2336 821 causas
2361 766 2755 839 animadverto,
2780 782 2943 845 atque
2968 790 3135 832 unam
3168 777 3226 834 in
3256 780 3452 850 primis

1864 860 1988 916 qna:
2019 861 2244 910 caeteras
2283 871 2474 913 omnes
2514 859 2705 931 gignit,
2737 872 2799 919 ut
2825 865 3045 935 quidam
3076 868 3193 924 ait:
3233 886 3301 926 ex
3329 870 3454 942 ipso

1865 940 2142 998 interdum
2179 955 2324 1007 statu
2357 949 2411 1005 in
2439 967 2547 1023 quo
2582 955 2817 1027 quisque
2846 958 3138 1030 reperitur,
3171 959 3275 1017 hoc
3317 940 3449 1033 pro-

1842 1033 2036 1105 venit.
2091 1035 2147 1091 In
2173 1040 2422 1125 oratione
2453 1046 2599 1101 enim
2629 1055 2723 1102 aut
2765 1051 3224 1119 contemplatione
3259 1067 3449 1123 reper-

1864 1128 1977 1190 tus,
2004 1123 2167 1183 facile
2193 1123 2596 1191 conviciantem
2640 1137 2862 1194 fratrem
2905 1139 3031 1208 fert,
3070 1154 3124 1199 et
3152 1143 3448 1202 immobilis

1863 1224 2091 1305 perstat.
2125 1216 2438 1291 Aliquando
2465 1239 2533 1280 ex
2571 1226 2913 1285 ati'ectatione
2961 1222 3131 1288 nimia
3169 1249 3275 1305 qua
3321 1235 3447 1305 quis

1865 1302 1920 1358 iu
1945 1305 2181 1375 aliquem
2208 1307 2429 1367 fratrem
2462 1323 2708 1375 tenetur:
2739 1320 2924 1375 omnia
2951 1322 3098 1378 enim
3123 1302 3235 1394 prie
3262 1302 3447 1380 amore

1864 1394 1933 1450 ab
1969 1412 2038 1452 eo
2082 1399 2482 1485 patientissime
2526 1409 2741 1465 tolerat.
2774 1410 3179 1485 Nonnunquam
3226 1431 3447 1487 quoque

1862 1496 1927 1538 ex
1949 1493 2427 1558 contemptu,cum
2450 1497 2660 1553 scilicet
2684 1500 2808 1570 quis
2833 1505 3132 1558 contemnit
3159 1512 3213 1560 et
3238 1507 3448 1577 spernit

1862 1590 1989 1633 eum
2048 1580 2143 1650 qui
2175 1595 2297 1639 sese
2333 1585 2554 1642 turbare
2601 1590 2854 1656 voluerit,
2895 1590 3330 1666 dedignaturque
3386 1597 3443 1651 in

1862 1665 2015 1723 illum
2050 1678 2309 1742 tanquam
2339 1675 2394 1731 in
2438 1678 2769 1737 vilissimum
2798 1684 3041 1739 omnium
3083 1665 3305 1753 intueri,
3349 1697 3446 1742 aut

1859 1758 2084 1814 verbum
2109 1763 2187 1819 illi
2215 1768 2562 1838 respondere,
2590 1781 2688 1828 aut
2710 1775 2779 1829 de
2806 1775 2976 1846 ipsius
3006 1776 3217 1845 injuriis
3244 1788 3298 1833 et
3324 1796 3445 1833 ma-

3410 1847 3486 1867 κ

1861 1848 2072 1907 ledictis
2095 1868 2221 1909 cum
2248 1857 2432 1927 aliquo
2460 1863 2791 1921 mentionem
2824 1867 3023 1925 facere.
3043 1848 3433 1940 Hujuscemodi

1867 1942 1978 2033 vir,
2016 1942 2220 2013 fateor,
2270 1948 2630 2011 admiratione
2664 1971 2880 2015 summa
2928 1960 3127 2033 dignus
3168 1973 3269 2019 est.
3308 1963 3443 2019 Erat

1869 2030 1927 2088 in
1984 2032 2236 2092 cmuobio
2279 2046 2473 2101 nostra
2504 2041 2693 2111 frater,
2721 2030 3013 2120 antequam
3060 2067 3160 2124 ego
3196 2052 3319 2109 inde
3358 2055 3443 2108 di-

1858 2125 2133 2196 grederer,
2162 2142 2323 2199 quem
2346 2145 2627 2202 nunquam
2649 2135 2898 2194 videbam
2933 2142 3018 2196 vel
3046 2143 3322 2199 turbatum
3353 2146 3441 2200 vel

1856 2211 2115 2278 amictum
2138 2214 2193 2269 in
2211 2216 2430 2287 aliquo:
2456 2230 2647 2276 contra
2668 2229 2798 2280 vero
2820 2226 3149 2296 aspiciebam
3178 2231 3444 2301 plurimos

1855 2317 1922 2357 ex
1956 2303 2217 2363 fratribus
2242 2307 2527 2379 illiverbis
2558 2314 2768 2384 asperis
2810 2315 3068 2373 molestos
3107 2327 3161 2375 et
3199 2336 3435 2392 graves;

1854 2406 1977 2460 quae
1990 2395 2174 2451 omnia
2185 2398 2369 2455 animo
2380 2403 2697 2471 mquissimo
2718 2403 2923 2464 ferebat
2941 2417 2995 2465 et
3015 2412 3439 2480 patientissimo.

1854 2481 2110 2551 Mirabar,
2128 2484 2320 2552 fateor,
2333 2491 2708 2549 excellentiam
2723 2498 2998 2565 patientiae
3009 2501 3153 2572 ejus,
3168 2503 3443 2573 optabam-

1854 2590 1963 2645 que
1976 2592 2045 2631 ex
2066 2590 2133 2632 eo
2154 2579 2346 2635 audire
2363 2582 2638 2652 quomodo
2658 2585 2763 2641 sibi
2784 2586 3043 2644 virtutem
3070 2591 3210 2649 hanc
3233 2596 3438 2651 tantam

1854 2679 2119 2738 parasset.
2143 2670 2277 2728 Cum
2304 2673 2469 2743 igitur
2491 2691 2618 2732 eum
2644 2677 2939 2749 aliquando
2958 2680 3179 2737 obvium
3217 2685 3440 2747 habuis-

1853 2774 1990 2825 sem,
2022 2761 2263 2817 exhibita
2292 2767 2596 2822 reverentia
2628 2780 2788 2824 orare
2815 2772 2981 2842 coepi,
3011 2787 3081 2829 ne
3114 2788 3203 2830 me
3234 2775 3439 2834 celaret
3536 2806 3539 2809 -

1853 2849 1985 2933 quid
2014 2851 2215 2907 soleret
2231 2852 2373 2923 apud
2394 2870 2455 2911 se
2474 2855 2745 2929 cogitare,
2764 2872 2895 2914 cum
2916 2874 2948 2915 a
2970 2861 3157 2917 multis
3183 2861 3436 2933 plurimis

1852 2932 2160 2991 afﬁceretur
2189 2935 2430 3008 injuriis,
2470 2948 2525 2996 et
2553 2941 2831 3011 quomodo
2870 2951 3083 3015 tantum
3117 2932 3231 3016 pati
3277 2961 3437 3019 aequo

1853 3027 2037 3083 animo
2065 3039 2250 3099 posset
2285 3038 2341 3085 et
2377 3028 2543 3089 ferre.
2579 3031 2883 3104 Respondit
2920 3035 3012 3093 ille
3054 3036 3189 3092 mihi
3223 3038 3436 3109 simpli-

1855 3118 2017 3186 citer,
2056 3120 2203 3177 nulla
2232 3122 2556 3179 circuitione
2589 3136 2686 3180 aut
2722 3128 3107 3185 recusatione:
3149 3147 3169 3181 ι
3204 3128 3317 3201 Ego
3345 3145 3437 3187 me

1783 3240 1829 3301 ο
1857 3209 1938 3267 sic
1966 3209 2142 3267 haben
2166 3211 2235 3268 ad
2263 3213 2362 3269 has
2390 3213 2621 3295 injurias
2646 3224 2704 3271 et
2736 3216 2808 3273 ita
2848 3231 2944 3274 eas
2976 3217 3211 3290 perfero,
3263 3230 3320 3276 ut
3361 3222 3434 3277 ab

1858 3302 2175 3377 hominibus
2197 3304 2384 3359 blandi
2412 3320 2597 3362 canes.
2619 3326 2640 3359 ι
2673 3306 2770 3365 His
2798 3310 3001 3367 auditis
3027 3311 3217 3367 demisi
3244 3327 3430 3380 aures,

1852 3394 1908 3442 et
1938 3386 2073 3442 mihi
2104 3388 2211 3459 ipsi
2245 3390 2403 3447 dixi:
2441 3410 2465 3445 ι
2501 3393 2749 3451 inveniat
2792 3396 2962 3453 frater
3002 3398 3093 3455 hic
3138 3400 3277 3455 viam
3330 3416 3430 3470 per

1853 3491 2016 3550 quam
2046 3490 2195 3538 recte
2221 3481 2461 3550 incedat,
2496 3504 2516 3537 ι
2560 3500 2757 3557 meque
2799 3488 3094 3559 obsignans
3120 3499 3176 3546 et
3203 3491 3429 3549 ﬁrmans
3480 3522 3487 3526 ~

1854 3573 1986 3643 abii,
2021 3572 2345 3655 supplicans
2371 3575 2484 3634 Deo
2510 3585 2572 3634 ut
2602 3594 2692 3636 me
2721 3588 2776 3636 et
2812 3580 2961 3637 illum
2992 3593 3320 3655 protegeret.

1923 3835 1989 3892 ιι.
2030 3835 2167 3893 Hinc
2201 3839 2387 3909 igitur,
2424 3831 2499 3894 ub
2515 3840 2649 3907 dixi,
2684 3842 2933 3914 provenit
2961 3860 3065 3901 non
3095 3846 3298 3901 turbari
3325 3848 3427 3902 ali-

1850 3944 2012 3996 quem
2043 3937 2137 3983 aut
2168 3929 2354 4002 afﬂigi,
2385 3933 2433 3986 si
2463 3940 2587 4005 qua:
2610 3932 2887 4003 dicuntur,
2920 3948 3142 4007 spernat
3170 3947 3225 3992 et
3250 3940 3422 4005 negli-

1850 4027 1959 4088 gat.
1993 4017 2225 4075 Turhari
2253 4031 2434 4078 autem
2473 4034 2527 4078 et
2556 4014 2717 4094 alﬂigi
2743 4042 2808 4079 ex
2848 4025 3028 4080 verbis
3070 4025 3256 4082 fratris
3298 4026 3425 4083 inde

1852 4106 1931 4176 fit,
1960 4112 2106 4180 quod
2132 4113 2213 4166 vel
2244 4111 2301 4167 in
2326 4122 2468 4166 statu
2496 4113 2645 4166 nullo
2674 4114 2817 4165 bono
2843 4112 3133 4181 reperitur,
3162 4114 3245 4168 vel
3276 4104 3426 4186 quod

1850 4201 2074 4259 fratrem
2105 4202 2257 4255 illum
2299 4200 2493 4255 oderit.
2536 4200 2678 4255 Sunt
2706 4210 2889 4259 autem
2916 4210 2972 4257 et
3012 4203 3134 4259 alia
3177 4205 3428 4274 plurima

1832 4286 2076 4359 hujusce
2102 4289 2181 4343 rei
2211 4304 2411 4355 causa,
2442 4305 2566 4361 qua:
2592 4284 2907 4369 dil'erenter
2939 4292 3099 4349 diem
3129 4305 3277 4352 sunt.
3317 4297 3429 4354 Sed

1850 4378 1989 4437 ratio
2013 4381 2191 4435 omnis
2218 4382 2673 4450 perturbationis,
2696 4382 2747 4438 si
2778 4378 3093 4453 quantum
3119 4385 3423 4455 diligenter,

1849 4488 1911 4529 ea
1960 4481 2083 4536 est.
2125 4473 2271 4541 quod
2328 4486 2488 4526 nemo
2542 4472 2782 4541 seipsnm
2834 4468 3077 4531 accusat.
3128 4473 3262 4529 Hinc
3306 4475 3426 4535 ﬂuit

178 4588 458 4661 ἀκριϐείας
487 4561 833 4658 ζητήσωμεν,
873 4561 942 4639 τὸ.
1112 4584 1430 4655 μέμφεσθαι
1482 4561 1744 4646 ἑαυτούς’

1852 4565 2029 4621 omnis
2061 4563 2311 4618 molestia
2336 4571 2393 4618 et
2421 4561 2664 4625 afﬂictio,
2696 4562 2825 4619 hinc
2853 4575 2940 4621 est
2972 4574 3031 4621 ut
3071 4566 3273 4651 nullan:
3321 4568 3423 4622 ali-

179 4680 386 4736 ἐκεῖθεν
432 4681 627 4751 ἔχομεν
672 4678 801 4748 ὃλην
844 4677 942 4747 τὴν
988 4675 1288 4745 συντριϐὴν
1328 4674 1570 4745 ταύτην,
1604 4677 1747 4729 εκεῖ-

180 4771 269 4826 θεν
296 4770 551 4840 οὑδέπρτε
594 4770 923 4840 εὑρίσκομεν
968 4768 1296 4821 ἀνάπαυσιν.
1340 4767 1456 4821 Οὐκ
1487 4766 1605 4820 ἔστι
1638 4769 1747 4839 γάρ

181 4859 459 4934 θαυμάσά
506 4863 587 4915 ὅτι
619 4860 890 4931 ἀκούομεν
918 4860 1069 4931 παρά
1126 4860 1345 4914 πάντων
1390 4859 1499 4913 τῶν
1552 4860 1746 4928 ἁγίων,

184 4949 258 5021 μὴ
303 4944 444 5004 εῖναι
496 4949 663 5018 ἀλλην
700 4949 818 5023 ὁδὸν
872 4947 1011 5020 πλὴν
1062 4948 1265 5019 ταύτης
1301 4963 1315 4976 °
1346 4948 1441 5001 καὶ
1477 4947 1749 5019 βλέπομεν

179 5043 259 5098 ὅτι
300 5043 473 5108 οὐδεὶς
502 5042 704 5097 ὥδευσε
757 5032 889 5103 inore
941 5041 1106 5112 ἀλλην
1138 5041 1280 5105 ὁδὸν,
1315 5041 1411 5094 καὶ
1438 5032 1597 5110 εὗρεν
1621 5040 1750 5093 ἀνά-

181 5152 377 5191 παυσιν
405 5151 419 5166 ⁸
472 5136 567 5189 καὶ
618 5112 1010 5205 προσδοκῶμεν
1056 5136 1217 5203 ἡμεῖς
1273 5130 1671 5195 ἀναπαύεσθαι,
1713 5132 1747 5202 ἢ

181 5228 316 5293 ὅλως
371 5227 490 5280 ὁδὸν
523 5227 738 5279 εὐθεῖαν
794 5227 1037 5295 κρατεῖν,
1099 5224 1367 5293 μηδέποτε
1434 5223 1750 5294 ἀνεχόμενοι

181 5318 401 5381 ἑαυτοὺς
427 5316 755 5387 μέμφεσθαι.
799 5317 1029 5376 Ὄντως.
1071 5315 1196 5367 Ἐὰν
1225 5315 1427 5386 ποιήσῃ
1462 5314 1747 5387 ἄνθρωπος

185 5408 378 5478 μυρίας
404 5406 698 5469 πολιτείας,
757 5406 1019 5475 κρατήσει
1048 5405 1105 5457 δὲ
1148 5406 1249 5475 τὴν
1279 5405 1400 5458 ὁδὸν
1424 5405 1652 5476 ταύτην,
1682 5407 1742 5459 ού

186 5497 258 5569 μὴ
304 5498 487 5572 παύση
511 5496 572 5551 τέ
625 5514 756 5551 ποτε
823 5496 1023 5550 θλίϐων
1106 5498 1200 5550 καὶ
1259 5495 1595 5567 θλιϐόμενος,
1650 5500 1744 5552 καὶ

185 5589 426 5648 ἀπόλλων
455 5589 609 5655 ὅλους
672 5590 798 5652 τοὺς
844 5588 1049 5652 κόπους
1078 5586 1265 5643 αὑτοῦ.
1330 5589 1495 5642 Ποίαν
1540 5591 1598 5642 δὲ
1648 5608 1743 5660 χα-

1850 4656 2071 4729 quando
2108 4656 2356 4726 requiem
2383 4654 2683 4710 habeamus
2712 4670 2727 4707 :
2767 4667 2869 4711 nee
2895 4656 3083 4712 mirari
3116 4642 3260 4723 licet,
3293 4672 3423 4713 cum

1853 4764 1885 4806 a
1912 4749 2119 4807 sanctis
2163 4745 2485 4804 hominibus
2526 4745 2933 4814 acceperimus,
2982 4742 3185 4800 nullam
3226 4753 3423 4814 prater

1854 4844 1999 4899 hanc
2026 4842 2187 4898 nobis
2216 4839 2283 4895 ad
2309 4838 2550 4908 quietem
2579 4835 2725 4892 viam
2744 4837 2895 4893 dari.
2921 4835 3077 4903 Quod
3107 4835 3182 4889 ita
3209 4849 3333 4892 esse
3365 4838 3424 4894 in

1836 4935 2109 5006 plurimis
2145 4932 2420 4987 vidimus:
2461 4936 2518 4983 et
2546 4929 2897 4986 nosdesides
2942 4935 2998 4982 et
3041 4937 3286 4984 amantes
3334 4945 3426 4985 re-

1846 5028 2031 5099 quiem
2058 5035 2365 5096 speramus,
2396 5020 2483 5076 vel
2509 5020 2787 5075 credimus
2809 5016 2952 5073 viam
2978 5024 3181 5071 rectam
3205 5031 3237 5072 a
3265 5018 3427 5076 nobis

1847 5119 2055 5181 incedi,
2108 5129 2231 5170 cum
2288 5112 2343 5167 in
2397 5112 2654 5169 omnibus
2710 5110 2886 5166 simus
2939 5106 3423 5177 impatientissimi,

1849 5226 2129 5283 nunquam
2165 5209 2501 5266 sustinentes
2530 5207 2895 5275 nosmetipsos
2924 5217 3207 5259 accusare.
3254 5203 3338 5260 ita
3368 5221 3426 5261 se

1850 5324 1938 5367 res
1968 5308 2150 5363 habet.
2183 5304 2462 5376 Quthuot
2487 5304 2719 5358 virtutes
2744 5296 3053 5371 possederit
3084 5299 3275 5387 humo,
3322 5298 3421 5353 etsi

1850 5406 2165 5458 innumeras
2204 5407 2369 5469 atque
2400 5387 2661 5461 infinitas,
2691 5408 2723 5447 a
2751 5391 2841 5446 via
2869 5398 3050 5447 autem
3104 5390 3210 5446 hac
3253 5390 3424 5445 decli-

1849 5493 2079 5558 naverit,
2134 5505 2415 5561 nunquam
2450 5489 2717 5559 quiescet,
2764 5482 2862 5539 sed
2911 5498 3128 5555 semper
3171 5481 3254 5536 vel
3284 5478 3421 5533 stili-

1828 5595 2026 5665 getur.
2056 5584 2138 5639 vel
2170 5583 2372 5656 afﬂiget
2403 5582 2559 5648 alios,
2589 5576 2916 5647 laboresque
2944 5590 3076 5633 suos
3102 5571 3269 5647 ιω
3299 5584 3419 5624 om-

1441 5729 1676 5787 VAiii/E
1709 5724 2113 5785 LECTIONES.

253 5884 318 5916 "‘
338 5883 734 5955 σικχαίνοντας.
