4020 6340
644 530 780 597 1699

1829 513 1888 571 S.
1924 505 2314 571 DOROTHEI
2359 502 2675 563 ABBATIS

3749 489 3872 554 1702.!

639 660 736 698 nes
788 637 1060 711 depcrdet.
1119 634 1277 703 Quod
1326 639 1505 688 autem
1536 627 1807 699 'gaudium
1840 623 1926 678 vel
1970 619 2209 690 requiem

2319 616 2445 686 ράν,
2505 614 2667 667 ποίαν
2696 611 3007 667 ἀνάπαυσιν
3041 609 3142 662 οὐκ
3197 608 3308 678 ἔχει
3357 609 3403 662 ὁ·
3428 606 3697 671 τοιοῦτος,
3748 608 3874 661 ὅπου

642 741 1012 802 consequatur
1039 729 1088 785 is
1124 727 1220 796 qui
1251 725 1374 780 talis
1403 723 1580 777 factus
1608 715 1792 782 fuerit,
1823 724 1884 770 ut
1913 713 2091 768 aiebat
2119 711 2214 764 ah-

639 824 735 878 has
761 800 988 893 pastor?
1017 818 1121 886 Qui
1165 817 1310 871 enim
1369 829 1491 869 sese
1534 807 1908 871 accusaverit,
1955 800 2216 874 quidquid

643 892 998 975 incommodi,
1030 907 1238 971 damni,
1272 904 1476 975 probri,
1511 899 1819 972 ignominiaa
1848 897 1929 950 vel
1969 892 2212 956 alterius,

643 1001 1021 1070 cujuscunque
1073 995 1384 1052 afflictionis
1429 990 1760 1053 incurrerit,
1811 985 1994 1042 omnia
2045 983 2218 1038 hilare

644 1091 918 1161 suscipit,
970 1088 1227 1144 omnibus
1279 1084 1660 1156 dignissimum
1711 1095 1771 1136 se
1809 1085 1997 1148 putat,
2041 1088 2215 1142 neque

641 1182 750 1236 ullo
763 1180 1160 1246 modofturhari,
1180 1185 1372 1246 potest.
1391 1173 1533 1240 Quid
1557 1174 1661 1226 hoc
1695 1169 1914 1223 homine
1937 1161 2217 1235 quietius?

717 1271 801 1326 Ill.
846 1271 951 1326 Sed
985 1271 1117 1325 mihi
1150 1269 1384 1328 fortasse
1411 1265 1536 1336 quis
1566 1262 1824 1332 objiciet:
1881 1256 2022 1324 Quid
2053 1255 2099 1311 si
2131 1269 2216 1308 me

642 1361 842 1430 afﬂigat
867 1361 1053 1426 frater,
1082 1370 1442 1428 quaerensque
1475 1353 1678 1408 nullam
1713 1365 1797 1403 nte
1826 1347 2096 1402 inveniam
2123 1358 2215 1397 oc-

640 1454 916 1508 casionem
949 1451 1182 1516 dedisse,
1222 1464 1322 1505 cur
1360 1461 1449 1501 me
1480 1457 1740 1500 accusare
1765 1438 2042 1494 'debeam?
2081 1437 2213 1490 Pro-

641 1542 784 1598 fecto
827 1542 872 1596 si
923 1555 982 1597 se
1006 1541 1130 1612 quis
1162 1554 1287 1595 cum
1323 1536 1417 1592 Dei
1452 1535 1646 1590 timore
1676 1525 1960 1602 diligenter
2008 1525 2215 1582 eratni-

643 1642 755 1696 net,
807 1646 1086 1701 nunquam
1116 1627 1337 1684 omnino
1365 1638 1426 1680 se
1455 1624 1724 1679 insontem
1756 1618 1992 1674 inveniet
2017 1634 2029 1669 :
2061 1617 2214 1670 vide-

644 1723 830 1794 bitque
863 1724 947 1778 vel
981 1731 1129 1786 actu,
1172 1719 1252 1774 vel
1295 1715 1482 1782 verbo,
1528 1713 1610 1769 vel
1659 1711 1829 1783 ﬁgura
1873 1707 2036 1762 ullam
2083 1722 2114 1761 a
2157 1721 2215 1761 sc

647 1813 991 1881 occasionem
1019 1812 1220 1865 datam.
1253 1807 1409 1875 Quod
1438 1806 1483 1862 si
1517 1806 1572 1860 in
1601 1803 1751 1858 nullo
1783 1802 1972 1854 horum
2006 1814 2062 1854 se
2087 1808 2216 1851 tunc

648 1915 859 1959 sontem
897 1902 1152 1967 inveniet,
1181 1898 1424 1970 profecto
1463 1897 1572 1950 alio
1604 1903 1844 1962 tempore
1883 1889 2072 1944 amisit
2101 1887 2208 1942 fra-

2313 706 2360 758 δ’
2403 705 2468 758 ἂν
2500 703 2735 774 ἀπέλθῃ,
2780 703 2971 772 ὥσπερ
3002 697 3126 754 εἷπε
3153 701 3249 753 καὶ
3273 701 3303 752 ὁ
3340 697 3517 762 ἀϐσᾶς
3564 697 3788 767 ποιμὴν,
3849 702 3875 750 ὁ

2317 795 2508 848 ἐαυτὸν
2563 796 2940 866 μεμφόμενος
2990 793 3057 847 Εἰ
3084 810 3136 845 τι
3173 792 3281 861 γάρ
3325 790 3514 861 συμϐῇ
3569 788 3718 858 αὐτῷ
3772 791 3871 844 εῐτε

2315 887 2515 956 ζημία,
2547 886 2661 940 εῐτε
2712 886 2930 955 ἀτιμία,
2958 887 3072 937 εἴτε
3119 882 3406 948 οίαδήποτε
3441 878 3647 949 θλίψις,
3681 879 3871 948 προλα-

2316 977 2428 1031 ϐὼν
2463 977 2578 1046 ἔχει
2622 975 2815 1029 ἑαυτὸν
2842 974 3016 1039 ἀξιον,
3067 972 3164 1027 καὶ
3206 970 3464 1025 οὐδέποτε
3520 969 3867 1041 ταράσσεται.

2319 1069 2477 1122 Ἔστι
2503 1067 2695 1121 τούτου
2721 1065 2773 1120 τί
2803 1082 2932 1120 ποτε
2970 1062 3422 1137 ἀμεριμνότερονο

2385 1240 2461 1295 Γ¹.
2506 1239 2667 1294 Ἀλλά
2702 1238 2851 1308 λέγει
2884 1253 2967 1300 τις
2989 1251 3008 1270 ο
3037 1235 3148 1290 Καὶ
3161 1235 3258 1290 ἐὰν
3283 1232 3443 1307 θλίσῃ
3472 1249 3541 1303 με
3570 1232 3600 1285 ὁ
3627 1231 3866 1299 ἀδελφὸς,

2318 1331 2415 1383 καὶ
2439 1332 2722 1400 ἐρευνήσω
2781 1324 3038 1398 ἐμαυτὸν,
3079 1326 3175 1380 καὶ
3217 1325 3363 1395 εὕρω
3412 1324 3496 1377 ὅτι
3540 1323 3642 1376 οὐκ
3706 1323 3870 1374 ἔδωκα

2315 1421 2465 1489 αὐτῷ
2494 1420 2813 1490 οἱανδήποτε
2853 1418 3144 1488 πρόφασιν,
3187 1416 3305 1479 πῶς
3353 1401 3586 1484 δύναμαι
3661 1413 3869 1481 μέμψα-

2319 1511 2446 1566 σθαι
2477 1510 2712 1580 ἐμαυτόν
2741 1525 2756 1570 ;
2794 1509 2999 1584 Ὄντως
3029 1505 3122 1559 ἐὰν
3151 1504 3417 1574 ἐρευνήσῃ
3444 1519 3529 1564 τις
3555 1499 3746 1554 ἑαυτὸν
3779 1515 3870 1570 με-

2315 1605 2383 1655 τὰ
2410 1601 2575 1671 φόϐου
2613 1599 2775 1661 Θεοῦ,
2809 1591 3050 1669 εὑρίσκει
3084 1598 3167 1649 ὅτι
3197 1596 3410 1658 πάντως
3439 1593 3640 1647 ἔδωκεν
3674 1591 3868 1653 αἰτίαν,

2316 1694 2426 1746 εἴτε
2457 1692 2624 1762 ἔργῳ,
2657 1692 2767 1745 εἶτε
2796 1691 2959 1760 λόγῳ,
2995 1690 3103 1742 εττε
3144 1689 3402 1758 σχήματι.
3447 1686 3511 1738 Εἰ
3534 1685 3592 1738 δὲ
3638 1684 3733 1737 καὶ
3757 1682 3873 1751 βλέ-

2315 1800 2407 1837 πει
2446 1785 2658 1846 ἐαυτὸν,
2698 1784 2774 1847 ὡς
2812 1783 2981 1850 λέγει,
3027 1782 3107 1832 ἔτι
3148 1781 3204 1832 ἐν
3230 1778 3405 1831 οὐδενὶ
3442 1776 3649 1829 τούτων
3680 1774 3875 1827 ἔδωκεν

2315 1874 2449 1939 ὅλως
2490 1873 2670 1928 αἰτίαν
2719 1873 2856 1944 πρὸς
2904 1873 2966 1924 τὸ
3001 1873 3193 1943 παρὸν,
3237 1871 3384 1934 είκὸς
3428 1871 3619 1925 ἄλλοτε
3672 1867 3878 1920 εολιεεν

649 1947 859 1959 wn“...
898 1947 1152 1967 ....-...--,
1184 1947 1419 1970 τω----
1466 1947 1561 1950 __-_
1608 1947 1647 1949 _-
1684 1947 1729 1962 ν,

645 2003 782 2050 trem
813 1995 987 2063 illum,
1016 1993 1098 2048 vel
1129 1991 1319 2046 eadem
1347 1987 1432 2044 vel
1457 1985 1707 2050 dissimili
1735 1986 1790 2038 in
1825 1998 1914 2046 re;
1957 1988 2051 2034 aut
2076 1980 2209 2033 forte

2315 1966 2502 2028 αὑτὸν,
2537 1965 2571 2033 ἢ
2602 1966 2683 2028 είς
2729 1964 2859 2017 αὐτὸ
2891 1963 2951 2016 τὸ
2982 1963 3233 2032 πρᾶγμα,
3260 1962 3295 2032 ἢ
3329 1963 3409 2024 είς
3430 1961 3582 2022 ἀλλο,
3611 1958 3755 2020 εἰκὸς
3783 1957 3877 2010 ἀλ-

645 2084 955 2154 quempiam
989 2082 1157 2136 alium
1203 2080 1422 2132 fratrem
1455 2073 1688 2130 vexavit.
1731 2072 1914 2138 Quare
1959 2070 2064 2124 hoc
2103 2081 2216 2120 me-

643 2179 751 2231 rito
776 2173 1060 2244 repatitur,
1091 2171 1172 2226 vel
1204 2170 1276 2225 ob
1302 2169 1406 2223 alia
1436 2181 1558 2239 qua:
1576 2164 1711 2219 alias
1739 2153 1970 2233 plurima
1996 2166 2215 2229 peccata

641 2266 944 2323 commisit.
979 2262 1182 2329 Quarit
1211 2262 1350 2316 alius
1382 2274 1480 2314 cur
1525 2257 1760 2323 scipsum
1806 2259 2023 2308 accuset
2044 2291 2060 2316 ,
2090 2263 2212 2303 cum

643 2356 840 2412 sedens
873 2355 930 2410 in
959 2353 1104 2409 omni
1135 2365 1263 2421 pace
1304 2359 1358 2404 et
1388 2348 1568 2418 quiete
1598 2346 1848 2416 amigitur
1885 2359 1916 2398 a
1959 2354 2211 2411 superve-

644 2452 826 2507 niente
854 2450 1023 2504 fratre
1051 2447 1220 2503 verbo
1259 2445 1389 2507 ttllo,
1424 2442 1507 2498 vel
1555 2441 1800 2500 molesto,
1849 2435 1931 2489 vel
1981 2432 2212 2503 ignomi-

643 2538 818 2600 nioso,
849 2535 995 2606 quod
1025 2549 1149 2590 cum
1180 2532 1288 2602 pati
1321 2546 1429 2585 non
1459 2536 1646 2598 queat,
1678 2525 1838 2579 irasci
1865 2538 1923 2577 se
1951 2531 2120 2590 putat,
2160 2528 2214 2572 et

641 2625 848 2680 turbari
891 2640 1015 2680 cum
1066 2622 1314 2676 ratione:
1344 2619 1480 2688 quia
1530 2616 1634 2670 nisi
1683 2611 1963 2668 incidisset
2001 2609 2108 2672 ille,
2159 2616 2214 2660 et

2315 2055 2406 2107 λον
2448 2055 2678 2124 ἀδελφὺν
2706 2049 3066 2125 ἐθλιψεν,’κα“ι
3118 2056 3408 2124 ἐχρεώστει
3433 2051 3526 2106 διὰ
3561 2047 3720 2102 τοῦτο
3774 2064 3882 2099 παι

2317 2145 2452 2210 θεῖν,
2479 2147 2513 2216 ἢ
2546 2147 2803 2209 πολλάκις
2830 2148 2924 2200 καὶ
2941 2147 3007 2198 δι’
3032 2146 3198 2214 ἀλλην
3224 2143 3500 2213 ἁμαρτίαν
3530 2159 3544 2172 ·
3592 2139 3731 2192 ὥστε
3758 2137 3872 2200 ἐὰν,

2315 2235 2390 2300 ὡς
2425 2235 2599 2303 εἷπον,
2645 2238 2786 2307 μετά
2829 2238 2994 2306 φόϐου
3027 2235 3163 2289 Θεοῦ
3207 2235 3492 2305 ἐρευνήσει
3517 2249 3602 2294 τις
3685 2227 3875 2283 ἑαυτὸν

2314 2329 2410 2380 καὶ
2439 2327 2750 2398 ψηλαφήσει
2781 2327 2879 2396 τὴν
2925 2328 3061 2380 ίδίαν
3119 2325 3423 2396 συνείδησιν
3465 2321 3735 2393 ἀκριϐῶς,
3790 2319 3878 2371 εὑ-

2313 2417 2491 2488 ρίσκει
2531 2420 2723 2472 ἑαυτὸν
2753 2420 2969 2481 πάντως
3017 2416 3210 2470 αἴτιον.
3248 2401 3416 2469 Πάλιν
3448 2415 3600 2466 ἔστιν
3628 2413 3717 2465 ὅτε
3760 2408 3876 2478 βλέ-

2310 2527 2403 2564 πει
2441 2524 2525 2571 τις
2561 2509 2774 2575 ἑαυτὸν,
2806 2508 2880 2571 ὡς
2919 2508 3058 2579 μετά
3098 2505 3443 2578 είρήνηςκαὶ
3480 2502 3714 2573 ἡσυχίας
3741 2499 3876 2553 καθα

2310 2600 2587 2669 εζόμενον,
2653 2599 2749 2654 καὶ⁸
2789 2598 2880 2651 ὅτε
2924 2596 3056 2668 εἴπῃ
3086 2594 3234 2666 αὐτῷ
3260 2591 3486 2661 ἀδελφὸς
3530 2591 3593 2643 τὸ
3622 2590 3775 2660 ῥῆμα
3820 2586 3878 2638 τὸ

643 2716 857 2771 loeutus
897 2715 1091 2769 fuisset
1120 2721 1175 2768 et
1218 2677 1578 2765 turbatitinem
1628 2703 1876 2766 fecisset,
1930 2713 2208 2770 nunquam

2309 2689 2513 2742 λυποῦν
2563 2691 2744 2751 αὑτὸν,
2779 2689 3135 2760 ταράσσεσαι,
3191 2686 3286 2740 καὶ
3314 2685 3390 2748 ὠς
3418 2685 3483 2736 ἐκ
3541 2677 3744 2734 ’τούτου
3796 2695 3878 2729 νο-

640 2805 949 2876 peccasset‘l
979 2803 1093 2859 Hoc
1114 2812 1258 2859 certe
1286 2801 1570 2865 ridiculum
1599 2807 1704 2858 est.
1734 2795 1988 2864 nullaque
2020 2769 2209 2846 nititur

2310 2777 2457 2848 μίξει
2504 2777 2742 2846 εὐλόγως
2777 2777 3085 2844 θλίϐεσθαι,
3139 2777 3261 2831 κατ’
3323 2773 3740 2840 αὖτοῦ.λέγων,
3797 2769 3877 2821 ὅτι

643 2897 867 2951 ratione.
897 2896 1084 2966 Neque
1121 2895 1264 2949 enim
1312 2907 1377 2946 ex
1427 2893 1530 2945 hoc
1573 2889 1720 2957 quod
1764 2886 1988 2939 verbum
2037 2881 2204 2935 ullum

2308 2866 2368 2919 Εί
2411 2867 2485 2937 μὴ
2507 2864 2638 2938 ἦλθε
2675 2868 2767 2920 καὶ
2808 2865 3038 2933 ἐλάλησέ
3079 2882 3192 2936 μοι,
3220 2864 3314 2918 καὶ
3370 2859 3622 2932 ἐτάραξε,
3657 2876 3747 2930 με,
3783 2856 3878 2911 οὐκ

641 2986 840 3040 dixerit
865 2949 1169 3054 passionem
1201 2984 1294 3037 ira!
1319 2981 1397 3036 illi
1427 2977 1631 3049 injecit,
1661 2976 1790 3047 quin
1823 2975 2003 3045 potius
2033 2983 2209 3028 osten-

2308 2956 2448 3028 εἶχον
2491 2959 2824 3029 ἀμαρτῆσαι.
2893 2957 3002 3010 Καὶ
3054 2955 3211 3009 τοῦτο
3243 2951 3406 3025 χλεύη
3435 2953 3570 3017 ἐστὶ,
3604 2951 3700 3005 καὶ
3723 2949 3880 3003 τοῦτο

642 3073 741 3134 dit,
774 3042 882 3142 qua
915 3073 1188 3126 laboraret
1218 3070 1468 3140 passione
1482 3042 1511 3122 *ε
1547 3077 1627 3129 ut,
1654 3042 1701 3122 si
1735 3042 1910 3128 vellet,
1941 3061 2206 3132 pteniten-

2308 3050 2712 3120 παραλογισμός
2745 3051 2882 3103 ἐστι.
2915 3049 3006 3120 Μὴ
3039 3048 3148 3119 γάρ
3172 3047 3201 3098 6
3240 3045 3409 3100 εἰπὼν
3439 3043 3586 3113 αὑτῷ
3606 3042 3669 3096 τὸ
3705 3043 3876 3112 ῥῆμα,

642 3161 772 3215 tiam
791 3132 1010 3231 uageret.
1041 3159 1139 3215 llic
1167 3132 1367 3230 siligini
1406 3157 1601 3212 similis
1625 3155 1802 3210 factus
1834 3161 1917 3208 est
1939 3152 2119 3206 nitidae
2146 3160 2205 3205 et

2308 3141 2553 3193 ἐνέϐαλεν
2611 3141 2760 3210 αὖτῷ
2817 3141 2880 3193 τὸ
2973 3140 3146 3202 πάθος
3171 3179 3190 3205 ,
3242 3137 3302 3190 τὸ
3342 3139 3403 3189 ἐν
3465 3135 3616 3206 αὐτῷ
3680 3132 3882 3198 ἔδειξεν

643 3252 965 3322 splendenti,
1012 3266 1173 3322 quam
1207 3265 1332 3305 cum
1377 3248 1501 3319 quis
1545 3247 1786 3318 fregerit,
1825 3259 2040 3300 ctenum
2085 3243 2206 3311 ejus

643 3320 946 3411 patefaciet.
999 3320 1228 3408 Sic'qui
1285 3338 1435 3392 sedet
1483 3336 1700 3406 quietus
1747 3343 1802 3389 et
1842 3331 2097 3404 paciﬁcus
2153 3338 2213 3384 ut

643 3430 938 3494 existimat,
971 3427 1278 3498 passionem
1309 3426 1455 3481 intus
1489 3425 1651 3479 habet
1691 3435 1858 3492 quam
1901 3435 2008 3474 non
2046 3418 2208 3472 videt.

649 3520 970 3588 Supervenit
992 3517 1178 3582 frater,
1201 3517 1420 3571 verbum
1445 3513 1662 3584 aliquod
1684 3512 1971 3566 molestum
1994 3507 2210 3577 objicit;

643 3611 936 3677 statimque
979 3622 1081 3678 pus
1113 3621 1272 3662 omne
1313 3615 1367 3661 et
1406 3605 1580 3659 lutum
1608 3602 1752 3671 quod
1797 3601 1948 3658 intus
1994 3597 2209 3660 latebat,

644 3699 931 3754 evomitur.
982 3695 1159 3761 Quare
1199 3694 1244 3749 si
1298 3691 1725 3749 misericordiam
1767 3689 1884 3744 vult
1929 3687 2210 3756 consequi,

645 3787 1021 3856 paenitentiam
1048 3793 1193 3857 agat.
1223 3790 1416 3853 purget
1440 3795 1522 3846 se,
1544 3772 1819 3851 prolicere
1850 3777 2083 3841 studeat,
2125 3775 2208 3829 vi-

641 3875 893 3944 debitque
941 3876 1196 3933 debuisse
1241 3873 1416 3943 magis
1466 3886 1586 3927 sese
1631 3869 1785 3924 fratri
1840 3869 1914 3923 illi
1968 3870 2207 3937 gratias,
2261 3925 2270 3932 _

640 3981 804 4035 quam
832 3967 1086 4035 injuriam
1126 3964 1348 4027 referre,
1376 3963 1470 4032 qui
1513 3971 1674 4014 tantm
1702 3961 1805 4014 sibi
1857 3959 2017 4013 fuerit
2058 3959 2205 4010 utili-

643 4056 769 4109 tatis
799 4054 1035 4107 occasio.
1084 4050 1198 4106 Non
1238 4051 1384 4106 enim
1427 4046 1774 4117 postmodum
1821 4044 2210 4122 tentationibus

640 4145 777 4197 adeo
807 4144 1078 4210 aﬂligitur,
1115 4141 1207 4197 sed
1249 4149 1454 4210 quanto
1480 4137 1774 4209 profecerit
1817 4136 2008 4204 magis,
2058 4142 2209 4190 tanto

640 4234 761 4288 illas
795 4236 988 4287 sentiet
1024 4233 1274 4286 leviores.
1320 4227 1454 4284 Nam
1502 4237 1708 4299 quanto
1751 4226 1962 4296 prolicit
2001 4226 2203 4306 anima,

640 4337 790 4381 tanto
819 4326 876 4376 tit
901 4322 1092 4376 fortior
1118 4329 1172 4374 et
1205 4321 1473 4376 valentior
1507 4319 1574 4373 ad
1615 4317 1830 4372 ferenda
1870 4331 2224 4385 quacunque,

640 4420 775 4472 dura
801 4415 1146 4483 contigerint.
1178 4409 1488 4466 Jumentum
1518 4409 1664 4464 enim
1690 4407 1819 4462 illud
1848 4405 2202 4462 fortissimum

636 4508 888 4569 dicimus,
907 4505 1074 4570 quod,
1103 4518 1243 4557 onus
1267 4501 1524 4573 quodque
1547 4501 1713 4555 etiam
1744 4513 1999 4569 magnum
2026 4499 2205 4552 valen-

2310 3228 2495 3298 αὐτῷ,
2561 3227 2649 3281 ἵνα
2732 3229 2826 3282 ἐὰν
2884 3228 3068 3290 θέλει,
3120 3227 3439 3298 μετανοήσει
3491 3225 3629 3295 ὑπὲρ
3684 3221 3876 3275 αὐτοῦ.

2313 3313 2479 3383 Οὗτος
2533 3320 2642 3392 γὰρ
2680 3319 2823 3383 ἔοικε
2882 3319 3122 3391 σιλιγνίῳ
3186 3315 3432 3388 καθαρῷ,
3506 3315 3702 3383 ἔξωθεν
3773 3315 3881 3384 μὲν

2309 3412 2526 3483 ὡραῖον,
2589 3411 2790 3465 ἔσωθεν
2837 3411 2892 3465 δὲ
2922 3409 3256 3482 λαμποῦθιόν
3307 3424 3402 3464 τι·
3438 3408 3534 3464 καὶ
3593 3408 3725 3462 ὅταν
3741 3407 3874 3462 κλά-

2314 3521 2396 3558 σει
2435 3504 2568 3557 αὑτά
2597 3521 2705 3569 τις,
2743 3505 2866 3557 τότε
2904 3505 3154 3573 φαίνεται
3181 3505 3210 3556 ὁ
3247 3501 3507 3574 βόρϐορος
3537 3497 3726 3554 αὐτοῦ.
3770 3499 3877 3554 Οὕ-

2312 3611 2418 3655 τως
2477 3593 2571 3645 καὶ
2610 3593 2773 3656 αὐτὸς
2807 3592 3041 3661 ἐκάθητο
3073 3592 3188 3660 μετ’
3219 3589 3465 3659 είρήνης,
3491 3587 3569 3651 ὡς
3598 3587 3874 3656 ἐνόμιζεν,

2312 3679 2426 3752 εἶχε
2463 3681 2522 3734 δὲ
2549 3681 2750 3734 ἔσωθεν
2778 3680 2942 3735 αὑτοῦ
2970 3681 3033 3734 τὸ
3070 3680 3263 3744 πάθος,
3314 3678 3411 3732 καὶ
3455 3677 3556 3732 οὐκ
3607 3676 3748 3747 ⁴ᾔδει.
3782 3675 3876 3730 Ἐν

2312 3775 2462 3846 ῥῆμα
2500 3769 2654 3827 εἶπεν
2684 3771 2831 3842 αὐτῷ
2857 3772 2887 3825 ὁ
2909 3770 3140 3840 ἀδελφὸς
3175 3769 3366 3834 αὐτοῦ,
3396 3770 3494 3823 καὶ
3533 3767 3756 3834 ἐξέϐαλε
3784 3770 3875 3820 τὸν

2311 3864 2569 3935 βόρϐορον
2593 3863 2683 3917 τὸν
2706 3861 3084 3934 κεκρυμμένον
3120 3861 3247 3915 ἔσω.
3293 3859 3419 3913 Ἐἀν
3444 3853 3536 3913 οὖν
3557 3857 3686 3930 θέλῃ
3716 3857 3873 3928 ἐλεη-

2310 3954 2492 4023 θῆναι,
2550 3956 2879 4026 μετανοήσῃ,
2934 3953 3030 4008 καὶ
3085 3951 3378 4022 καθαρίσῃ,
3438 3949 3714 4022 προκύψῃ,
3775 3948 3870 4002 καὶ

2311 4046 2494 4116 βλέπει
2543 4047 2624 4099 ὅτι
2656 4047 2853 4114 μᾶλλον
2881 4045 3268 4115 εὖχαριστῆσαι
3292 4043 3496 4111 ὀφείλει
3518 4040 3596 4111 τῷ
3621 4041 3863 4108 ἀδελφῷ,

2306 4139 2382 4200 ὠς
2412 4137 2569 4207 αίτίῳ
2605 4136 2872 4205 γινομένῳ
2902 4136 3050 4206 αὐτῷ
3081 4135 3180 4204 τῆς
3231 4133 3490 4206 τοιαύτης
3563 4130 3860 4202 ὡφελείας.

2306 4229 2418 4282 Οὐκ
2451 4228 2530 4281 ἐτι
2563 4228 2670 4299 γὰρ
2701 4227 2901 4297 ὁμοίως
2937 4224 3192 4300 βαροῦσιν
3218 4225 3379 4279 αὑτὸν
3414 4227 3466 4278 oi
3514 4221 3816 4294 πειρασμοί
3845 4237 3859 4251 ⁸

2305 4321 2418 4373 ἀλλ’
2445 4322 2569 4373 ὅσον
2617 4318 2938 4391 προκόπτει,
2988 4314 3242 4369 τοσοῦτον
3295 4313 3646 4385 εὑρίσκονται
3714 4311 3864 4380 αὐτῷ

2304 4411 2676 4484 ἐλαφρότεροι.
2708 4413 2872 4462 Ὅσον
2903 4407 3011 4479 γάρ
3048 4407 3344 4479 προκόπτει
3376 4406 3412 4475 ἡ
3444 4404 3608 4474 ψυχὴ,
3653 4405 3864 4473 γίνεται

2307 4501 2520 4568 ίσχυρά,
2578 4499 2673 4552 καὶ
2728 4498 2925 4567 ἔχουσα
2955 4496 3193 4566 δύναμιν
3250 4494 3515 4566 βαστάσαι
3560 4493 3632 4547 τὰ
3690 4495 3864 4564 ἀπερο

637 4606 717 4651 ter
749 4606 800 4649 et
831 4593 1110 4648 commode
1147 4591 1290 4645 vehit
1331 4605 1346 4642 :
1397 4601 1470 4653 et,
1505 4590 1553 4644 si
1593 4590 1884 4662 contigerit
1911 4603 2040 4644 casn
2092 4589 2203 4644 ullo

2308 4589 2530 4659 χύμενα.
2563 4588 2775 4657 Ὠσπερ
2827 4587 2924 4640 ἐάν
2956 4587 3070 4640 ἐστι
3120 4585 3256 4651 ζῶον
3295 4584 3533 4655 ἰσχυρὸν,
3567 4585 3666 4637 καὶ
3720 4601 3855 4654 φορ.

636 4687 908 4742 olletidcre
934 4685 1017 4740 vel
1045 4682 1258 4745 cadere,
1295 4682 1368 4734 ita
1401 4679 1583 4734 statim
1630 4679 1897 4734 excitatur
1926 4689 1981 4734 et
2015 4695 2201 4736 resur-

637 4776 734 4844 git,
764 4787 820 4828 ut
868 4776 952 4826 vix
987 4773 1276 4826 offendisse
1301 4772 1386 4825 vel
1413 4770 1673 4826 cecidisse
1711 4785 1773 4825 se
1804 4771 2057 4825 senserit.
2100 4772 2200 4826 De-

636 4867 740 4920 hile
771 4875 950 4916 autem
981 4861 1182 4916 animal
1221 4861 1524 4931 cuicunque
1555 4860 1708 4916 oneri
1734 4861 1897 4916 etiam
1928 4860 2202 4916 levissimo

636 4955 971 5018 succumbit;
1008 4962 1080 5016 et,
1114 4950 1160 5004 si
1189 4949 1464 5014 ceciderit,
1494 4951 1559 5005 ad
1591 4953 1979 5021 resurgendum
2009 4953 2204 5006 multo—

635 5060 755 5098 rum
787 5058 918 5110 Optts
955 5041 1115 5095 habet
1146 5038 1372 5093 auxilio.
1421 5037 1563 5090 Idem
1606 5047 1695 5092 est
1728 5038 1795 5092 de
1840 5039 2043 5104 anima,
2080 5054 2201 5109 qua:

640 5151 749 5204 quo
781 5135 953 5202 magis
985 5131 1303 5202 peccaverit,
1343 5143 1409 5183 eo
1443 5129 1501 5183 fit
1528 5141 1740 5196 semper
1774 5125 2020 5181 debilior.
2071 5128 2202 5183 Pec-

637 5237 818 5278 catum
847 5223 992 5278 enim
1024 5223 1078 5276 in
1107 5220 1378 5274 miseriam
1407 5233 1743 5288 quaecunque
1779 5217 1962 5280 trahit,
1990 5226 2043 5271 et
2067 5233 2199 5272 con-

633 5319 769 5370 cutit
800 5315 937 5382 apud
972 5327 1130 5382 quem
1165 5310 1364 5366 fuerit:
1406 5309 1550 5377 quod
1599 5309 1643 5364 si
1691 5317 1875 5379 postea
1924 5308 2198 5378 quidpiam

633 5404 931 5470 contigerit,
982 5404 1111 5457 illud
1157 5417 1279 5456 eum
1316 5399 1494 5454 adhuc
1547 5400 1718 5467 magis
1773 5408 2047 5467 aggravet.
2101 5398 2197 5452 Sin

632 5508 760 5546 vero
790 5493 1077 5561 profecerit
1108 5493 1267 5544 homo
1295 5501 1349 5544 et
1379 5490 1675 5543 surrexerit
1693 5503 1758 5542 ex
1788 5496 2026 5556 peccato,
2053 5501 2197 5556 qua:-

633 5600 845 5652 cunque
874 5582 1219 5652 postmodum
1248 5580 1563 5642 acciderint,
1593 5579 1731 5633 levia
1757 5579 2047 5646 reputabit,
2072 5594 2195 5633 cum

632 5688 784 5729 antra
828 5679 937 5728 visa
986 5683 1166 5727 essent
1216 5671 1549 5741 gravissima,
1587 5667 1979 5736 conferuntque
2029 5672 2199 5739 magis

630 5778 679 5819 ct
724 5765 1085 5826 benchuziunt,
1118 5777 1279 5830 quam
1308 5761 1522 5821 lmdant,
1554 5756 1620 5811 ad
1653 5770 2034 5826 summumque
2064 5750 2190 5826 pro-

631 5871 873 5921 grcssnm
901 5867 950 5909 et
982 5854 1215 5925 quietem
1249 5852 1586 5916 deducimur,
1620 5849 1664 5904 si
1699 5863 1798 5903 nos
1827 5849 1974 5916 ipsos
2009 5849 2189 5918 potius

2303 4681 2442 4733 τίσει
2485 4696 2569 4743 τις
2603 4678 2734 4732 αὐτὸ
2783 4677 3020 4751 γομάριν
3051 4674 3190 4746 μετὰ
3237 4674 3588 4736 ἀναπαύσεως
3665 4674 3865 4744 βαστά·

2303 4770 2384 4835 ζει
2421 4786 2434 4801 ο
2487 4773 2534 4822 εί
2563 4771 2620 4822 δὲ
2642 4766 2749 4824 ’καὶ
2767 4769 2947 4841 συμϐῇ
2981 4768 3128 4837 αὐτῷ
3160 4765 3453 4838 προλόψαι,
3483 4765 3684 4829 εὐθέως
3715 4765 3862 4833 ἐγεί-

2303 4877 2477 4930 ρεται,
2504 4861 2596 4913 καὶ
2626 4859 2831 4929 σχεδὸν,
2863 4859 2982 4912 οὐδὲ
3009 4857 3351 4912 αἰσθάνονται
3375 4856 3457 4909 ὅτι
3491 4855 3854 4925 προσέκοψενο

2301 4949 2395 5002 ἐὰν
2427 4949 2484 5001 δέ
2513 4951 2629 5002 ἐστι
2678 4949 2815 5013 ζῶον
2857 4947 3221 5018 ταλαίπωρον,
3253 4948 3348 5001 καὶ
3374 4946 3569 5004 τδεττι
3619 4945 3849 5018 δήποτε,

2304 5039 2460 5108 βαρεῖ
2486 5039 2617 5093 αὑτό
2649 5056 2664 5072 ·
2703 5042 2751 5092 εί
2771 5039 2830 5092 δὲ
2873 5040 2964 5090 καὶ
2999 5039 3160 5110 πέσῃ,
3178 5037 3354 5090 δέεται
3377 5035 3576 5104 πολλῆς
3604 5036 3859 5106 βοηθείας

2297 5131 2378 5192 εἰς
2427 5129 2487 5181 τὸ
2524 5131 2741 5198 ἐγεῖραι
2772 5129 2902 5181 αὐτό
2923 5143 2949 5159 ·’
2973 5127 3144 5190 οὕτως
3176 5129 3293 5180 ἐστὶ
3318 5129 3412 5180 καὶ
3440 5127 3502 5179 τί,
3525 5126 3624 5193 τῆς
3656 5125 3858 5194 ψυχῆς,

2295 5217 2417 5268 ὅσον
2474 5217 2686 5286 ἐνεργεῖ
2709 5218 2809 5286 τὴν
2851 5216 3143 5286 ἁμαρτίαν,
3177 5215 3509 5286 ταλαιπωρεῖ
3537 5213 3596 5280 ἐξ
3662 5213 3852 5281 αὐτῆς.

2297 5308 2358 5360 Εἰ
2396 5309 2500 5378 γὰρ
2549 5311 2584 5378 ἡ
2613 5308 2854 5379 ἁμαρτία
2893 5307 3354 5375 ταλαιπωροποιὸς
3421 5307 3558 5370 ἐστι,
3602 5306 3699 5358 καὶ
3759 5321 3856 5357 σα-

2299 5397 2416 5468 θροῖ
2448 5400 2533 5453 τὸν
2562 5401 2748 5469 ἔχοντα
2779 5400 2968 5468 αὐτὴν,
2998 5399 3184 5452 λοιπὸν
3217 5399 3268 5450 εἴ
3294 5416 3344 5452 τι
3375 5398 3576 5470 δήποτε
3604 5397 3703 5450 ἐὰν
3720 5413 3856 5464 συμ-

2295 5484 2391 5553 ϐῇ,
2443 5485 2599 5555 βαρεῖ
2655 5487 2814 5540 αὐτόν
2848 5502 2861 5517 ·
2909 5487 3003 5538 ἐὰν
3032 5487 3088 5539 δὲ
3119 5486 3367 5556 προκύψῃ
3415 5483 3722 5554 ἄνθρωπος,
3770 5483 3853 5548 γί-

2293 5590 2470 5626 νονται
2503 5575 2649 5644 αὐτῷ
2669 5577 2808 5628 κατά
2851 5575 3149 5644 πρόσϐασιν
3201 5573 3534 5644 ἐλαφρότερα
3558 5572 3742 5622 ἐκεῖνα
3790 5569 3855 5621 τά

2295 5679 2423 5716 ποτε
2478 5664 2744 5735 βαροῦντα
2771 5666 2934 5718 αὐτόν
2961 5680 2975 5695 ·
3023 5665 3166 5717 ὥστε
3199 5663 3338 5718 πάνυ
3368 5661 3514 5730 ἡμᾶς
3547 5660 3848 5729 εὐεργετεῖ,

2297 5757 2389 5809 καὶ
2438 5759 2517 5818 είς
2565 5757 2765 5828 πολλὴν
2816 5757 3122 5812 ἀνάπαυσιν
3154 5757 3248 5809 καὶ
3286 5751 3572 5823 προκοπὴν
3608 5755 3766 5822 φέρει
3792 5755 3855 5804 τὸ

2298 5847 2523 5913 ἑαυτοὺς
2555 5851 2648 5904 καὶ
2695 5850 2896 5920 μηδένα
2925 5849 3080 5904 ἄλλον
3112 5851 3168 5903 ἐν
3196 5849 3304 5911 τοῖς
3340 5843 3728 5916 συμϐαίνουσιν
3772 5846 3858 5899 αὶ-
