  <div class='ocr_page' id='page_1' title='image "/cluster/home/n/w/nwhite01/storage/ocr_20150623/88/pst.000005712946/890.png"; bbox 0 0 4020 6340; ppageno 0'>
   <div class='ocr_carea' id='block_1_1' title="bbox 157 457 271 523">
    <p class='ocr_par' dir='ltr' id='par_1_1' title="bbox 157 457 271 523">
     <span class='ocr_line' id='line_1_1' title="bbox 157 457 271 523; baseline -0.018 0"><span class='ocrx_word' id='word_1_1' title='bbox 157 457 271 523; x_wconf 76' lang='lat'><strong>1701</strong></span> 
     </span>
    </p>
   </div>
   <div class='ocr_carea' id='block_1_2' title="bbox 1445 434 1985 498">
    <p class='ocr_par' dir='ltr' id='par_1_2' title="bbox 1445 434 1985 498">
     <span class='ocr_line' id='line_1_2' title="bbox 1445 434 1985 498; baseline -0.017 1"><span class='ocrx_word' id='word_1_2' title='bbox 1445 435 1823 498; x_wconf 79' lang='lat' dir='ltr'><strong>DOCTRINA</strong></span> <span class='ocrx_word' id='word_1_3' title='bbox 1852 434 1985 495; x_wconf 89' lang='lat' dir='ltr'><strong>VII.</strong></span> 
     </span>
    </p>
   </div>
   <div class='ocr_carea' id='block_1_3' title="bbox 3243 426 3379 492">
    <p class='ocr_par' dir='ltr' id='par_1_3' title="bbox 3243 426 3379 492">
     <span class='ocr_line' id='line_1_3' title="bbox 3243 426 3379 492; baseline -0.007 -1"><span class='ocrx_word' id='word_1_4' title='bbox 3243 426 3379 492; x_wconf 77' lang='lat'><strong>1709.</strong></span> 
     </span>
    </p>
   </div>
   <div class='ocr_carea' id='block_1_4' title="bbox 153 549 1738 634">
    <p class='ocr_par' dir='ltr' id='par_1_4' title="bbox 153 549 1738 633">
     <span class='ocr_line' id='line_1_4' title="bbox 153 549 1738 633; baseline -0.018 -10"><span class='ocrx_word' id='word_1_5' title='bbox 153 568 372 622; x_wconf 81' lang='grc' dir='ltr'><strong>τιᾶσθαι.</strong></span> <span class='ocrx_word' id='word_1_6' title='bbox 412 565 520 618; x_wconf 75' lang='grc' dir='ltr'><strong>Καὶ</strong></span> <span class='ocrx_word' id='word_1_7' title='bbox 550 561 784 633; x_wconf 79' lang='grc' dir='ltr'><strong>μάλιστα</strong></span> <span class='ocrx_word' id='word_1_8' title='bbox 829 556 979 610; x_wconf 67' lang='grc' dir='ltr'><strong>οὐδὲν</strong></span> <span class='ocrx_word' id='word_1_9' title='bbox 1009 553 1240 624; x_wconf 75' lang='grc' dir='ltr'><strong>ἐγχωρεῖ</strong></span> <span class='ocrx_word' id='word_1_10' title='bbox 1285 551 1414 606; x_wconf 74' lang='grc' dir='ltr'><strong>ἄνευ</strong></span> <span class='ocrx_word' id='word_1_11' title='bbox 1437 549 1538 616; x_wconf 84' lang='grc' dir='ltr'><strong>τῆς</strong></span> <span class='ocrx_word' id='word_1_12' title='bbox 1567 564 1703 616; x_wconf 75' lang='grc' dir='ltr'><strong>προσ</strong></span> <span class='ocrx_word' id='word_1_13' title='bbox 1731 592 1738 604; x_wconf 48' lang='grc' dir='ltr'>η</span> 
     </span>
    </p>
   </div>
   <div class='ocr_carea' id='block_1_5' title="bbox 1835 549 3381 634">
    <p class='ocr_par' dir='ltr' id='par_1_5' title="bbox 1835 559 3381 634">
     <span class='ocr_line' id='line_1_5' title="bbox 1835 559 3381 634; baseline -0.003 -15"><span class='ocrx_word' id='word_1_14' title='bbox 1835 581 1968 634; x_wconf 73' lang='lat' dir='ltr'><strong>[uam</strong></span> <span class='ocrx_word' id='word_1_15' title='bbox 1994 565 2162 618; x_wconf 92' lang='lat' dir='ltr'><strong>ullum</strong></span> <span class='ocrx_word' id='word_1_16' title='bbox 2185 562 2353 616; x_wconf 90' lang='lat' dir='ltr'><strong>alium</strong></span> <span class='ocrx_word' id='word_1_17' title='bbox 2382 559 2437 615; x_wconf 93' lang='lat' dir='ltr'><strong>in</strong></span> <span class='ocrx_word' id='word_1_18' title='bbox 2459 559 2717 614; x_wconf 79' lang='lat' dir='ltr'><strong>omnibus</strong></span> <span class='ocrx_word' id='word_1_19' title='bbox 2744 572 3097 624; x_wconf 82' lang='lat' dir='ltr'><strong>accusemus;</strong></span> <span class='ocrx_word' id='word_1_20' title='bbox 3123 573 3187 613; x_wconf 93' lang='lat' dir='ltr'><strong>eo</strong></span> <span class='ocrx_word' id='word_1_21' title='bbox 3215 561 3381 614; x_wconf 87' lang='lat' dir='ltr'><strong>etiam</strong></span> 
     </span>
    </p>
   </div>
   <div class='ocr_carea' id='block_1_6' title="bbox 155 646 1067 719">
    <p class='ocr_par' dir='ltr' id='par_1_6' title="bbox 155 646 1067 719">
     <span class='ocr_line' id='line_1_6' title="bbox 155 646 1067 719; baseline -0.018 -7"><span class='ocrx_word' id='word_1_22' title='bbox 155 657 288 719; x_wconf 79' lang='grc' dir='ltr'><strong>νοίας</strong></span> <span class='ocrx_word' id='word_1_23' title='bbox 317 653 412 708; x_wconf 80' lang='grc' dir='ltr'><strong>τοῦ</strong></span> <span class='ocrx_word' id='word_1_24' title='bbox 454 650 590 705; x_wconf 92' lang='grc' dir='ltr'><strong>Θεοῦ</strong></span> <span class='ocrx_word' id='word_1_25' title='bbox 614 646 869 718; x_wconf 84' lang='grc' dir='ltr'><strong>γενέσθαι</strong></span> <span class='ocrx_word' id='word_1_26' title='bbox 914 647 1067 713; x_wconf 76' lang='grc' dir='ltr'><strong>ἡμῖν.</strong></span> 
     </span>
    </p>
   </div>
   <div class='ocr_carea' id='block_1_7' title="bbox 214 818 1707 894">
    <p class='ocr_par' dir='ltr' id='par_1_7' title="bbox 214 818 1707 894">
     <span class='ocr_line' id='line_1_7' title="bbox 214 818 1707 894; baseline -0.009 -10"><span class='ocrx_word' id='word_1_27' title='bbox 214 835 281 884; x_wconf 88' lang='grc' dir='ltr'><strong>Δ’.</strong></span> <span class='ocrx_word' id='word_1_28' title='bbox 311 827 520 883; x_wconf 75' lang='grc' dir='ltr'><strong>Οὐκοῦν</strong></span> <span class='ocrx_word' id='word_1_29' title='bbox 548 827 653 880; x_wconf 71' lang='grc' dir='ltr'><strong>κᾶν</strong></span> <span class='ocrx_word' id='word_1_30' title='bbox 701 825 847 894; x_wconf 83' lang='grc' dir='ltr'><strong>λέγει</strong></span> <span class='ocrx_word' id='word_1_31' title='bbox 881 839 984 885; x_wconf 84' lang='grc' dir='ltr'><strong>τις,</strong></span> <span class='ocrx_word' id='word_1_32' title='bbox 1033 822 1115 874; x_wconf 84' lang='grc' dir='ltr'><strong>ὅτι</strong></span> <span class='ocrx_word' id='word_1_33' title='bbox 1151 840 1171 873; x_wconf 79' lang='grc' dir='ltr'>ι</span> <span class='ocrx_word' id='word_1_34' title='bbox 1205 819 1330 882; x_wconf 85' lang='grc' dir='ltr'><strong>Πῶς</strong></span> <span class='ocrx_word' id='word_1_35' title='bbox 1383 819 1442 871; x_wconf 83' lang='grc' dir='ltr'><strong>οὗ</strong></span> <span class='ocrx_word' id='word_1_36' title='bbox 1475 818 1707 887; x_wconf 82' lang='grc' dir='ltr'><strong>δύναμαι</strong></span> 
     </span>
    </p>
   </div>
   <div class='ocr_carea' id='block_1_8' title="bbox 155 909 1702 990">
    <p class='ocr_par' dir='ltr' id='par_1_8' title="bbox 155 909 1702 990">
     <span class='ocr_line' id='line_1_8' title="bbox 155 909 1702 990; baseline -0.01 -16"><span class='ocrx_word' id='word_1_37' title='bbox 155 922 411 990; x_wconf 78' lang='grc' dir='ltr'><strong>θλιϐἧναι,</strong></span> <span class='ocrx_word' id='word_1_38' title='bbox 442 919 534 970; x_wconf 85' lang='grc' dir='ltr'><strong>ἐὰν</strong></span> <span class='ocrx_word' id='word_1_39' title='bbox 560 915 745 986; x_wconf 74' lang='grc' dir='ltr'><strong>χρῄζω</strong></span> <span class='ocrx_word' id='word_1_40' title='bbox 775 916 1119 984; x_wconf 73' lang='grc' dir='ltr'><strong>πράγματος,</strong></span> <span class='ocrx_word' id='word_1_41' title='bbox 1147 913 1238 964; x_wconf 80' lang='grc' dir='ltr'><strong>καὶ</strong></span> <span class='ocrx_word' id='word_1_42' title='bbox 1275 912 1337 962; x_wconf 83' lang='grc' dir='ltr'><strong>οὑ</strong></span> <span class='ocrx_word' id='word_1_43' title='bbox 1359 909 1652 979; x_wconf 74' lang='grc' dir='ltr'><strong>λαμϐάνως</strong></span> <span class='ocrx_word' id='word_1_44' title='bbox 1684 926 1702 958; x_wconf 78' lang='grc' dir='ltr'><strong>ι</strong></span> 
     </span>
    </p>
   </div>
   <div class='ocr_carea' id='block_1_9' title="bbox 158 999 1709 1077">
    <p class='ocr_par' dir='ltr' id='par_1_9' title="bbox 158 999 1709 1077">
     <span class='ocr_line' id='line_1_9' title="bbox 158 999 1709 1077; baseline -0.008 -16"><span class='ocrx_word' id='word_1_45' title='bbox 158 1011 254 1062; x_wconf 77' lang='grc' dir='ltr'><strong>ἰδοὺ</strong></span> <span class='ocrx_word' id='word_1_46' title='bbox 302 1009 410 1077; x_wconf 77' lang='grc' dir='ltr'><strong>γὰρ</strong></span> <span class='ocrx_word' id='word_1_47' title='bbox 443 1005 630 1076; x_wconf 71' lang='grc' dir='ltr'><strong>χρῄζω</strong></span> <span class='ocrx_word' id='word_1_48' title='bbox 655 1003 819 1058; x_wconf 82' lang='grc' dir='ltr'><strong>αὐτοῦ</strong></span> <span class='ocrx_word' id='word_1_49' title='bbox 864 1001 1005 1055; x_wconf 85' lang='grc' dir='ltr'><strong>κατὰ</strong></span> <span class='ocrx_word' id='word_1_50' title='bbox 1037 1001 1098 1053; x_wconf 83' lang='grc' dir='ltr'><strong>τὸ</strong></span> <span class='ocrx_word' id='word_1_51' title='bbox 1125 1000 1440 1068; x_wconf 74' lang='grc' dir='ltr'><strong>ἀναγκαῖον.</strong></span> <span class='ocrx_word' id='word_1_52' title='bbox 1481 1000 1590 1050; x_wconf 75' lang='grc' dir='ltr'><strong>Καὶ</strong></span> <span class='ocrx_word' id='word_1_53' title='bbox 1620 999 1709 1050; x_wconf 80' lang='grc' dir='ltr'><strong>οὺ-</strong></span> 
     </span>
    </p>
   </div>
   <div class='ocr_carea' id='block_1_10' title="bbox 154 1089 1707 1167">
    <p class='ocr_par' dir='ltr' id='par_1_10' title="bbox 154 1089 1707 1167">
     <span class='ocr_line' id='line_1_10' title="bbox 154 1089 1707 1167; baseline -0.01 -13"><span class='ocrx_word' id='word_1_54' title='bbox 154 1095 380 1162; x_wconf 75' lang='grc' dir='ltr'><strong>δὲοῦτος</strong></span> <span class='ocrx_word' id='word_1_55' title='bbox 430 1101 542 1167; x_wconf 76' lang='grc' dir='ltr'><strong>ἔχει</strong></span> <span class='ocrx_word' id='word_1_56' title='bbox 594 1096 751 1162; x_wconf 87' lang='grc' dir='ltr'><strong>λόγον</strong></span> <span class='ocrx_word' id='word_1_57' title='bbox 785 1093 847 1145; x_wconf 79' lang='grc' dir='ltr'><strong>τὸ</strong></span> <span class='ocrx_word' id='word_1_58' title='bbox 895 1089 1212 1162; x_wconf 73' lang='grc' dir='ltr'><strong>μέμψασθαι</strong></span> <span class='ocrx_word' id='word_1_59' title='bbox 1245 1089 1432 1140; x_wconf 80' lang='grc' dir='ltr'><strong>ἑαυτόν</strong></span> <span class='ocrx_word' id='word_1_60' title='bbox 1479 1105 1621 1150; x_wconf 80' lang='grc' dir='ltr'><strong>τινα,</strong></span> <span class='ocrx_word' id='word_1_61' title='bbox 1675 1089 1707 1157; x_wconf 80' lang='grc' dir='ltr'>ἢ</span> 
     </span>
    </p>
   </div>
   <div class='ocr_carea' id='block_1_11' title="bbox 158 1178 1711 1256">
    <p class='ocr_par' dir='ltr' id='par_1_11' title="bbox 158 1178 1711 1256">
     <span class='ocr_line' id='line_1_11' title="bbox 158 1178 1711 1256; baseline -0.007 -15"><span class='ocrx_word' id='word_1_62' title='bbox 158 1190 394 1256; x_wconf 77' lang='grc' dir='ltr'><strong>θλιϐῆναι</strong></span> <span class='ocrx_word' id='word_1_63' title='bbox 426 1188 568 1240; x_wconf 83' lang='grc' dir='ltr'><strong>κατά</strong></span> <span class='ocrx_word' id='word_1_64' title='bbox 610 1199 784 1246; x_wconf 82' lang='grc' dir='ltr'><strong>τινος·</strong></span> <span class='ocrx_word' id='word_1_65' title='bbox 826 1181 964 1235; x_wconf 84' lang='grc' dir='ltr'><strong>ἀλλά</strong></span> <span class='ocrx_word' id='word_1_66' title='bbox 997 1181 1090 1234; x_wconf 77' lang='grc' dir='ltr'><strong>ἐὰν</strong></span> <span class='ocrx_word' id='word_1_67' title='bbox 1128 1179 1204 1248; x_wconf 81' lang='grc' dir='ltr'><strong>τῷ</strong></span> <span class='ocrx_word' id='word_1_68' title='bbox 1225 1181 1337 1231; x_wconf 74' lang='grc' dir='ltr'><strong>ὅντι</strong></span> <span class='ocrx_word' id='word_1_69' title='bbox 1368 1178 1543 1247; x_wconf 75' lang='grc' dir='ltr'><strong>χρῄζῃ</strong></span> <span class='ocrx_word' id='word_1_70' title='bbox 1570 1178 1711 1248; x_wconf 81' lang='grc' dir='ltr'><strong>πρά-</strong></span> 
     </span>
    </p>
   </div>
   <div class='ocr_carea' id='block_1_12' title="bbox 157 1269 1707 1346">
    <p class='ocr_par' dir='ltr' id='par_1_12' title="bbox 157 1269 1707 1346">
     <span class='ocr_line' id='line_1_12' title="bbox 157 1269 1707 1346; baseline -0.008 -14"><span class='ocrx_word' id='word_1_71' title='bbox 157 1297 378 1346; x_wconf 82' lang='grc' dir='ltr'><strong>γματος,</strong></span> <span class='ocrx_word' id='word_1_72' title='bbox 405 1280 477 1340; x_wconf 81' lang='grc' dir='ltr'><strong>ὡς</strong></span> <span class='ocrx_word' id='word_1_73' title='bbox 511 1279 686 1343; x_wconf 82' lang='grc' dir='ltr'><strong>λέγει,</strong></span> <span class='ocrx_word' id='word_1_74' title='bbox 731 1275 827 1326; x_wconf 60' lang='grc' dir='ltr'><strong>καλ⁵</strong></span> <span class='ocrx_word' id='word_1_75' title='bbox 857 1274 916 1326; x_wconf 83' lang='grc' dir='ltr'><strong>οὐ</strong></span> <span class='ocrx_word' id='word_1_76' title='bbox 944 1272 1235 1340; x_wconf 75' lang='grc' dir='ltr'><strong>λαμϐάνει,</strong></span> <span class='ocrx_word' id='word_1_77' title='bbox 1274 1271 1473 1337; x_wconf 67' lang='grc' dir='ltr'><strong>ὀφείλει</strong></span> <span class='ocrx_word' id='word_1_78' title='bbox 1507 1269 1707 1335; x_wconf 80' lang='grc' dir='ltr'><strong>λέγειν,</strong></span> 
     </span>
    </p>
   </div>
   <div class='ocr_carea' id='block_1_13' title="bbox 157 1358 1706 1434">
    <p class='ocr_par' dir='ltr' id='par_1_13' title="bbox 157 1358 1706 1434">
     <span class='ocr_line' id='line_1_13' title="bbox 157 1358 1706 1434; baseline -0.006 -14"><span class='ocrx_word' id='word_1_79' title='bbox 157 1371 232 1421; x_wconf 80' lang='grc' dir='ltr'><strong>ὅτι</strong></span> <span class='ocrx_word' id='word_1_80' title='bbox 296 1389 314 1419; x_wconf 79' lang='grc' dir='ltr'>ι</span> <span class='ocrx_word' id='word_1_81' title='bbox 360 1369 416 1420; x_wconf 84' lang='grc' dir='ltr'>Ὀ</span> <span class='ocrx_word' id='word_1_82' title='bbox 456 1365 686 1434; x_wconf 80' lang='grc' dir='ltr'><strong>Χριστὸς</strong></span> <span class='ocrx_word' id='word_1_83' title='bbox 743 1358 850 1414; x_wconf 76' lang='grc' dir='ltr'><strong>οἶδε</strong></span> <span class='ocrx_word' id='word_1_84' title='bbox 879 1359 1041 1413; x_wconf 82' lang='grc' dir='ltr'>πλέον</span> <span class='ocrx_word' id='word_1_85' title='bbox 1074 1364 1120 1412; x_wconf 86' lang='grc' dir='ltr'><strong>εἰ</strong></span> <span class='ocrx_word' id='word_1_86' title='bbox 1148 1360 1345 1427; x_wconf 75' lang='grc' dir='ltr'><strong>ὀφείλω</strong></span> <span class='ocrx_word' id='word_1_87' title='bbox 1375 1361 1706 1427; x_wconf 76' lang='grc' dir='ltr'><strong>ἀναπαῆναι,</strong></span> 
     </span>
    </p>
   </div>
   <div class='ocr_carea' id='block_1_14' title="bbox 159 1449 1710 1524">
    <p class='ocr_par' dir='ltr' id='par_1_14' title="bbox 159 1449 1710 1524">
     <span class='ocr_line' id='line_1_14' title="bbox 159 1449 1710 1524; baseline -0.008 -12"><span class='ocrx_word' id='word_1_88' title='bbox 159 1462 242 1512; x_wconf 74' lang='grc' dir='ltr'><strong>καὶ</strong></span> <span class='ocrx_word' id='word_1_89' title='bbox 285 1459 448 1519; x_wconf 73' lang='grc' dir='ltr'><strong>αὐτὸς</strong></span> <span class='ocrx_word' id='word_1_90' title='bbox 477 1455 683 1524; x_wconf 88' lang='grc' dir='ltr'><strong>γίνεταί</strong></span> <span class='ocrx_word' id='word_1_91' title='bbox 713 1470 804 1522; x_wconf 84' lang='grc' dir='ltr'><strong>μοι</strong></span> <span class='ocrx_word' id='word_1_92' title='bbox 828 1453 948 1506; x_wconf 75' lang='grc' dir='ltr'><strong>ἀντὶ</strong></span> <span class='ocrx_word' id='word_1_93' title='bbox 992 1451 1141 1504; x_wconf 88' lang='grc' dir='ltr'><strong>τοῦδε</strong></span> <span class='ocrx_word' id='word_1_94' title='bbox 1185 1449 1279 1501; x_wconf 84' lang='grc' dir='ltr'><strong>τοῦ</strong></span> <span class='ocrx_word' id='word_1_95' title='bbox 1307 1454 1648 1518; x_wconf 75' lang='grc' dir='ltr'><strong>πράγματος,</strong></span> <span class='ocrx_word' id='word_1_96' title='bbox 1679 1451 1710 1518; x_wconf 85' lang='grc' dir='ltr'><strong>ἦ</strong></span> 
     </span>
    </p>
   </div>
   <div class='ocr_carea' id='block_1_15' title="bbox 157 1541 1712 1616">
    <p class='ocr_par' dir='ltr' id='par_1_15' title="bbox 157 1541 1712 1616">
     <span class='ocr_line' id='line_1_15' title="bbox 157 1541 1712 1616; baseline -0.006 -13"><span class='ocrx_word' id='word_1_97' title='bbox 157 1551 273 1603; x_wconf 76' lang='grc' dir='ltr'><strong>ἀντὶ</strong></span> <span class='ocrx_word' id='word_1_98' title='bbox 303 1547 454 1601; x_wconf 84' lang='grc' dir='ltr'><strong>τοῦδε</strong></span> <span class='ocrx_word' id='word_1_99' title='bbox 503 1548 599 1600; x_wconf 85' lang='grc' dir='ltr'><strong>τοῦ</strong></span> <span class='ocrx_word' id='word_1_100' title='bbox 627 1545 935 1616; x_wconf 86' lang='grc' dir='ltr'><strong>βρώματος.</strong></span> <span class='ocrx_word' id='word_1_101' title='bbox 966 1562 986 1595; x_wconf 78' lang='grc' dir='ltr'><strong>ι</strong></span> <span class='ocrx_word' id='word_1_102' title='bbox 1015 1544 1081 1596; x_wconf 78' lang='lat' dir='ltr'><strong>Ol</strong></span> <span class='ocrx_word' id='word_1_103' title='bbox 1121 1543 1225 1594; x_wconf 83' lang='grc' dir='ltr'><strong>υἱοὶ</strong></span> <span class='ocrx_word' id='word_1_104' title='bbox 1265 1541 1480 1610; x_wconf 77' lang='grc' dir='ltr'><strong>Ἰσραὴλ</strong></span> <span class='ocrx_word' id='word_1_105' title='bbox 1514 1542 1712 1608; x_wconf 78' lang='grc' dir='ltr'><strong>ἔφαγον</strong></span> 
     </span>
    </p>
   </div>
   <div class='ocr_carea' id='block_1_16' title="bbox 158 1629 1713 1707">
    <p class='ocr_par' dir='ltr' id='par_1_16' title="bbox 158 1629 1713 1707">
     <span class='ocr_line' id='line_1_16' title="bbox 158 1629 1713 1707; baseline -0.008 -16"><span class='ocrx_word' id='word_1_106' title='bbox 158 1638 214 1691; x_wconf 80' lang='grc' dir='ltr'><strong>τὺ</strong></span> <span class='ocrx_word' id='word_1_107' title='bbox 255 1638 431 1707; x_wconf 80' lang='grc' dir='ltr'><strong>μάννα</strong></span> <span class='ocrx_word' id='word_1_108' title='bbox 461 1638 517 1689; x_wconf 86' lang='grc' dir='ltr'><strong>ἐν</strong></span> <span class='ocrx_word' id='word_1_109' title='bbox 582 1637 648 1705; x_wconf 78' lang='grc' dir='ltr'><strong>τῇ</strong></span> <span class='ocrx_word' id='word_1_110' title='bbox 695 1635 889 1704; x_wconf 80' lang='grc' dir='ltr'><strong>ἐρήμῳ</strong></span> <span class='ocrx_word' id='word_1_111' title='bbox 917 1631 1320 1698; x_wconf 87' lang='grc' dir='ltr'><strong>τεσσαράκοντα</strong></span> <span class='ocrx_word' id='word_1_112' title='bbox 1352 1629 1467 1697; x_wconf 79' lang='grc' dir='ltr'><strong>ἔτη.</strong></span> <span class='ocrx_word' id='word_1_113' title='bbox 1510 1631 1617 1681; x_wconf 72' lang='grc' dir='ltr'><strong>Καὶ</strong></span> <span class='ocrx_word' id='word_1_114' title='bbox 1655 1629 1713 1680; x_wconf 85' lang='grc' dir='ltr'><strong>ἒν</strong></span> 
     </span>
    </p>
   </div>
   <div class='ocr_carea' id='block_1_17' title="bbox 163 1719 1714 1797">
    <p class='ocr_par' dir='ltr' id='par_1_17' title="bbox 163 1719 1714 1797">
     <span class='ocr_line' id='line_1_17' title="bbox 163 1719 1714 1797; baseline -0.006 -18"><span class='ocrx_word' id='word_1_115' title='bbox 163 1729 256 1796; x_wconf 82' lang='grc' dir='ltr'><strong>μὲν</strong></span> <span class='ocrx_word' id='word_1_116' title='bbox 298 1723 434 1790; x_wconf 77' lang='grc' dir='ltr'><strong>εἶδος</strong></span> <span class='ocrx_word' id='word_1_117' title='bbox 469 1721 538 1797; x_wconf 76' lang='grc' dir='ltr'><strong>ἦν</strong></span> <span class='ocrx_word' id='word_1_118' title='bbox 563 1726 623 1778; x_wconf 84' lang='grc' dir='ltr'><strong>τὸ</strong></span> <span class='ocrx_word' id='word_1_119' title='bbox 677 1726 886 1794; x_wconf 83' lang='grc' dir='ltr'><strong>μάννα.</strong></span> <span class='ocrx_word' id='word_1_120' title='bbox 930 1723 1177 1789; x_wconf 80' lang='grc' dir='ltr'><strong>Ἐκάστῳ</strong></span> <span class='ocrx_word' id='word_1_121' title='bbox 1200 1720 1258 1771; x_wconf 79' lang='grc' dir='ltr'><strong>δὲ</strong></span> <span class='ocrx_word' id='word_1_122' title='bbox 1288 1719 1497 1786; x_wconf 86' lang='grc' dir='ltr'><strong>ἐγίνετο</strong></span> <span class='ocrx_word' id='word_1_123' title='bbox 1533 1719 1714 1781; x_wconf 79' lang='grc' dir='ltr'><strong>καθὼς</strong></span> 
     </span>
    </p>
   </div>
   <div class='ocr_carea' id='block_1_18' title="bbox 161 1805 1710 1886">
    <p class='ocr_par' dir='ltr' id='par_1_18' title="bbox 161 1805 1710 1886">
     <span class='ocr_line' id='line_1_18' title="bbox 161 1805 1710 1886; baseline -0.008 -18"><span class='ocrx_word' id='word_1_124' title='bbox 161 1817 354 1886; x_wconf 74' lang='grc' dir='ltr'><strong>ἔχρῃζε</strong></span> <span class='ocrx_word' id='word_1_125' title='bbox 376 1833 389 1845; x_wconf 92' lang='grc'><strong>·</strong></span> <span class='ocrx_word' id='word_1_126' title='bbox 419 1815 497 1884; x_wconf 80' lang='grc' dir='ltr'><strong>τῷ</strong></span> <span class='ocrx_word' id='word_1_127' title='bbox 556 1813 811 1884; x_wconf 76' lang='grc' dir='ltr'><strong>χρῄζοντι</strong></span> <span class='ocrx_word' id='word_1_128' title='bbox 844 1807 1111 1879; x_wconf 80' lang='grc' dir='ltr'><strong>ἁλμυροῦ,</strong></span> <span class='ocrx_word' id='word_1_129' title='bbox 1180 1805 1423 1875; x_wconf 68' lang='grc' dir='ltr'><strong>ἁλμυρὸν</strong></span> <span class='ocrx_word' id='word_1_130' title='bbox 1466 1805 1672 1870; x_wconf 81' lang='grc' dir='ltr'><strong>ἐγίνετο</strong></span> <span class='ocrx_word' id='word_1_131' title='bbox 1697 1821 1710 1834; x_wconf 73' lang='grc' dir='ltr'><strong>ο</strong></span> 
     </span>
    </p>
   </div>
   <div class='ocr_carea' id='block_1_19' title="bbox 158 1878 1790 1975">
    <p class='ocr_par' dir='ltr' id='par_1_19' title="bbox 158 1878 1790 1975">
     <span class='ocr_line' id='line_1_19' title="bbox 158 1878 1790 1975; baseline -0.009 -17"><span class='ocrx_word' id='word_1_132' title='bbox 264 1878 832 1975; x_wconf 41' lang='grc' dir='ltr'><strong>’.χρῄζοντι-γλυκέος,</strong></span> <span class='ocrx_word' id='word_1_133' title='bbox 867 1878 1079 1966; x_wconf 85' lang='grc' dir='ltr'><strong>ἐγίνετο</strong></span> <span class='ocrx_word' id='word_1_134' title='bbox 1139 1894 1310 1964; x_wconf 84' lang='grc' dir='ltr'><strong>γλυκὺ</strong></span> <span class='ocrx_word' id='word_1_135' title='bbox 1332 1913 1346 1925; x_wconf 91' lang='grc'><strong>·</strong></span> <span class='ocrx_word' id='word_1_136' title='bbox 1379 1894 1474 1947; x_wconf 73' lang='grc' dir='ltr'><strong>καὶ</strong></span> <span class='ocrx_word' id='word_1_137' title='bbox 1503 1895 1718 1963; x_wconf 73' lang='grc' dir='ltr'><strong>ἑκάστῳ</strong></span> <span class='ocrx_word' id='word_1_138' title='bbox 1751 1878 1790 1931; x_wconf 73' lang='grc' dir='ltr'>Β</span> 
     </span>
    </p>
   </div>
   <div class='ocr_carea' id='block_1_20' title="bbox 167 1982 1719 2057">
    <p class='ocr_par' dir='ltr' id='par_1_20' title="bbox 167 1982 1719 2057">
     <span class='ocr_line' id='line_1_20' title="bbox 167 1982 1719 2057; baseline -0.008 -11"><span class='ocrx_word' id='word_1_139' title='bbox 167 1992 347 2053; x_wconf 78' lang='grc' dir='ltr'>ἁπλῶς</span> <span class='ocrx_word' id='word_1_140' title='bbox 390 1990 561 2052; x_wconf 78' lang='grc' dir='ltr'><strong>οὕτως</strong></span> <span class='ocrx_word' id='word_1_141' title='bbox 605 1989 840 2057; x_wconf 82' lang='grc' dir='ltr'><strong>ἐγίνετο,</strong></span> <span class='ocrx_word' id='word_1_142' title='bbox 893 1984 1132 2055; x_wconf 76' lang='grc' dir='ltr'><strong>ἁρμόζον</strong></span> <span class='ocrx_word' id='word_1_143' title='bbox 1180 1983 1317 2052; x_wconf 83' lang='grc' dir='ltr'><strong>πρὸς</strong></span> <span class='ocrx_word' id='word_1_144' title='bbox 1369 1982 1469 2051; x_wconf 76' lang='grc' dir='ltr'><strong>τὴν</strong></span> <span class='ocrx_word' id='word_1_145' title='bbox 1525 1983 1719 2049; x_wconf 66' lang='grc' dir='ltr'><strong>κρᾶσιν</strong></span> 
     </span>
    </p>
   </div>
   <div class='ocr_carea' id='block_1_21' title="bbox 161 2072 1721 2146">
    <p class='ocr_par' dir='ltr' id='par_1_21' title="bbox 161 2072 1721 2146">
     <span class='ocr_line' id='line_1_21' title="bbox 161 2072 1721 2146; baseline -0.009 -10"><span class='ocrx_word' id='word_1_146' title='bbox 161 2083 323 2136; x_wconf 84' lang='grc' dir='ltr'><strong>αὑτοῦ</strong></span> <span class='ocrx_word' id='word_1_147' title='bbox 346 2121 361 2138; x_wconf 91' lang='grc'><strong>.</strong></span> <span class='ocrx_word' id='word_1_148' title='bbox 405 2081 590 2143; x_wconf 77' lang='grc' dir='ltr'><strong>Οὕτως</strong></span> <span class='ocrx_word' id='word_1_149' title='bbox 612 2074 706 2132; x_wconf 83' lang='grc' dir='ltr'><strong>οὖν</strong></span> <span class='ocrx_word' id='word_1_150' title='bbox 750 2077 847 2130; x_wconf 82' lang='grc' dir='ltr'><strong>ἐὰν</strong></span> <span class='ocrx_word' id='word_1_151' title='bbox 901 2074 1078 2146; x_wconf 80' lang='grc' dir='ltr'><strong>χρῄζῃ</strong></span> <span class='ocrx_word' id='word_1_152' title='bbox 1114 2091 1196 2135; x_wconf 82' lang='grc' dir='ltr'><strong>τις</strong></span> <span class='ocrx_word' id='word_1_153' title='bbox 1223 2074 1352 2137; x_wconf 64' lang='lat' dir='ltr'><strong>(bat),</strong></span> <span class='ocrx_word' id='word_1_154' title='bbox 1379 2073 1473 2125; x_wconf 78' lang='grc' dir='ltr'><strong>καὶ</strong></span> <span class='ocrx_word' id='word_1_155' title='bbox 1497 2073 1559 2125; x_wconf 80' lang='grc' dir='ltr'><strong>οὐ</strong></span> <span class='ocrx_word' id='word_1_156' title='bbox 1585 2072 1721 2141; x_wconf 83' lang='grc' dir='ltr'><strong>λαμ-</strong></span> 
     </span>
    </p>
   </div>
   <div class='ocr_carea' id='block_1_22' title="bbox 163 2163 1722 2241">
    <p class='ocr_par' dir='ltr' id='par_1_22' title="bbox 163 2163 1722 2241">
     <span class='ocr_line' id='line_1_22' title="bbox 163 2163 1722 2241; baseline -0.006 -15"><span class='ocrx_word' id='word_1_157' title='bbox 163 2175 309 2228; x_wconf 76' lang='grc' dir='ltr'><strong>ϐάνει</strong></span> <span class='ocrx_word' id='word_1_158' title='bbox 335 2175 382 2225; x_wconf 84' lang='grc' dir='ltr'><strong>εἰ</strong></span> <span class='ocrx_word' id='word_1_159' title='bbox 437 2173 512 2241; x_wconf 82' lang='grc' dir='ltr'><strong>μὴ</strong></span> <span class='ocrx_word' id='word_1_160' title='bbox 539 2171 770 2240; x_wconf 86' lang='grc' dir='ltr'><strong>λάχανον</strong></span> <span class='ocrx_word' id='word_1_161' title='bbox 791 2208 805 2233; x_wconf 89' lang='grc'><strong>,</strong></span> <span class='ocrx_word' id='word_1_162' title='bbox 841 2165 970 2236; x_wconf 76' lang='grc' dir='ltr'><strong>εἴπῃ</strong></span> <span class='ocrx_word' id='word_1_163' title='bbox 998 2165 1074 2234; x_wconf 79' lang='grc' dir='ltr'><strong>τῷ</strong></span> <span class='ocrx_word' id='word_1_164' title='bbox 1128 2164 1373 2234; x_wconf 86' lang='grc' dir='ltr'><strong>λογισμῷ</strong></span> <span class='ocrx_word' id='word_1_165' title='bbox 1404 2163 1586 2229; x_wconf 82' lang='grc' dir='ltr'><strong>αὑτοῦ,</strong></span> <span class='ocrx_word' id='word_1_166' title='bbox 1642 2166 1722 2216; x_wconf 75' lang='grc' dir='ltr'><strong>ὅτι</strong></span> 
     </span>
    </p>
   </div>
   <div class='ocr_carea' id='block_1_23' title="bbox 168 2255 1725 2333">
    <p class='ocr_par' dir='ltr' id='par_1_23' title="bbox 168 2255 1725 2333">
     <span class='ocr_line' id='line_1_23' title="bbox 168 2255 1725 2333; baseline -0.006 -16"><span class='ocrx_word' id='word_1_167' title='bbox 168 2284 186 2317; x_wconf 78' lang='grc' dir='ltr'><strong>ι</strong></span> <span class='ocrx_word' id='word_1_168' title='bbox 229 2268 288 2318; x_wconf 80' lang='lat' dir='ltr'><strong>Ei</strong></span> <span class='ocrx_word' id='word_1_169' title='bbox 338 2263 603 2333; x_wconf 73' lang='grc' dir='ltr'><strong>συνέφερέ</strong></span> <span class='ocrx_word' id='word_1_170' title='bbox 626 2278 736 2330; x_wconf 91' lang='grc' dir='ltr'><strong>μοι,</strong></span> <span class='ocrx_word' id='word_1_171' title='bbox 765 2255 876 2329; x_wconf 75' lang='grc' dir='ltr'><strong>εἶχε</strong></span> <span class='ocrx_word' id='word_1_172' title='bbox 907 2259 1121 2317; x_wconf 84' lang='grc' dir='ltr'><strong>πάντως</strong></span> <span class='ocrx_word' id='word_1_173' title='bbox 1147 2257 1360 2326; x_wconf 73' lang='grc' dir='ltr'><strong>πέμψαι</strong></span> <span class='ocrx_word' id='word_1_174' title='bbox 1408 2274 1497 2324; x_wconf 85' lang='grc' dir='ltr'><strong>μοι</strong></span> <span class='ocrx_word' id='word_1_175' title='bbox 1526 2255 1656 2308; x_wconf 70' lang='grc' dir='ltr'><strong>αὐτὸ</strong></span> <span class='ocrx_word' id='word_1_176' title='bbox 1697 2257 1725 2306; x_wconf 84' lang='grc' dir='ltr'>ὁ</span> 
     </span>
    </p>
   </div>
   <div class='ocr_carea' id='block_1_24' title="bbox 163 2347 1723 2425">
    <p class='ocr_par' dir='ltr' id='par_1_24' title="bbox 163 2347 1723 2425">
     <span class='ocr_line' id='line_1_24' title="bbox 163 2347 1723 2425; baseline -0.008 -15"><span class='ocrx_word' id='word_1_177' title='bbox 163 2357 292 2420; x_wconf 77' lang='grc' dir='ltr'><strong>Θεός</strong></span> <span class='ocrx_word' id='word_1_178' title='bbox 321 2372 338 2388; x_wconf 85' lang='grc'>⁶</span> <span class='ocrx_word' id='word_1_179' title='bbox 366 2354 506 2425; x_wconf 81' lang='grc' dir='ltr'><strong>πλὴν</strong></span> <span class='ocrx_word' id='word_1_180' title='bbox 550 2353 772 2406; x_wconf 83' lang='grc' dir='ltr'><strong>δύναται</strong></span> <span class='ocrx_word' id='word_1_181' title='bbox 798 2351 891 2402; x_wconf 75' lang='grc' dir='ltr'><strong>καὶ</strong></span> <span class='ocrx_word' id='word_1_182' title='bbox 938 2347 1070 2400; x_wconf 78' lang='grc' dir='ltr'><strong>αὐτὸ</strong></span> <span class='ocrx_word' id='word_1_183' title='bbox 1123 2349 1188 2399; x_wconf 82' lang='grc' dir='ltr'><strong>τὸ</strong></span> <span class='ocrx_word' id='word_1_184' title='bbox 1220 2348 1448 2415; x_wconf 79' lang='grc' dir='ltr'><strong>λάχανον</strong></span> <span class='ocrx_word' id='word_1_185' title='bbox 1503 2347 1723 2415; x_wconf 79' lang='grc' dir='ltr'><strong>ποιῆσαι</strong></span> 
     </span>
    </p>
   </div>
   <div class='ocr_carea' id='block_1_25' title="bbox 166 2437 1724 2515">
    <p class='ocr_par' dir='ltr' id='par_1_25' title="bbox 166 2437 1724 2515">
     <span class='ocr_line' id='line_1_25' title="bbox 166 2437 1724 2515; baseline -0.009 -15"><span class='ocrx_word' id='word_1_186' title='bbox 166 2464 255 2515; x_wconf 84' lang='grc' dir='ltr'><strong>μοι</strong></span> <span class='ocrx_word' id='word_1_187' title='bbox 295 2446 378 2509; x_wconf 78' lang='grc' dir='ltr'><strong>ὡς</strong></span> <span class='ocrx_word' id='word_1_188' title='bbox 423 2446 568 2498; x_wconf 83' lang='grc' dir='ltr'><strong>ὠὸν·</strong></span> <span class='ocrx_word' id='word_1_189' title='bbox 610 2461 629 2492; x_wconf 72' lang='grc' dir='ltr'><strong>ι</strong></span> <span class='ocrx_word' id='word_1_190' title='bbox 664 2443 759 2494; x_wconf 80' lang='grc' dir='ltr'><strong>καὶ</strong></span> <span class='ocrx_word' id='word_1_191' title='bbox 809 2438 1042 2508; x_wconf 80' lang='grc' dir='ltr'><strong>πιστεύῃ</strong></span> <span class='ocrx_word' id='word_1_192' title='bbox 1085 2437 1163 2506; x_wconf 81' lang='grc' dir='ltr'><strong>τῷ</strong></span> <span class='ocrx_word' id='word_1_193' title='bbox 1208 2437 1348 2505; x_wconf 80' lang='grc' dir='ltr'><strong>Θεῷ,</strong></span> <span class='ocrx_word' id='word_1_194' title='bbox 1385 2439 1466 2489; x_wconf 82' lang='grc' dir='ltr'><strong>ὅτι</strong></span> <span class='ocrx_word' id='word_1_195' title='bbox 1514 2437 1724 2502; x_wconf 84' lang='grc' dir='ltr'><strong>γίνεται</strong></span> 
     </span>
    </p>
   </div>
   <div class='ocr_carea' id='block_1_26' title="bbox 163 2525 1727 2605">
    <p class='ocr_par' dir='ltr' id='par_1_26' title="bbox 163 2525 1727 2605">
     <span class='ocr_line' id='line_1_26' title="bbox 163 2525 1727 2605; baseline -0.006 -19"><span class='ocrx_word' id='word_1_196' title='bbox 163 2534 313 2605; x_wconf 80' lang='grc' dir='ltr'><strong>αὐτῷ</strong></span> <span class='ocrx_word' id='word_1_197' title='bbox 365 2535 450 2597; x_wconf 77' lang='grc' dir='ltr'><strong>είς</strong></span> <span class='ocrx_word' id='word_1_198' title='bbox 493 2529 816 2603; x_wconf 81' lang='grc' dir='ltr'><strong>μαρτύριον.</strong></span> <span class='ocrx_word' id='word_1_199' title='bbox 843 2527 954 2580; x_wconf 72' lang='grc' dir='ltr'><strong>Καὶ</strong></span> <span class='ocrx_word' id='word_1_200' title='bbox 1000 2527 1109 2594; x_wconf 80' lang='grc' dir='ltr'><strong>γὰρ</strong></span> <span class='ocrx_word' id='word_1_201' title='bbox 1167 2526 1304 2593; x_wconf 69' lang='grc' dir='ltr'><strong>μετὰ</strong></span> <span class='ocrx_word' id='word_1_202' title='bbox 1332 2525 1591 2592; x_wconf 79' lang='grc' dir='ltr'><strong>ἀληθείας</strong></span> <span class='ocrx_word' id='word_1_203' title='bbox 1632 2525 1727 2578; x_wconf 85' lang='grc' dir='ltr'><strong>ἐάν</strong></span> 
     </span>
    </p>
   </div>
   <div class='ocr_carea' id='block_1_27' title="bbox 166 2616 1722 2688">
    <p class='ocr_par' dir='ltr' id='par_1_27' title="bbox 166 2616 1722 2688">
     <span class='ocr_line' id='line_1_27' title="bbox 166 2616 1722 2688; baseline -0.006 -12"><span class='ocrx_word' id='word_1_204' title='bbox 166 2627 316 2678; x_wconf 78' lang='grc' dir='ltr'><strong>ἐστιν</strong></span> <span class='ocrx_word' id='word_1_205' title='bbox 343 2624 495 2688; x_wconf 74' lang='grc' dir='ltr'><strong>ἄξιός</strong></span> <span class='ocrx_word' id='word_1_206' title='bbox 532 2639 616 2684; x_wconf 84' lang='grc' dir='ltr'><strong>τις</strong></span> <span class='ocrx_word' id='word_1_207' title='bbox 649 2620 742 2672; x_wconf 87' lang='grc' dir='ltr'><strong>τοῦ</strong></span> <span class='ocrx_word' id='word_1_208' title='bbox 775 2619 1108 2686; x_wconf 82' lang='grc' dir='ltr'><strong>ἀναπαῆναι,</strong></span> <span class='ocrx_word' id='word_1_209' title='bbox 1155 2616 1349 2685; x_wconf 78' lang='grc' dir='ltr'><strong>καρδίᾳ</strong></span> <span class='ocrx_word' id='word_1_210' title='bbox 1389 2616 1722 2685; x_wconf 78' lang='grc' dir='ltr'><strong>σαρωθῆναι,</strong></span> 
     </span>
    </p>
   </div>
   <div class='ocr_carea' id='block_1_28' title="bbox 164 2694 1730 2785">
    <p class='ocr_par' dir='ltr' id='par_1_28' title="bbox 164 2694 1730 2785">
     <span class='ocr_line' id='line_1_28' title="bbox 164 2694 1730 2785; baseline -0.006 -16"><span class='ocrx_word' id='word_1_211' title='bbox 164 2694 497 2785; x_wconf 64' lang='grc' dir='ltr'><strong>πληροςρορεῖ</strong></span> <span class='ocrx_word' id='word_1_212' title='bbox 542 2713 570 2764; x_wconf 86' lang='grc' dir='ltr'><strong>δ</strong></span> <span class='ocrx_word' id='word_1_213' title='bbox 601 2712 732 2772; x_wconf 75' lang='grc' dir='ltr'><strong>Θεὸς</strong></span> <span class='ocrx_word' id='word_1_214' title='bbox 768 2710 988 2776; x_wconf 80' lang='grc' dir='ltr'><strong>ποιῆσαι</strong></span> <span class='ocrx_word' id='word_1_215' title='bbox 1045 2706 1162 2776; x_wconf 81' lang='grc' dir='ltr'><strong>μετ’</strong></span> <span class='ocrx_word' id='word_1_216' title='bbox 1196 2706 1358 2759; x_wconf 74' lang='grc' dir='ltr'><strong>αὑτοῦ</strong></span> <span class='ocrx_word' id='word_1_217' title='bbox 1408 2707 1554 2769; x_wconf 79' lang='grc' dir='ltr'><strong>ἔλεος</strong></span> <span class='ocrx_word' id='word_1_218' title='bbox 1588 2707 1730 2759; x_wconf 82' lang='grc' dir='ltr'><strong>κατὰ</strong></span> 
     </span>
    </p>
   </div>
   <div class='ocr_carea' id='block_1_29' title="bbox 163 2797 1730 2876">
    <p class='ocr_par' dir='ltr' id='par_1_29' title="bbox 163 2797 1730 2876">
     <span class='ocr_line' id='line_1_29' title="bbox 163 2797 1730 2876; baseline -0.001 -25"><span class='ocrx_word' id='word_1_219' title='bbox 163 2807 263 2876; x_wconf 65' lang='grc' dir='ltr'><strong>τὴν</strong></span> <span class='ocrx_word' id='word_1_220' title='bbox 299 2805 489 2874; x_wconf 81' lang='grc' dir='ltr'><strong>χρείαν</strong></span> <span class='ocrx_word' id='word_1_221' title='bbox 514 2800 675 2855; x_wconf 79' lang='grc' dir='ltr'><strong>αὑτοῦ</strong></span> <span class='ocrx_word' id='word_1_222' title='bbox 710 2815 722 2830; x_wconf 87' lang='grc'><em>’</em></span> <span class='ocrx_word' id='word_1_223' title='bbox 768 2799 861 2851; x_wconf 82' lang='grc' dir='ltr'><strong>ἐάν</strong></span> <span class='ocrx_word' id='word_1_224' title='bbox 891 2799 948 2851; x_wconf 81' lang='grc' dir='ltr'><strong>δὲ</strong></span> <span class='ocrx_word' id='word_1_225' title='bbox 978 2799 1077 2850; x_wconf 75' lang='grc' dir='ltr'><strong>οὐκ</strong></span> <span class='ocrx_word' id='word_1_226' title='bbox 1125 2799 1268 2848; x_wconf 78' lang='grc' dir='ltr'><strong>ἐστιν</strong></span> <span class='ocrx_word' id='word_1_227' title='bbox 1302 2797 1450 2862; x_wconf 79' lang='grc' dir='ltr'><strong>ἄξιος</strong></span> <span class='ocrx_word' id='word_1_228' title='bbox 1480 2797 1573 2849; x_wconf 88' lang='grc' dir='ltr'><strong>τοῦ</strong></span> <span class='ocrx_word' id='word_1_229' title='bbox 1601 2799 1730 2849; x_wconf 85' lang='grc' dir='ltr'><strong>ἀνα·</strong></span> 
     </span>
    </p>
   </div>
   <div class='ocr_carea' id='block_1_30' title="bbox 165 2887 1729 2965">
    <p class='ocr_par' dir='ltr' id='par_1_30' title="bbox 165 2887 1729 2965">
     <span class='ocr_line' id='line_1_30' title="bbox 165 2887 1729 2965; baseline -0.006 -17"><span class='ocrx_word' id='word_1_230' title='bbox 165 2895 395 2965; x_wconf 82' lang='grc' dir='ltr'><strong>παῆναι,</strong></span> <span class='ocrx_word' id='word_1_231' title='bbox 446 2893 481 2962; x_wconf 78' lang='grc' dir='ltr'>ἢ</span> <span class='ocrx_word' id='word_1_232' title='bbox 509 2893 570 2944; x_wconf 74' lang='grc' dir='ltr'><strong>οὐ</strong></span> <span class='ocrx_word' id='word_1_233' title='bbox 602 2892 867 2960; x_wconf 73' lang='grc' dir='ltr'><strong>συμφέρει</strong></span> <span class='ocrx_word' id='word_1_234' title='bbox 915 2889 1086 2957; x_wconf 78' lang='grc' dir='ltr'><strong>αὐτῷ,</strong></span> <span class='ocrx_word' id='word_1_235' title='bbox 1116 2887 1300 2940; x_wconf 74' lang='grc' dir='ltr'><strong>καινδν</strong></span> <span class='ocrx_word' id='word_1_236' title='bbox 1329 2887 1581 2956; x_wconf 78' lang='grc' dir='ltr'><strong>οὐρανὸν,</strong></span> <span class='ocrx_word' id='word_1_237' title='bbox 1605 2904 1729 2939; x_wconf 87' lang='grc' dir='ltr'><strong>και-</strong></span> 
     </span>
    </p>
   </div>
   <div class='ocr_carea' id='block_1_31' title="bbox 168 2978 1732 3054">
    <p class='ocr_par' dir='ltr' id='par_1_31' title="bbox 168 2978 1732 3054">
     <span class='ocr_line' id='line_1_31' title="bbox 168 2978 1732 3054; baseline -0.005 -17"><span class='ocrx_word' id='word_1_238' title='bbox 168 2985 270 3054; x_wconf 75' lang='grc' dir='ltr'><strong>νὴν</strong></span> <span class='ocrx_word' id='word_1_239' title='bbox 314 2985 422 3052; x_wconf 83' lang='grc' dir='ltr'><strong>γῆν</strong></span> <span class='ocrx_word' id='word_1_240' title='bbox 451 2982 545 3036; x_wconf 82' lang='grc' dir='ltr'><strong>ἐὰν</strong></span> <span class='ocrx_word' id='word_1_241' title='bbox 582 2983 801 3050; x_wconf 79' lang='grc' dir='ltr'><strong>ποιήσῃ,</strong></span> <span class='ocrx_word' id='word_1_242' title='bbox 836 2980 934 3048; x_wconf 80' lang='grc' dir='ltr'><strong>οὐχ</strong></span> <span class='ocrx_word' id='word_1_243' title='bbox 963 2979 1203 3047; x_wconf 78' lang='grc' dir='ltr'>εὑρίσκει</span> <span class='ocrx_word' id='word_1_244' title='bbox 1231 2978 1535 3030; x_wconf 73' lang='grc' dir='ltr'><strong>ἀνάπαυσιν</strong></span> <span class='ocrx_word' id='word_1_245' title='bbox 1565 2999 1576 3010; x_wconf 87' lang='grc'><strong>·</strong></span> <span class='ocrx_word' id='word_1_246' title='bbox 1597 2978 1732 3046; x_wconf 77' lang='grc' dir='ltr'><strong>ἀμέ-</strong></span> 
     </span>
    </p>
   </div>
   <div class='ocr_carea' id='block_1_32' title="bbox 167 3067 1732 3141">
    <p class='ocr_par' dir='ltr' id='par_1_32' title="bbox 167 3067 1732 3141">
     <span class='ocr_line' id='line_1_32' title="bbox 167 3067 1732 3141; baseline -0.006 -14"><span class='ocrx_word' id='word_1_247' title='bbox 167 3075 272 3139; x_wconf 90' lang='grc' dir='ltr'><strong>λει,</strong></span> <span class='ocrx_word' id='word_1_248' title='bbox 319 3073 450 3126; x_wconf 76' lang='grc' dir='ltr'><strong>ποτε</strong></span> <span class='ocrx_word' id='word_1_249' title='bbox 481 3072 580 3141; x_wconf 85' lang='grc' dir='ltr'><strong>μὲν</strong></span> <span class='ocrx_word' id='word_1_250' title='bbox 631 3071 872 3141; x_wconf 80' lang='grc' dir='ltr'>εὑρίσκει</span> <span class='ocrx_word' id='word_1_251' title='bbox 935 3086 1020 3130; x_wconf 84' lang='grc' dir='ltr'><strong>τις</strong></span> <span class='ocrx_word' id='word_1_252' title='bbox 1076 3068 1380 3120; x_wconf 80' lang='grc' dir='ltr'>ἀνάπαυσιν</span> <span class='ocrx_word' id='word_1_253' title='bbox 1439 3067 1533 3120; x_wconf 73' lang='grc' dir='ltr'><strong>καὶ</strong></span> <span class='ocrx_word' id='word_1_254' title='bbox 1594 3067 1732 3136; x_wconf 84' lang='grc' dir='ltr'><strong>ὑπὲρ</strong></span> 
     </span>
    </p>
   </div>
   <div class='ocr_carea' id='block_1_33' title="bbox 1807 650 3382 726">
    <p class='ocr_par' dir='ltr' id='par_1_33' title="bbox 1807 650 3382 726">
     <span class='ocr_line' id='line_1_33' title="bbox 1807 650 3382 726; baseline -0.004 -16"><span class='ocrx_word' id='word_1_255' title='bbox 1807 657 1992 726; x_wconf 87' lang='lat' dir='ltr'><strong>magis</strong></span> <span class='ocrx_word' id='word_1_256' title='bbox 2016 670 2128 725; x_wconf 93' lang='lat' dir='ltr'><strong>quo</strong></span> <span class='ocrx_word' id='word_1_257' title='bbox 2158 653 2292 708; x_wconf 82' lang='lat' dir='ltr'><strong>nihil</strong></span> <span class='ocrx_word' id='word_1_258' title='bbox 2322 651 2478 708; x_wconf 83' lang='lat' dir='ltr'><strong>nobis</strong></span> <span class='ocrx_word' id='word_1_259' title='bbox 2508 651 2715 719; x_wconf 84' lang='lat' dir='ltr'><strong>absque</strong></span> <span class='ocrx_word' id='word_1_260' title='bbox 2761 650 2948 704; x_wconf 91' lang='lat' dir='ltr'><strong>divino</strong></span> <span class='ocrx_word' id='word_1_261' title='bbox 2979 659 3112 704; x_wconf 90' lang='lat' dir='ltr'><strong>nutu</strong></span> <span class='ocrx_word' id='word_1_262' title='bbox 3157 659 3209 703; x_wconf 83' lang='lat' dir='ltr'><strong>et</strong></span> <span class='ocrx_word' id='word_1_263' title='bbox 3255 666 3382 720; x_wconf 87' lang='lat' dir='ltr'><strong>pro-</strong></span> 
     </span>
    </p>
   </div>
   <div class='ocr_carea' id='block_1_34' title="bbox 1806 746 2282 802">
    <p class='ocr_par' dir='ltr' id='par_1_34' title="bbox 1806 746 2282 802">
     <span class='ocr_line' id='line_1_34' title="bbox 1806 746 2282 802; baseline -0.004 -1"><span class='ocrx_word' id='word_1_264' title='bbox 1806 747 2047 802; x_wconf 90' lang='lat' dir='ltr'><strong>videntia</strong></span> <span class='ocrx_word' id='word_1_265' title='bbox 2079 746 2282 800; x_wconf 91' lang='lat' dir='ltr'><strong>evenit.</strong></span> 
     </span>
    </p>
   </div>
   <div class='ocr_carea' id='block_1_35' title="bbox 1879 829 3380 900">
    <p class='ocr_par' dir='ltr' id='par_1_35' title="bbox 1879 829 3380 900">
     <span class='ocr_line' id='line_1_35' title="bbox 1879 829 3380 900; baseline -0.003 -12"><span class='ocrx_word' id='word_1_266' title='bbox 1879 835 1970 889; x_wconf 84' lang='lat' dir='ltr'><strong>IV.</strong></span> <span class='ocrx_word' id='word_1_267' title='bbox 2012 837 2081 890; x_wconf 84' lang='lat' dir='ltr'><strong>At</strong></span> <span class='ocrx_word' id='word_1_268' title='bbox 2110 836 2252 890; x_wconf 91' lang='lat' dir='ltr'><strong>dicet</strong></span> <span class='ocrx_word' id='word_1_269' title='bbox 2281 833 2513 888; x_wconf 86' lang='lat' dir='ltr'><strong>fortasse</strong></span> <span class='ocrx_word' id='word_1_270' title='bbox 2541 830 2779 900; x_wconf 78' lang='lat' dir='ltr'><strong>aliquis:</strong></span> <span class='ocrx_word' id='word_1_271' title='bbox 2825 847 2844 880; x_wconf 75' lang='grc' dir='ltr'><strong>ι</strong></span> <span class='ocrx_word' id='word_1_272' title='bbox 2874 829 2992 895; x_wconf 83' lang='lat' dir='ltr'><strong>Quo</strong></span> <span class='ocrx_word' id='word_1_273' title='bbox 3035 840 3199 899; x_wconf 83' lang='lat' dir='ltr'><strong>pacto</strong></span> <span class='ocrx_word' id='word_1_274' title='bbox 3249 845 3380 900; x_wconf 86' lang='lat' dir='ltr'><strong>pos-</strong></span> 
     </span>
    </p>
   </div>
   <div class='ocr_carea' id='block_1_36' title="bbox 1809 922 3383 992">
    <p class='ocr_par' dir='ltr' id='par_1_36' title="bbox 1809 922 3383 992">
     <span class='ocr_line' id='line_1_36' title="bbox 1809 922 3383 992; baseline -0.003 -11"><span class='ocrx_word' id='word_1_275' title='bbox 1809 941 1930 982; x_wconf 88' lang='lat' dir='ltr'><strong>sum</strong></span> <span class='ocrx_word' id='word_1_276' title='bbox 1963 941 2072 980; x_wconf 92' lang='lat' dir='ltr'><strong>non</strong></span> <span class='ocrx_word' id='word_1_277' title='bbox 2104 925 2334 991; x_wconf 89' lang='lat' dir='ltr'><strong>turbari,</strong></span> <span class='ocrx_word' id='word_1_278' title='bbox 2372 939 2499 979; x_wconf 90' lang='lat' dir='ltr'><strong>cum</strong></span> <span class='ocrx_word' id='word_1_279' title='bbox 2539 922 2673 977; x_wconf 90' lang='lat' dir='ltr'><strong>mibi</strong></span> <span class='ocrx_word' id='word_1_280' title='bbox 2723 935 2784 976; x_wconf 88' lang='lat' dir='ltr'><strong>re</strong></span> <span class='ocrx_word' id='word_1_281' title='bbox 2826 922 3077 992; x_wconf 88' lang='lat' dir='ltr'><strong>quapiam</strong></span> <span class='ocrx_word' id='word_1_282' title='bbox 3124 937 3261 991; x_wconf 80' lang='lat' dir='ltr'><strong>Opus</strong></span> <span class='ocrx_word' id='word_1_283' title='bbox 3297 933 3383 976; x_wconf 81' lang='lat' dir='ltr'><strong>est</strong></span> 
     </span>
    </p>
   </div>
   <div class='ocr_carea' id='block_1_37' title="bbox 1811 1008 3382 1082">
    <p class='ocr_par' dir='ltr' id='par_1_37' title="bbox 1811 1008 3382 1082">
     <span class='ocr_line' id='line_1_37' title="bbox 1811 1008 3382 1082; baseline -0.003 -11"><span class='ocrx_word' id='word_1_284' title='bbox 1811 1008 2144 1079; x_wconf 86' lang='lat' dir='ltr'><strong>necessario,</strong></span> <span class='ocrx_word' id='word_1_285' title='bbox 2188 1032 2289 1072; x_wconf 89' lang='lat' dir='ltr'><strong>nec</strong></span> <span class='ocrx_word' id='word_1_286' title='bbox 2328 1030 2448 1071; x_wconf 89' lang='lat' dir='ltr'><strong>eam</strong></span> <span class='ocrx_word' id='word_1_287' title='bbox 2477 1013 2732 1082; x_wconf 82' lang='lat' dir='ltr'><strong>accipio?</strong></span> <span class='ocrx_word' id='word_1_288' title='bbox 2771 1030 2790 1062; x_wconf 77' lang='grc' dir='ltr'><strong>ι</strong></span> <span class='ocrx_word' id='word_1_289' title='bbox 2848 1014 2918 1066; x_wconf 81' lang='lat' dir='ltr'><strong>At</strong></span> <span class='ocrx_word' id='word_1_290' title='bbox 2956 1028 3128 1078; x_wconf 82' lang='lat' dir='ltr'><strong>neque</strong></span> <span class='ocrx_word' id='word_1_291' title='bbox 3167 1029 3229 1065; x_wconf 84' lang='lat' dir='ltr'><strong>ex</strong></span> <span class='ocrx_word' id='word_1_292' title='bbox 3278 1013 3382 1066; x_wconf 88' lang='lat' dir='ltr'><strong>hoc</strong></span> 
     </span>
    </p>
   </div>
   <div class='ocr_carea' id='block_1_38' title="bbox 1811 1101 3377 1178">
    <p class='ocr_par' dir='ltr' id='par_1_38' title="bbox 1811 1101 3377 1178">
     <span class='ocr_line' id='line_1_38' title="bbox 1811 1101 3377 1178; baseline -0.004 -18"><span class='ocrx_word' id='word_1_293' title='bbox 1811 1119 1967 1177; x_wconf 87' lang='lat' dir='ltr'><strong>potes</strong></span> <span class='ocrx_word' id='word_1_294' title='bbox 1996 1121 2326 1178; x_wconf 85' lang='lat' dir='ltr'><strong>quemquam</strong></span> <span class='ocrx_word' id='word_1_295' title='bbox 2361 1119 2619 1161; x_wconf 84' lang='lat' dir='ltr'><strong>accusare</strong></span> <span class='ocrx_word' id='word_1_296' title='bbox 2646 1104 2727 1157; x_wconf 86' lang='lat' dir='ltr'><strong>vel</strong></span> <span class='ocrx_word' id='word_1_297' title='bbox 2757 1101 2969 1156; x_wconf 88' lang='lat' dir='ltr'><strong>turbari</strong></span> <span class='ocrx_word' id='word_1_298' title='bbox 2996 1118 3118 1155; x_wconf 92' lang='lat' dir='ltr'><strong>eum</strong></span> <span class='ocrx_word' id='word_1_299' title='bbox 3151 1104 3377 1156; x_wconf 91' lang='lat' dir='ltr'><strong>ratione.</strong></span> 
     </span>
    </p>
   </div>
   <div class='ocr_carea' id='block_1_39' title="bbox 1811 1195 3382 1266">
    <p class='ocr_par' dir='ltr' id='par_1_39' title="bbox 1811 1195 3382 1266">
     <span class='ocr_line' id='line_1_39' title="bbox 1811 1195 3382 1266; baseline -0.004 -15"><span class='ocrx_word' id='word_1_300' title='bbox 1811 1198 1946 1252; x_wconf 83' lang='lat' dir='ltr'><strong>Nam</strong></span> <span class='ocrx_word' id='word_1_301' title='bbox 1979 1199 2294 1266; x_wconf 86' lang='lat' dir='ltr'><strong>quicunque</strong></span> <span class='ocrx_word' id='word_1_302' title='bbox 2326 1212 2383 1250; x_wconf 92' lang='lat' dir='ltr'><strong>re</strong></span> <span class='ocrx_word' id='word_1_303' title='bbox 2410 1197 2518 1250; x_wconf 91' lang='lat' dir='ltr'><strong>ulla</strong></span> <span class='ocrx_word' id='word_1_304' title='bbox 2551 1210 2688 1264; x_wconf 88' lang='lat' dir='ltr'><strong>opus</strong></span> <span class='ocrx_word' id='word_1_305' title='bbox 2721 1195 2900 1258; x_wconf 88' lang='lat' dir='ltr'><strong>habet,</strong></span> <span class='ocrx_word' id='word_1_306' title='bbox 2943 1209 3042 1247; x_wconf 85' lang='lat' dir='ltr'><strong>nee</strong></span> <span class='ocrx_word' id='word_1_307' title='bbox 3085 1209 3203 1247; x_wconf 85' lang='lat' dir='ltr'><strong>eam</strong></span> <span class='ocrx_word' id='word_1_308' title='bbox 3242 1195 3382 1246; x_wconf 87' lang='lat' dir='ltr'><strong>acci-</strong></span> 
     </span>
    </p>
   </div>
   <div class='ocr_carea' id='block_1_40' title="bbox 1813 1280 3382 1355">
    <p class='ocr_par' dir='ltr' id='par_1_40' title="bbox 1813 1280 3382 1355">
     <span class='ocr_line' id='line_1_40' title="bbox 1813 1280 3382 1355; baseline -0.004 -17"><span class='ocrx_word' id='word_1_309' title='bbox 1813 1288 1909 1355; x_wconf 81' lang='lat' dir='ltr'><strong>pit,</strong></span> <span class='ocrx_word' id='word_1_310' title='bbox 1941 1287 2099 1339; x_wconf 88' lang='lat' dir='ltr'><strong>debet</strong></span> <span class='ocrx_word' id='word_1_311' title='bbox 2129 1286 2180 1337; x_wconf 91' lang='lat' dir='ltr'><strong>iu</strong></span> <span class='ocrx_word' id='word_1_312' title='bbox 2216 1286 2395 1353; x_wconf 85' lang='lat' dir='ltr'><strong>sei-pse</strong></span> <span class='ocrx_word' id='word_1_313' title='bbox 2416 1285 2597 1337; x_wconf 85' lang='lat' dir='ltr'><strong>dicere</strong></span> <span class='ocrx_word' id='word_1_314' title='bbox 2634 1299 2647 1333; x_wconf 92' lang='lat'><strong>:</strong></span> <span class='ocrx_word' id='word_1_315' title='bbox 2684 1300 2703 1333; x_wconf 77' lang='grc' dir='ltr'><strong>ι</strong></span> <span class='ocrx_word' id='word_1_316' title='bbox 2733 1280 2889 1335; x_wconf 86' lang='lat' dir='ltr'><strong>Novit</strong></span> <span class='ocrx_word' id='word_1_317' title='bbox 2916 1282 3168 1334; x_wconf 81' lang='lat' dir='ltr'><strong>Christus</strong></span> <span class='ocrx_word' id='word_1_318' title='bbox 3201 1281 3382 1334; x_wconf 87' lang='lat' dir='ltr'><strong>Domi-</strong></span> 
     </span>
    </p>
   </div>
   <div class='ocr_carea' id='block_1_41' title="bbox 1814 1371 3381 1445">
    <p class='ocr_par' dir='ltr' id='par_1_41' title="bbox 1814 1371 3381 1445">
     <span class='ocr_line' id='line_1_41' title="bbox 1814 1371 3381 1445; baseline -0.004 -17"><span class='ocrx_word' id='word_1_319' title='bbox 1814 1392 1915 1429; x_wconf 86' lang='lat' dir='ltr'><strong>nus</strong></span> <span class='ocrx_word' id='word_1_320' title='bbox 1941 1376 2067 1443; x_wconf 88' lang='lat' dir='ltr'><strong>quid</strong></span> <span class='ocrx_word' id='word_1_321' title='bbox 2096 1374 2259 1445; x_wconf 61' lang='lat'><strong>409</strong></span> <span class='ocrx_word' id='word_1_322' title='bbox 2287 1374 2419 1427; x_wconf 86' lang='lat' dir='ltr'><strong>mihi</strong></span> <span class='ocrx_word' id='word_1_323' title='bbox 2446 1388 2584 1442; x_wconf 83' lang='lat' dir='ltr'><strong>opus</strong></span> <span class='ocrx_word' id='word_1_324' title='bbox 2611 1373 2721 1426; x_wconf 86' lang='lat' dir='ltr'><strong>sit:</strong></span> <span class='ocrx_word' id='word_1_325' title='bbox 2767 1373 2862 1425; x_wconf 84' lang='lat' dir='ltr'><strong>fiat</strong></span> <span class='ocrx_word' id='word_1_326' title='bbox 2902 1372 3065 1439; x_wconf 84' lang='lat' dir='ltr'><strong>igitur</strong></span> <span class='ocrx_word' id='word_1_327' title='bbox 3109 1373 3221 1438; x_wconf 89' lang='lat' dir='ltr'><strong>ipse</strong></span> <span class='ocrx_word' id='word_1_328' title='bbox 3252 1371 3381 1423; x_wconf 89' lang='lat' dir='ltr'><strong>mihi</strong></span> 
     </span>
    </p>
   </div>
   <div class='ocr_carea' id='block_1_42' title="bbox 1815 1461 3385 1534">
    <p class='ocr_par' dir='ltr' id='par_1_42' title="bbox 1815 1461 3385 1534">
     <span class='ocr_line' id='line_1_42' title="bbox 1815 1461 3385 1534; baseline -0.003 -15"><span class='ocrx_word' id='word_1_329' title='bbox 1815 1467 2041 1534; x_wconf 81' lang='lat' dir='ltr'><strong>hujusce</strong></span> <span class='ocrx_word' id='word_1_330' title='bbox 2082 1470 2153 1518; x_wconf 87' lang='lat' dir='ltr'><strong>rei</strong></span> <span class='ocrx_word' id='word_1_331' title='bbox 2187 1466 2266 1516; x_wconf 81' lang='lat' dir='ltr'><strong>vel</strong></span> <span class='ocrx_word' id='word_1_332' title='bbox 2301 1465 2461 1532; x_wconf 85' lang='lat' dir='ltr'><strong>hujus</strong></span> <span class='ocrx_word' id='word_1_333' title='bbox 2490 1465 2596 1518; x_wconf 91' lang='lat' dir='ltr'><strong>cibi</strong></span> <span class='ocrx_word' id='word_1_334' title='bbox 2635 1466 2776 1519; x_wconf 90' lang='lat' dir='ltr'><strong>loco.</strong></span> <span class='ocrx_word' id='word_1_335' title='bbox 2809 1480 2828 1512; x_wconf 71' lang='grc' dir='ltr'><strong>ι</strong></span> <span class='ocrx_word' id='word_1_336' title='bbox 2875 1461 2995 1515; x_wconf 77' lang='lat' dir='ltr'><strong>Filii</strong></span> <span class='ocrx_word' id='word_1_337' title='bbox 3034 1464 3177 1514; x_wconf 86' lang='lat' dir='ltr'><strong>enim</strong></span> <span class='ocrx_word' id='word_1_338' title='bbox 3222 1462 3385 1516; x_wconf 75' lang='lat' dir='ltr'><strong>Israel</strong></span> 
     </span>
    </p>
   </div>
   <div class='ocr_carea' id='block_1_43' title="bbox 1813 1554 3384 1620">
    <p class='ocr_par' dir='ltr' id='par_1_43' title="bbox 1813 1554 3384 1620">
     <span class='ocr_line' id='line_1_43' title="bbox 1813 1554 3384 1620; baseline -0.003 -10"><span class='ocrx_word' id='word_1_339' title='bbox 1813 1559 2281 1610; x_wconf 84' lang='lat' dir='ltr'><strong>manducavcrunt</strong></span> <span class='ocrx_word' id='word_1_340' title='bbox 2316 1570 2514 1608; x_wconf 86' lang='lat' dir='ltr'><strong>manna</strong></span> <span class='ocrx_word' id='word_1_341' title='bbox 2564 1554 2615 1606; x_wconf 89' lang='lat' dir='ltr'><strong>in</strong></span> <span class='ocrx_word' id='word_1_342' title='bbox 2665 1554 2882 1607; x_wconf 86' lang='lat' dir='ltr'><strong>deserto</strong></span> <span class='ocrx_word' id='word_1_343' title='bbox 2928 1567 3101 1606; x_wconf 88' lang='lat' dir='ltr'><strong>anuos</strong></span> <span class='ocrx_word' id='word_1_344' title='bbox 3150 1554 3384 1620; x_wconf 84' lang='lat' dir='ltr'><strong>quadra-</strong></span> 
     </span>
    </p>
   </div>
   <div class='ocr_carea' id='block_1_44' title="bbox 1816 1641 3474 1716">
    <p class='ocr_par' dir='ltr' id='par_1_44' title="bbox 1816 1641 3474 1716">
     <span class='ocr_line' id='line_1_44' title="bbox 1816 1641 3474 1716; baseline -0.002 -17"><span class='ocrx_word' id='word_1_345' title='bbox 1816 1649 1982 1716; x_wconf 86' lang='lat' dir='ltr'><strong>ginta.</strong></span> <span class='ocrx_word' id='word_1_346' title='bbox 2031 1647 2262 1715; x_wconf 82' lang='lat' dir='ltr'><strong>Fuitque</strong></span> <span class='ocrx_word' id='word_1_347' title='bbox 2313 1647 2520 1714; x_wconf 84' lang='lat' dir='ltr'><strong>species</strong></span> <span class='ocrx_word' id='word_1_348' title='bbox 2569 1645 2725 1698; x_wconf 80' lang='lat' dir='ltr'><strong>unica</strong></span> <span class='ocrx_word' id='word_1_349' title='bbox 2781 1657 2994 1696; x_wconf 76' lang='lat' dir='ltr'><strong>manna:</strong></span> <span class='ocrx_word' id='word_1_350' title='bbox 3033 1659 3047 1693; x_wconf 93' lang='lat'><strong>:</strong></span> <span class='ocrx_word' id='word_1_351' title='bbox 3091 1641 3384 1710; x_wconf 83' lang='lat' dir='ltr'><strong>unicuique</strong></span> <span class='ocrx_word' id='word_1_352' title='bbox 3470 1660 3474 1664; x_wconf 71' lang='lat'>‘</span> 
     </span>
    </p>
   </div>
   <div class='ocr_carea' id='block_1_45' title="bbox 1817 1720 3383 1803">
    <p class='ocr_par' dir='ltr' id='par_1_45' title="bbox 1817 1720 3383 1803">
     <span class='ocr_line' id='line_1_45' title="bbox 1817 1720 3383 1803; baseline -0.002 -13"><span class='ocrx_word' id='word_1_353' title='bbox 1817 1738 2018 1791; x_wconf 85' lang='lat' dir='ltr'><strong>factum</strong></span> <span class='ocrx_word' id='word_1_354' title='bbox 2046 1746 2148 1799; x_wconf 90' lang='lat' dir='ltr'><strong>est,</strong></span> <span class='ocrx_word' id='word_1_355' title='bbox 2183 1745 2240 1790; x_wconf 93' lang='lat' dir='ltr'><strong>ut</strong></span> <span class='ocrx_word' id='word_1_356' title='bbox 2271 1720 2402 1789; x_wconf 77' lang='lat' dir='ltr'><strong>illud</strong></span> <span class='ocrx_word' id='word_1_357' title='bbox 2428 1735 2606 1803; x_wconf 78' lang='lat' dir='ltr'><strong>quivis</strong></span> <span class='ocrx_word' id='word_1_358' title='bbox 2633 1732 2858 1802; x_wconf 86' lang='lat' dir='ltr'><strong>optabat</strong></span> <span class='ocrx_word' id='word_1_359' title='bbox 2883 1741 2938 1786; x_wconf 88' lang='lat' dir='ltr'><strong>et</strong></span> <span class='ocrx_word' id='word_1_360' title='bbox 2965 1747 3102 1801; x_wconf 89' lang='lat' dir='ltr'><strong>opus</strong></span> <span class='ocrx_word' id='word_1_361' title='bbox 3130 1734 3383 1787; x_wconf 80' lang='lat' dir='ltr'><strong>habebat.</strong></span> 
     </span>
    </p>
   </div>
   <div class='ocr_carea' id='block_1_46' title="bbox 1819 1827 3386 1895">
    <p class='ocr_par' dir='ltr' id='par_1_46' title="bbox 1819 1827 3386 1895">
     <span class='ocr_line' id='line_1_46' title="bbox 1819 1827 3386 1895; baseline -0.002 -13"><span class='ocrx_word' id='word_1_362' title='bbox 1819 1829 1952 1882; x_wconf 84' lang='lat' dir='ltr'><strong>Nam</strong></span> <span class='ocrx_word' id='word_1_363' title='bbox 1985 1829 2074 1884; x_wconf 91' lang='lat' dir='ltr'><strong>cui</strong></span> <span class='ocrx_word' id='word_1_364' title='bbox 2106 1828 2359 1882; x_wconf 86' lang='lat' dir='ltr'><strong>aercdine</strong></span> <span class='ocrx_word' id='word_1_365' title='bbox 2386 1836 2440 1881; x_wconf 90' lang='lat' dir='ltr'><strong>et</strong></span> <span class='ocrx_word' id='word_1_366' title='bbox 2469 1827 2738 1882; x_wconf 81' lang='lat' dir='ltr'><strong>salsedine</strong></span> <span class='ocrx_word' id='word_1_367' title='bbox 2769 1840 2909 1895; x_wconf 86' lang='lat' dir='ltr'><strong>opus</strong></span> <span class='ocrx_word' id='word_1_368' title='bbox 2954 1835 3089 1889; x_wconf 89' lang='lat' dir='ltr'><strong>erat,</strong></span> <span class='ocrx_word' id='word_1_369' title='bbox 3140 1841 3386 1879; x_wconf 86' lang='lat' dir='ltr'><strong>amarum</strong></span> 
     </span>
    </p>
   </div>
   <div class='ocr_carea' id='block_1_47' title="bbox 1819 1916 3388 1995">
    <p class='ocr_par' dir='ltr' id='par_1_47' title="bbox 1819 1916 3388 1995">
     <span class='ocr_line' id='line_1_47' title="bbox 1819 1916 3388 1995; baseline -0.003 -21"><span class='ocrx_word' id='word_1_370' title='bbox 1819 1930 1873 1974; x_wconf 92' lang='lat' dir='ltr'><strong>et</strong></span> <span class='ocrx_word' id='word_1_371' title='bbox 1915 1919 2117 1973; x_wconf 90' lang='lat' dir='ltr'><strong>salsum</strong></span> <span class='ocrx_word' id='word_1_372' title='bbox 2154 1917 2354 1971; x_wconf 90' lang='lat' dir='ltr'><strong>factum</strong></span> <span class='ocrx_word' id='word_1_373' title='bbox 2375 1926 2514 1995; x_wconf 47' lang='lat' dir='ltr'><strong>.est;</strong></span> <span class='ocrx_word' id='word_1_374' title='bbox 2555 1917 2642 1970; x_wconf 86' lang='lat' dir='ltr'><strong>cui</strong></span> <span class='ocrx_word' id='word_1_375' title='bbox 2672 1916 2975 1979; x_wconf 84' lang='lat' dir='ltr'><strong>dulcedine,</strong></span> <span class='ocrx_word' id='word_1_376' title='bbox 3018 1916 3211 1979; x_wconf 84' lang='lat' dir='ltr'><strong>dulce;</strong></span> <span class='ocrx_word' id='word_1_377' title='bbox 3258 1932 3388 1970; x_wconf 90' lang='lat' dir='ltr'><strong>con-</strong></span> 
     </span>
    </p>
   </div>
   <div class='ocr_carea' id='block_1_48' title="bbox 1819 2001 3387 2075">
    <p class='ocr_par' dir='ltr' id='par_1_48' title="bbox 1819 2001 3387 2075">
     <span class='ocr_line' id='line_1_48' title="bbox 1819 2001 3387 2075; baseline -0.004 -14"><span class='ocrx_word' id='word_1_378' title='bbox 1819 2011 2043 2063; x_wconf 82' lang='lat' dir='ltr'><strong>veniens</strong></span> <span class='ocrx_word' id='word_1_379' title='bbox 2083 2007 2146 2061; x_wconf 89' lang='lat' dir='ltr'><strong>ad</strong></span> <span class='ocrx_word' id='word_1_380' title='bbox 2177 2005 2474 2075; x_wconf 82' lang='lat' dir='ltr'><strong>quamlibet</strong></span> <span class='ocrx_word' id='word_1_381' title='bbox 2502 2003 2917 2058; x_wconf 88' lang='lat' dir='ltr'><strong>comestionem.</strong></span> <span class='ocrx_word' id='word_1_382' title='bbox 2951 2001 3044 2057; x_wconf 83' lang='lat' dir='ltr'><strong>Sic</strong></span> <span class='ocrx_word' id='word_1_383' title='bbox 3073 2003 3235 2072; x_wconf 80' lang='lat' dir='ltr'><strong>igitur</strong></span> <span class='ocrx_word' id='word_1_384' title='bbox 3266 2018 3387 2056; x_wconf 91' lang='lat' dir='ltr'><strong>cum</strong></span> 
     </span>
    </p>
   </div>
   <div class='ocr_carea' id='block_1_49' title="bbox 1823 2094 3388 2166">
    <p class='ocr_par' dir='ltr' id='par_1_49' title="bbox 1823 2094 3388 2166">
     <span class='ocr_line' id='line_1_49' title="bbox 1823 2094 3388 2166; baseline -0.005 -13"><span class='ocrx_word' id='word_1_385' title='bbox 1823 2100 1984 2153; x_wconf 89' lang='lat' dir='ltr'><strong>alicui</strong></span> <span class='ocrx_word' id='word_1_386' title='bbox 2019 2113 2156 2166; x_wconf 82' lang='lat' dir='ltr'><strong>Opus</strong></span> <span class='ocrx_word' id='word_1_387' title='bbox 2185 2096 2350 2150; x_wconf 89' lang='lat' dir='ltr'><strong>fuerit</strong></span> <span class='ocrx_word' id='word_1_388' title='bbox 2375 2109 2498 2160; x_wconf 91' lang='lat' dir='ltr'><strong>ovo,</strong></span> <span class='ocrx_word' id='word_1_389' title='bbox 2542 2095 2812 2162; x_wconf 85' lang='lat' dir='ltr'><strong>acceperit</strong></span> <span class='ocrx_word' id='word_1_390' title='bbox 2859 2102 3068 2147; x_wconf 87' lang='lat' dir='ltr'><strong>tantum</strong></span> <span class='ocrx_word' id='word_1_391' title='bbox 3121 2094 3388 2154; x_wconf 87' lang='lat' dir='ltr'><strong>oluscula,</strong></span> 
     </span>
    </p>
   </div>
   <div class='ocr_carea' id='block_1_50' title="bbox 1824 2183 3390 2256">
    <p class='ocr_par' dir='ltr' id='par_1_50' title="bbox 1824 2183 3390 2256">
     <span class='ocr_line' id='line_1_50' title="bbox 1824 2183 3390 2256; baseline -0.004 -14"><span class='ocrx_word' id='word_1_392' title='bbox 1824 2191 1973 2243; x_wconf 82' lang='lat' dir='ltr'><strong>dicat</strong></span> <span class='ocrx_word' id='word_1_393' title='bbox 2005 2189 2106 2242; x_wconf 86' lang='lat' dir='ltr'><strong>sibi</strong></span> <span class='ocrx_word' id='word_1_394' title='bbox 2157 2187 2305 2256; x_wconf 85' lang='lat' dir='ltr'><strong>ipsi:</strong></span> <span class='ocrx_word' id='word_1_395' title='bbox 2349 2204 2367 2235; x_wconf 80' lang='grc' dir='ltr'><strong>ι</strong></span> <span class='ocrx_word' id='word_1_396' title='bbox 2401 2185 2460 2237; x_wconf 88' lang='lat' dir='ltr'><strong>Si</strong></span> <span class='ocrx_word' id='word_1_397' title='bbox 2509 2185 2638 2238; x_wconf 89' lang='lat' dir='ltr'><strong>mihi</strong></span> <span class='ocrx_word' id='word_1_398' title='bbox 2684 2199 2845 2237; x_wconf 91' lang='lat' dir='ltr'><strong>ovum</strong></span> <span class='ocrx_word' id='word_1_399' title='bbox 2893 2183 3208 2252; x_wconf 73' lang='lat' dir='ltr'><strong>expedierit,</strong></span> <span class='ocrx_word' id='word_1_400' title='bbox 3261 2183 3390 2236; x_wconf 84' lang='lat' dir='ltr'><strong>illud</strong></span> 
     </span>
    </p>
   </div>
   <div class='ocr_carea' id='block_1_51' title="bbox 1825 2269 3392 2347">
    <p class='ocr_par' dir='ltr' id='par_1_51' title="bbox 1825 2269 3392 2347">
     <span class='ocr_line' id='line_1_51' title="bbox 1825 2269 3392 2347; baseline -0.008 -15"><span class='ocrx_word' id='word_1_401' title='bbox 1825 2287 2014 2347; x_wconf 86' lang='lat' dir='ltr'><strong>potens</strong></span> <span class='ocrx_word' id='word_1_402' title='bbox 2059 2284 2145 2330; x_wconf 89' lang='lat' dir='ltr'><strong>est</strong></span> <span class='ocrx_word' id='word_1_403' title='bbox 2198 2273 2461 2327; x_wconf 87' lang='lat' dir='ltr'><strong>Dominus</strong></span> <span class='ocrx_word' id='word_1_404' title='bbox 2512 2272 2748 2337; x_wconf 73' lang='lat' dir='ltr'><strong>mittere,</strong></span> <span class='ocrx_word' id='word_1_405' title='bbox 2795 2270 2877 2325; x_wconf 92' lang='lat' dir='ltr'><strong>vel</strong></span> <span class='ocrx_word' id='word_1_406' title='bbox 2925 2270 3106 2339; x_wconf 84' lang='lat' dir='ltr'><strong>potius</strong></span> <span class='ocrx_word' id='word_1_407' title='bbox 3147 2269 3292 2322; x_wconf 82' lang='lat' dir='ltr'><strong>olera</strong></span> <span class='ocrx_word' id='word_1_408' title='bbox 3339 2269 3392 2321; x_wconf 90' lang='lat' dir='ltr'><strong>iu</strong></span> 
     </span>
    </p>
   </div>
   <div class='ocr_carea' id='block_1_52' title="bbox 1825 2358 3396 2429">
    <p class='ocr_par' dir='ltr' id='par_1_52' title="bbox 1825 2358 3396 2429">
     <span class='ocr_line' id='line_1_52' title="bbox 1825 2358 3396 2429; baseline -0.004 -11"><span class='ocrx_word' id='word_1_409' title='bbox 1825 2380 1986 2418; x_wconf 90' lang='lat' dir='ltr'><strong>ovum</strong></span> <span class='ocrx_word' id='word_1_410' title='bbox 2026 2370 2372 2425; x_wconf 82' lang='lat' dir='ltr'><strong>convertere;</strong></span> <span class='ocrx_word' id='word_1_411' title='bbox 2427 2379 2446 2412; x_wconf 77' lang='grc' dir='ltr'><strong>ι</strong></span> <span class='ocrx_word' id='word_1_412' title='bbox 2483 2360 2779 2429; x_wconf 84' lang='lat' dir='ltr'><strong>credatque</strong></span> <span class='ocrx_word' id='word_1_413' title='bbox 2823 2358 2952 2423; x_wconf 81' lang='lat' dir='ltr'><strong>Deo,</strong></span> <span class='ocrx_word' id='word_1_414' title='bbox 2988 2360 3246 2426; x_wconf 88' lang='lat' dir='ltr'><strong>quoniam</strong></span> <span class='ocrx_word' id='word_1_415' title='bbox 3293 2359 3396 2411; x_wconf 89' lang='lat' dir='ltr'><strong>hoc</strong></span> 
     </span>
    </p>
   </div>
   <div class='ocr_carea' id='block_1_53' title="bbox 1827 2443 3398 2514">
    <p class='ocr_par' dir='ltr' id='par_1_53' title="bbox 1827 2443 3398 2514">
     <span class='ocr_line' id='line_1_53' title="bbox 1827 2443 3398 2514; baseline -0.007 -8"><span class='ocrx_word' id='word_1_416' title='bbox 1827 2453 1930 2507; x_wconf 84' lang='lat' dir='ltr'><strong>sibi</strong></span> <span class='ocrx_word' id='word_1_417' title='bbox 1959 2450 2049 2504; x_wconf 87' lang='lat' dir='ltr'><strong>fiet</strong></span> <span class='ocrx_word' id='word_1_418' title='bbox 2078 2451 2132 2503; x_wconf 91' lang='lat' dir='ltr'><strong>in</strong></span> <span class='ocrx_word' id='word_1_419' title='bbox 2161 2446 2500 2514; x_wconf 84' lang='lat' dir='ltr'><strong>martyrium.</strong></span> <span class='ocrx_word' id='word_1_420' title='bbox 2530 2443 2588 2498; x_wconf 82' lang='lat' dir='ltr'><strong>Si</strong></span> <span class='ocrx_word' id='word_1_421' title='bbox 2610 2446 2732 2513; x_wconf 85' lang='lat' dir='ltr'><strong>quis</strong></span> <span class='ocrx_word' id='word_1_422' title='bbox 2759 2457 2978 2513; x_wconf 91' lang='lat' dir='ltr'><strong>quoque</strong></span> <span class='ocrx_word' id='word_1_423' title='bbox 2998 2444 3180 2513; x_wconf 87' lang='lat' dir='ltr'><strong>quiete</strong></span> <span class='ocrx_word' id='word_1_424' title='bbox 3201 2444 3398 2511; x_wconf 85' lang='lat' dir='ltr'><strong>dignus</strong></span> 
     </span>
    </p>
   </div>
   <div class='ocr_carea' id='block_1_54' title="bbox 1827 2529 3396 2600">
    <p class='ocr_par' dir='ltr' id='par_1_54' title="bbox 1827 2529 3396 2600">
     <span class='ocr_line' id='line_1_54' title="bbox 1827 2529 3396 2600; baseline -0.007 -6"><span class='ocrx_word' id='word_1_425' title='bbox 1827 2540 1993 2595; x_wconf 91' lang='lat' dir='ltr'><strong>fuerit</strong></span> <span class='ocrx_word' id='word_1_426' title='bbox 2030 2548 2084 2594; x_wconf 89' lang='lat' dir='ltr'><strong>et</strong></span> <span class='ocrx_word' id='word_1_427' title='bbox 2120 2539 2254 2600; x_wconf 88' lang='lat' dir='ltr'><strong>otio,</strong></span> <span class='ocrx_word' id='word_1_428' title='bbox 2287 2541 2470 2591; x_wconf 87' lang='lat' dir='ltr'><strong>certus</strong></span> <span class='ocrx_word' id='word_1_429' title='bbox 2502 2536 2575 2589; x_wconf 88' lang='lat' dir='ltr'><strong>sit</strong></span> <span class='ocrx_word' id='word_1_430' title='bbox 2619 2532 2892 2588; x_wconf 87' lang='lat' dir='ltr'><strong>facturum</strong></span> <span class='ocrx_word' id='word_1_431' title='bbox 2941 2545 3065 2585; x_wconf 88' lang='lat' dir='ltr'><strong>cum</strong></span> <span class='ocrx_word' id='word_1_432' title='bbox 3106 2545 3175 2584; x_wconf 84' lang='lat' dir='ltr'><strong>eo</strong></span> <span class='ocrx_word' id='word_1_433' title='bbox 3226 2529 3396 2584; x_wconf 85' lang='lat' dir='ltr'><strong>Deum</strong></span> 
     </span>
    </p>
   </div>
   <div class='ocr_carea' id='block_1_55' title="bbox 1829 2619 3401 2701">
    <p class='ocr_par' dir='ltr' id='par_1_55' title="bbox 1829 2619 3401 2701">
     <span class='ocr_line' id='line_1_55' title="bbox 1829 2619 3401 2701; baseline -0.007 -17"><span class='ocrx_word' id='word_1_434' title='bbox 1829 2626 2281 2690; x_wconf 85' lang='lat' dir='ltr'><strong>misericordiam,</strong></span> <span class='ocrx_word' id='word_1_435' title='bbox 2317 2632 2478 2701; x_wconf 82' lang='lat' dir='ltr'><strong>prout</strong></span> <span class='ocrx_word' id='word_1_436' title='bbox 2520 2637 2659 2691; x_wconf 81' lang='lat' dir='ltr'><strong>Opus</strong></span> <span class='ocrx_word' id='word_1_437' title='bbox 2701 2620 2886 2676; x_wconf 91' lang='lat' dir='ltr'><strong>fuerit.</strong></span> <span class='ocrx_word' id='word_1_438' title='bbox 2927 2620 3083 2685; x_wconf 86' lang='lat' dir='ltr'><strong>Quod</strong></span> <span class='ocrx_word' id='word_1_439' title='bbox 3132 2619 3178 2674; x_wconf 88' lang='lat' dir='ltr'><strong>si</strong></span> <span class='ocrx_word' id='word_1_440' title='bbox 3220 2619 3401 2687; x_wconf 87' lang='lat' dir='ltr'><strong>quiete</strong></span> 
     </span>
    </p>
   </div>
   <div class='ocr_carea' id='block_1_56' title="bbox 1830 2710 3399 2789">
    <p class='ocr_par' dir='ltr' id='par_1_56' title="bbox 1830 2710 3399 2789">
     <span class='ocr_line' id='line_1_56' title="bbox 1830 2710 3399 2789; baseline -0.01 -12"><span class='ocrx_word' id='word_1_441' title='bbox 1830 2723 2084 2789; x_wconf 83' lang='lat' dir='ltr'><strong>indignus</strong></span> <span class='ocrx_word' id='word_1_442' title='bbox 2111 2717 2292 2783; x_wconf 90' lang='lat' dir='ltr'><strong>fuerit,</strong></span> <span class='ocrx_word' id='word_1_443' title='bbox 2323 2715 2406 2770; x_wconf 85' lang='lat' dir='ltr'><strong>vel</strong></span> <span class='ocrx_word' id='word_1_444' title='bbox 2439 2714 2627 2767; x_wconf 89' lang='lat' dir='ltr'><strong>inutile</strong></span> <span class='ocrx_word' id='word_1_445' title='bbox 2661 2714 2710 2766; x_wconf 90' lang='lat' dir='ltr'><strong>ei</strong></span> <span class='ocrx_word' id='word_1_446' title='bbox 2749 2713 3030 2781; x_wconf 87' lang='lat' dir='ltr'><strong>quiescere</strong></span> <span class='ocrx_word' id='word_1_447' title='bbox 3058 2729 3071 2764; x_wconf 88' lang='lat'>:</span> <span class='ocrx_word' id='word_1_448' title='bbox 3112 2710 3164 2763; x_wconf 83' lang='lat' dir='ltr'><strong>si</strong></span> <span class='ocrx_word' id='word_1_449' title='bbox 3200 2725 3399 2764; x_wconf 85' lang='lat' dir='ltr'><strong>novum</strong></span> 
     </span>
    </p>
   </div>
   <div class='ocr_carea' id='block_1_57' title="bbox 1829 2801 3400 2872">
    <p class='ocr_par' dir='ltr' id='par_1_57' title="bbox 1829 2801 3400 2872">
     <span class='ocr_line' id='line_1_57' title="bbox 1829 2801 3400 2872; baseline -0.01 -6"><span class='ocrx_word' id='word_1_450' title='bbox 1829 2812 2085 2866; x_wconf 81' lang='lat' dir='ltr'><strong>conderet</strong></span> <span class='ocrx_word' id='word_1_451' title='bbox 2113 2808 2330 2872; x_wconf 60' lang='lat' dir='ltr'><strong>caelum,</strong></span> <span class='ocrx_word' id='word_1_452' title='bbox 2363 2819 2557 2860; x_wconf 88' lang='lat' dir='ltr'><strong>novam</strong></span> <span class='ocrx_word' id='word_1_453' title='bbox 2591 2815 2812 2865; x_wconf 86' lang='lat' dir='ltr'><strong>terram,</strong></span> <span class='ocrx_word' id='word_1_454' title='bbox 2845 2801 3082 2871; x_wconf 83' lang='lat' dir='ltr'><strong>requiem</strong></span> <span class='ocrx_word' id='word_1_455' title='bbox 3123 2814 3400 2869; x_wconf 85' lang='lat' dir='ltr'><strong>nunquam</strong></span> 
     </span>
    </p>
   </div>
   <div class='ocr_carea' id='block_1_58' title="bbox 1833 2892 3399 2969">
    <p class='ocr_par' dir='ltr' id='par_1_58' title="bbox 1833 2892 3399 2969">
     <span class='ocr_line' id='line_1_58' title="bbox 1833 2892 3399 2969; baseline -0.01 -12"><span class='ocrx_word' id='word_1_456' title='bbox 1833 2907 2220 2969; x_wconf 85' lang='lat' dir='ltr'><strong>consequetur.</strong></span> <span class='ocrx_word' id='word_1_457' title='bbox 2251 2898 2324 2952; x_wconf 80' lang='lat' dir='ltr'><strong>Ex</strong></span> <span class='ocrx_word' id='word_1_458' title='bbox 2353 2911 2464 2965; x_wconf 93' lang='lat' dir='ltr'><strong>quo</strong></span> <span class='ocrx_word' id='word_1_459' title='bbox 2483 2895 2542 2949; x_wconf 82' lang='lat' dir='ltr'><strong>tit</strong></span> <span class='ocrx_word' id='word_1_460' title='bbox 2567 2904 2627 2948; x_wconf 93' lang='lat' dir='ltr'><strong>ut</strong></span> <span class='ocrx_word' id='word_1_461' title='bbox 2647 2894 2785 2948; x_wconf 89' lang='lat' dir='ltr'><strong>alius</strong></span> <span class='ocrx_word' id='word_1_462' title='bbox 2806 2902 3000 2962; x_wconf 66' lang='lat' dir='ltr'><strong>praeter</strong></span> <span class='ocrx_word' id='word_1_463' title='bbox 3025 2892 3399 2945; x_wconf 83' lang='lat' dir='ltr'><strong>necessitatem</strong></span> 
     </span>
    </p>
   </div>
   <div class='ocr_carea' id='block_1_59' title="bbox 1832 2983 3404 3058">
    <p class='ocr_par' dir='ltr' id='par_1_59' title="bbox 1832 2983 3404 3058">
     <span class='ocr_line' id='line_1_59' title="bbox 1832 2983 3404 3058; baseline -0.008 -12"><span class='ocrx_word' id='word_1_464' title='bbox 1832 3007 1986 3048; x_wconf 89' lang='lat' dir='ltr'><strong>suam</strong></span> <span class='ocrx_word' id='word_1_465' title='bbox 2021 2991 2339 3058; x_wconf 87' lang='lat' dir='ltr'><strong>plerumque</strong></span> <span class='ocrx_word' id='word_1_466' title='bbox 2375 2986 2591 3051; x_wconf 85' lang='lat' dir='ltr'><strong>habeat,</strong></span> <span class='ocrx_word' id='word_1_467' title='bbox 2624 2985 2766 3038; x_wconf 87' lang='lat' dir='ltr'><strong>alius</strong></span> <span class='ocrx_word' id='word_1_468' title='bbox 2795 2983 2978 3036; x_wconf 89' lang='lat' dir='ltr'><strong>multis</strong></span> <span class='ocrx_word' id='word_1_469' title='bbox 3029 2991 3219 3051; x_wconf 87' lang='lat' dir='ltr'><strong>egeat;</strong></span> <span class='ocrx_word' id='word_1_470' title='bbox 3267 2995 3404 3050; x_wconf 88' lang='lat' dir='ltr'><strong>quo-</strong></span> 
     </span>
    </p>
   </div>
   <div class='ocr_carea' id='block_1_60' title="bbox 1833 3069 3402 3150">
    <p class='ocr_par' dir='ltr' id='par_1_60' title="bbox 1833 3069 3402 3150">
     <span class='ocr_line' id='line_1_60' title="bbox 1833 3069 3402 3150; baseline -0.009 -15"><span class='ocrx_word' id='word_1_471' title='bbox 1833 3083 1979 3135; x_wconf 86' lang='lat' dir='ltr'><strong>niam</strong></span> <span class='ocrx_word' id='word_1_472' title='bbox 2011 3079 2154 3134; x_wconf 89' lang='lat' dir='ltr'><strong>Deus</strong></span> <span class='ocrx_word' id='word_1_473' title='bbox 2185 3075 2499 3131; x_wconf 84' lang='lat' dir='ltr'><strong>misericors</strong></span> <span class='ocrx_word' id='word_1_474' title='bbox 2526 3074 2819 3150; x_wconf 87' lang='lat' dir='ltr'><strong>unicuique</strong></span> <span class='ocrx_word' id='word_1_475' title='bbox 2862 3071 3167 3126; x_wconf 80' lang='lat' dir='ltr'><strong>neccssaria</strong></span> <span class='ocrx_word' id='word_1_476' title='bbox 3202 3069 3402 3136; x_wconf 77' lang='lat' dir='ltr'><strong>imper-</strong></span> 
     </span>
    </p>
   </div>
   <div class='ocr_carea' id='block_1_61' title="bbox 167 3157 1738 3254">
    <p class='ocr_par' dir='ltr' id='par_1_61' title="bbox 167 3157 1732 3235">
     <span class='ocr_line' id='line_1_61' title="bbox 167 3157 1732 3235; baseline -0.004 -18"><span class='ocrx_word' id='word_1_477' title='bbox 167 3165 269 3235; x_wconf 79' lang='grc' dir='ltr'><strong>τὴν</strong></span> <span class='ocrx_word' id='word_1_478' title='bbox 294 3164 486 3235; x_wconf 83' lang='grc' dir='ltr'><strong>χρείαν</strong></span> <span class='ocrx_word' id='word_1_479' title='bbox 519 3161 706 3225; x_wconf 79' lang='grc' dir='ltr'><strong>αὑτοῦ,</strong></span> <span class='ocrx_word' id='word_1_480' title='bbox 738 3159 870 3212; x_wconf 74' lang='grc' dir='ltr'><strong>ποτε</strong></span> <span class='ocrx_word' id='word_1_481' title='bbox 898 3159 952 3211; x_wconf 83' lang='grc' dir='ltr'><strong>δὲ</strong></span> <span class='ocrx_word' id='word_1_482' title='bbox 997 3158 1117 3210; x_wconf 80' lang='grc' dir='ltr'><strong>οὐδέ</strong></span> <span class='ocrx_word' id='word_1_483' title='bbox 1173 3157 1269 3226; x_wconf 81' lang='grc' dir='ltr'><strong>τὴν</strong></span> <span class='ocrx_word' id='word_1_484' title='bbox 1319 3157 1503 3228; x_wconf 79' lang='grc' dir='ltr'><strong>χρείαν</strong></span> <span class='ocrx_word' id='word_1_485' title='bbox 1547 3157 1732 3210; x_wconf 80' lang='grc' dir='ltr'><strong>αὑτοῦ.</strong></span> 
     </span>
    </p>
   </div>
   <div class='ocr_carea' id='block_1_62' title="bbox 1835 3157 3402 3254">
    <p class='ocr_par' dir='ltr' id='par_1_62' title="bbox 1836 3160 3402 3235">
     <span class='ocr_line' id='line_1_62' title="bbox 1836 3160 3402 3235; baseline -0.01 -11"><span class='ocrx_word' id='word_1_486' title='bbox 1836 3173 1986 3225; x_wconf 85' lang='lat' dir='ltr'><strong>titur.</strong></span> <span class='ocrx_word' id='word_1_487' title='bbox 2041 3168 2286 3235; x_wconf 86' lang='lat' dir='ltr'><strong>Cumque</strong></span> <span class='ocrx_word' id='word_1_488' title='bbox 2338 3165 2430 3218; x_wconf 88' lang='lat' dir='ltr'><strong>alii</strong></span> <span class='ocrx_word' id='word_1_489' title='bbox 2486 3163 2696 3217; x_wconf 88' lang='lat' dir='ltr'><strong>dederit</strong></span> <span class='ocrx_word' id='word_1_490' title='bbox 2761 3170 2955 3230; x_wconf 71' lang='lat' dir='ltr'><strong>praeter</strong></span> <span class='ocrx_word' id='word_1_491' title='bbox 3001 3160 3402 3224; x_wconf 85' lang='lat' dir='ltr'><strong>necessitatem,</strong></span> 
     </span>
    </p>
   </div>
   <div class='ocr_carea' id='block_1_63' title="bbox 172 3246 1734 3319">
    <p class='ocr_par' dir='ltr' id='par_1_63' title="bbox 172 3246 1734 3319">
     <span class='ocr_line' id='line_1_63' title="bbox 172 3246 1734 3319; baseline -0.008 -10"><span class='ocrx_word' id='word_1_492' title='bbox 172 3254 335 3308; x_wconf 81' lang='grc' dir='ltr'><strong>Ἔστι</strong></span> <span class='ocrx_word' id='word_1_493' title='bbox 368 3253 423 3306; x_wconf 81' lang='grc' dir='ltr'><strong>δέ</strong></span> <span class='ocrx_word' id='word_1_494' title='bbox 463 3254 551 3305; x_wconf 79' lang='grc' dir='ltr'><strong>ὅτε</strong></span> <span class='ocrx_word' id='word_1_495' title='bbox 583 3251 854 3319; x_wconf 71' lang='grc' dir='ltr'><strong>οἰκονομεῖ</strong></span> <span class='ocrx_word' id='word_1_496' title='bbox 875 3264 998 3300; x_wconf 87' lang='grc' dir='ltr'><strong>τινα</strong></span> <span class='ocrx_word' id='word_1_497' title='bbox 1035 3246 1129 3299; x_wconf 57' lang='grc' dir='ltr'><strong>καλ⁹</strong></span> <span class='ocrx_word' id='word_1_498' title='bbox 1170 3247 1312 3317; x_wconf 82' lang='grc' dir='ltr'><strong>ὑπὲρ</strong></span> <span class='ocrx_word' id='word_1_499' title='bbox 1366 3246 1464 3316; x_wconf 82' lang='grc' dir='ltr'><strong>τὴν</strong></span> <span class='ocrx_word' id='word_1_500' title='bbox 1525 3247 1734 3316; x_wconf 78' lang='grc' dir='ltr'><strong>χρείαν,</strong></span> 
     </span>
    </p>
   </div>
   <div class='ocr_carea' id='block_1_64' title="bbox 171 3332 1738 3412">
    <p class='ocr_par' dir='ltr' id='par_1_64' title="bbox 171 3332 1738 3412">
     <span class='ocr_line' id='line_1_64' title="bbox 171 3332 1738 3412; baseline -0.01 -16"><span class='ocrx_word' id='word_1_501' title='bbox 171 3341 366 3412; x_wconf 77' lang='grc' dir='ltr'><strong>ἐπειδὴ</strong></span> <span class='ocrx_word' id='word_1_502' title='bbox 393 3343 422 3395; x_wconf 81' lang='grc' dir='ltr'><strong>δ</strong></span> <span class='ocrx_word' id='word_1_503' title='bbox 472 3339 625 3404; x_wconf 79' lang='grc' dir='ltr'><strong>Θεὸς,</strong></span> <span class='ocrx_word' id='word_1_504' title='bbox 672 3338 748 3397; x_wconf 80' lang='grc' dir='ltr'>ὡς</span> <span class='ocrx_word' id='word_1_505' title='bbox 801 3336 1050 3405; x_wconf 76' lang='grc' dir='ltr'><strong>ἐλεήμων</strong></span> <span class='ocrx_word' id='word_1_506' title='bbox 1108 3334 1325 3403; x_wconf 79' lang='grc' dir='ltr'><strong>ἑκάστῳ</strong></span> <span class='ocrx_word' id='word_1_507' title='bbox 1364 3333 1593 3401; x_wconf 80' lang='grc' dir='ltr'><strong>παρέχει</strong></span> <span class='ocrx_word' id='word_1_508' title='bbox 1639 3332 1738 3401; x_wconf 76' lang='grc' dir='ltr'><strong>τὴν</strong></span> 
     </span>
    </p>
   </div>
   <div class='ocr_carea' id='block_1_65' title="bbox 171 3420 1738 3504">
    <p class='ocr_par' dir='ltr' id='par_1_65' title="bbox 171 3420 1738 3504">
     <span class='ocr_line' id='line_1_65' title="bbox 171 3420 1738 3504; baseline -0.01 -18"><span class='ocrx_word' id='word_1_509' title='bbox 171 3433 367 3504; x_wconf 85' lang='grc' dir='ltr'><strong>χρείαν</strong></span> <span class='ocrx_word' id='word_1_510' title='bbox 410 3428 602 3483; x_wconf 76' lang='grc' dir='ltr'><strong>αὑτοῦ.</strong></span> <span class='ocrx_word' id='word_1_511' title='bbox 626 3429 781 3480; x_wconf 88' lang='grc' dir='ltr'><strong>Ἐστι</strong></span> <span class='ocrx_word' id='word_1_512' title='bbox 813 3425 870 3478; x_wconf 82' lang='grc' dir='ltr'><strong>δέ</strong></span> <span class='ocrx_word' id='word_1_513' title='bbox 892 3425 981 3477; x_wconf 82' lang='grc' dir='ltr'><strong>ὅτε</strong></span> <span class='ocrx_word' id='word_1_514' title='bbox 1020 3423 1294 3490; x_wconf 85' lang='grc' dir='ltr'><strong>οἰκονομεῖ</strong></span> <span class='ocrx_word' id='word_1_515' title='bbox 1330 3439 1452 3473; x_wconf 86' lang='grc' dir='ltr'><strong>τινα</strong></span> <span class='ocrx_word' id='word_1_516' title='bbox 1479 3421 1571 3473; x_wconf 77' lang='grc' dir='ltr'><strong>καὶ</strong></span> <span class='ocrx_word' id='word_1_517' title='bbox 1596 3420 1738 3491; x_wconf 82' lang='grc' dir='ltr'><strong>ὑπὲρ</strong></span> 
     </span>
    </p>
   </div>
   <div class='ocr_carea' id='block_1_66' title="bbox 171 3508 1740 3593">
    <p class='ocr_par' dir='ltr' id='par_1_66' title="bbox 171 3508 1740 3593">
     <span class='ocr_line' id='line_1_66' title="bbox 171 3508 1740 3593; baseline -0.01 -19"><span class='ocrx_word' id='word_1_518' title='bbox 171 3522 274 3591; x_wconf 76' lang='grc' dir='ltr'><strong>τὴν</strong></span> <span class='ocrx_word' id='word_1_519' title='bbox 313 3521 524 3590; x_wconf 88' lang='grc' dir='ltr'><strong>χρείαν,</strong></span> <span class='ocrx_word' id='word_1_520' title='bbox 563 3515 820 3593; x_wconf 74' lang='grc' dir='ltr'><strong>δεικνύων</strong></span> <span class='ocrx_word' id='word_1_521' title='bbox 863 3512 1011 3582; x_wconf 80' lang='grc' dir='ltr'><strong>αὐτῷ</strong></span> <span class='ocrx_word' id='word_1_522' title='bbox 1031 3510 1128 3582; x_wconf 79' lang='grc' dir='ltr'><strong>τὴν</strong></span> <span class='ocrx_word' id='word_1_523' title='bbox 1159 3509 1460 3580; x_wconf 71' lang='grc' dir='ltr'><strong>ὑπερϐολὴν</strong></span> <span class='ocrx_word' id='word_1_524' title='bbox 1491 3509 1587 3578; x_wconf 83' lang='grc' dir='ltr'><strong>τῆς</strong></span> <span class='ocrx_word' id='word_1_525' title='bbox 1618 3508 1740 3577; x_wconf 82' lang='grc' dir='ltr'><strong>φιλ-</strong></span> 
     </span>
    </p>
   </div>
   <div class='ocr_carea' id='block_1_67' title="bbox 173 3600 1744 3682">
    <p class='ocr_par' dir='ltr' id='par_1_67' title="bbox 173 3600 1744 3682">
     <span class='ocr_line' id='line_1_67' title="bbox 173 3600 1744 3682; baseline -0.009 -18"><span class='ocrx_word' id='word_1_526' title='bbox 173 3611 496 3682; x_wconf 83' lang='grc' dir='ltr'><strong>ανθρωπίας</strong></span> <span class='ocrx_word' id='word_1_527' title='bbox 525 3608 713 3671; x_wconf 86' lang='grc' dir='ltr'><strong>αὑτοῦ,</strong></span> <span class='ocrx_word' id='word_1_528' title='bbox 771 3607 864 3660; x_wconf 80' lang='grc' dir='ltr'><strong>καὶ</strong></span> <span class='ocrx_word' id='word_1_529' title='bbox 899 3604 1163 3674; x_wconf 78' lang='grc' dir='ltr'><strong>διδάσκων</strong></span> <span class='ocrx_word' id='word_1_530' title='bbox 1202 3601 1362 3654; x_wconf 81' lang='grc' dir='ltr'><strong>αὐτὸν</strong></span> <span class='ocrx_word' id='word_1_531' title='bbox 1398 3602 1496 3670; x_wconf 82' lang='grc' dir='ltr'><strong>τὴν</strong></span> <span class='ocrx_word' id='word_1_532' title='bbox 1526 3600 1744 3669; x_wconf 79' lang='grc' dir='ltr'><strong>εὐχαρι-</strong></span> 
     </span>
    </p>
   </div>
   <div class='ocr_carea' id='block_1_68' title="bbox 157 3691 1744 3765">
    <p class='ocr_par' dir='ltr' id='par_1_68' title="bbox 157 3691 1744 3765">
     <span class='ocr_line' id='line_1_68' title="bbox 157 3691 1744 3765; baseline -0.009 -9"><span class='ocrx_word' id='word_1_533' title='bbox 157 3703 359 3756; x_wconf 71' lang='grc' dir='ltr'><strong>στίαν.</strong></span> <span class='ocrx_word' id='word_1_534' title='bbox 393 3702 561 3753; x_wconf 86' lang='grc' dir='ltr'><strong>Ὅταν</strong></span> <span class='ocrx_word' id='word_1_535' title='bbox 605 3699 660 3751; x_wconf 80' lang='grc' dir='ltr'><strong>δὲ</strong></span> <span class='ocrx_word' id='word_1_536' title='bbox 703 3697 764 3751; x_wconf 81' lang='grc' dir='ltr'><strong>οὐ</strong></span> <span class='ocrx_word' id='word_1_537' title='bbox 804 3695 1037 3765; x_wconf 83' lang='grc' dir='ltr'><strong>παρέχει</strong></span> <span class='ocrx_word' id='word_1_538' title='bbox 1085 3694 1235 3761; x_wconf 81' lang='grc' dir='ltr'><strong>αὐτῷ</strong></span> <span class='ocrx_word' id='word_1_539' title='bbox 1285 3692 1380 3760; x_wconf 75' lang='grc' dir='ltr'><strong>τὴν</strong></span> <span class='ocrx_word' id='word_1_540' title='bbox 1423 3691 1609 3760; x_wconf 82' lang='grc' dir='ltr'><strong>χρείαν</strong></span> <span class='ocrx_word' id='word_1_541' title='bbox 1647 3691 1744 3742; x_wconf 80' lang='grc' dir='ltr'><strong>αὐ-</strong></span> 
     </span>
    </p>
   </div>
   <div class='ocr_carea' id='block_1_69' title="bbox 173 3771 1744 3857">
    <p class='ocr_par' dir='ltr' id='par_1_69' title="bbox 173 3771 1744 3857">
     <span class='ocr_line' id='line_1_69' title="bbox 173 3771 1744 3857; baseline -0.007 -13"><span class='ocrx_word' id='word_1_542' title='bbox 173 3791 298 3857; x_wconf 78' lang='grc' dir='ltr'><strong>τοῦ,</strong></span> <span class='ocrx_word' id='word_1_543' title='bbox 332 3792 482 3843; x_wconf 84' lang='grc' dir='ltr'><strong>ποιεῖ</strong></span> <span class='ocrx_word' id='word_1_544' title='bbox 516 3788 606 3840; x_wconf 83' lang='grc' dir='ltr'><strong>διὰ</strong></span> <span class='ocrx_word' id='word_1_545' title='bbox 645 3786 740 3839; x_wconf 88' lang='grc' dir='ltr'><strong>τοῦ</strong></span> <span class='ocrx_word' id='word_1_546' title='bbox 793 3785 950 3852; x_wconf 78' lang='grc' dir='ltr'><strong>λόγου</strong></span> <span class='ocrx_word' id='word_1_547' title='bbox 1003 3771 1164 3835; x_wconf 66' lang='grc' dir='ltr'><strong>αὐτοῦ</strong></span> <span class='ocrx_word' id='word_1_548' title='bbox 1191 3781 1290 3852; x_wconf 78' lang='grc' dir='ltr'><strong>τὴν</strong></span> <span class='ocrx_word' id='word_1_549' title='bbox 1327 3781 1607 3851; x_wconf 78' lang='grc' dir='ltr'><strong>ἐνέργειαν</strong></span> <span class='ocrx_word' id='word_1_550' title='bbox 1651 3779 1744 3834; x_wconf 71' lang='grc' dir='ltr'><strong>τοῦ</strong></span> 
     </span>
    </p>
   </div>
   <div class='ocr_carea' id='block_1_70' title="bbox 175 3872 1750 3953">
    <p class='ocr_par' dir='ltr' id='par_1_70' title="bbox 175 3872 1750 3953">
     <span class='ocr_line' id='line_1_70' title="bbox 175 3872 1750 3953; baseline -0.006 -18"><span class='ocrx_word' id='word_1_551' title='bbox 175 3884 513 3953; x_wconf 74' lang='grc' dir='ltr'><strong>πράγματος</strong></span> <span class='ocrx_word' id='word_1_552' title='bbox 541 3872 604 3932; x_wconf 74' lang='grc' dir='ltr'><strong>οὗ</strong></span> <span class='ocrx_word' id='word_1_553' title='bbox 631 3876 855 3948; x_wconf 77' lang='grc' dir='ltr'><strong>χρῄζει,</strong></span> <span class='ocrx_word' id='word_1_554' title='bbox 887 3876 981 3928; x_wconf 74' lang='grc' dir='ltr'><strong>καὶ</strong></span> <span class='ocrx_word' id='word_1_555' title='bbox 995 3874 1231 3934; x_wconf 73' lang='grc' dir='ltr'><strong>διδάσκει</strong></span> <span class='ocrx_word' id='word_1_556' title='bbox 1271 3874 1431 3927; x_wconf 77' lang='grc' dir='ltr'><strong>αὐτὸν</strong></span> <span class='ocrx_word' id='word_1_557' title='bbox 1474 3873 1570 3944; x_wconf 79' lang='grc' dir='ltr'><strong>τὴν</strong></span> <span class='ocrx_word' id='word_1_558' title='bbox 1615 3875 1750 3926; x_wconf 81' lang='grc' dir='ltr'><strong>ὐπο-</strong></span> 
     </span>
    </p>
   </div>
   <div class='ocr_carea' id='block_1_71' title="bbox 179 3965 1749 4044">
    <p class='ocr_par' dir='ltr' id='par_1_71' title="bbox 179 3965 1749 4044">
     <span class='ocr_line' id='line_1_71' title="bbox 179 3965 1749 4044; baseline -0.004 -19"><span class='ocrx_word' id='word_1_559' title='bbox 179 3977 398 4044; x_wconf 75' lang='grc' dir='ltr'><strong>μονήν·</strong></span> <span class='ocrx_word' id='word_1_560' title='bbox 429 3971 568 4023; x_wconf 81' lang='grc' dir='ltr'><strong>ὥστε</strong></span> <span class='ocrx_word' id='word_1_561' title='bbox 607 3971 687 4031; x_wconf 82' lang='grc' dir='ltr'><strong>είς</strong></span> <span class='ocrx_word' id='word_1_562' title='bbox 739 3967 915 4022; x_wconf 76' lang='grc' dir='ltr'><strong>πάντα</strong></span> <span class='ocrx_word' id='word_1_563' title='bbox 966 3965 1079 4021; x_wconf 75' lang='grc' dir='ltr'><strong>ἄνω</strong></span> <span class='ocrx_word' id='word_1_564' title='bbox 1125 3965 1412 4034; x_wconf 73' lang='grc' dir='ltr'><strong>ὀφείλομεν</strong></span> <span class='ocrx_word' id='word_1_565' title='bbox 1466 3966 1749 4036; x_wconf 82' lang='grc' dir='ltr'><strong>προσέχειν</strong></span> 
     </span>
    </p>
   </div>
   <div class='ocr_carea' id='block_1_72' title="bbox 175 4053 1755 4130">
    <p class='ocr_par' dir='ltr' id='par_1_72' title="bbox 175 4053 1755 4130">
     <span class='ocr_line' id='line_1_72' title="bbox 175 4053 1755 4130; baseline -0.005 -13"><span class='ocrx_word' id='word_1_566' title='bbox 175 4065 286 4117; x_wconf 74' lang='grc' dir='ltr'><strong>κᾶν</strong></span> <span class='ocrx_word' id='word_1_567' title='bbox 343 4061 554 4123; x_wconf 80' lang='grc' dir='ltr'><strong>καλῶς,</strong></span> <span class='ocrx_word' id='word_1_568' title='bbox 585 4061 620 4130; x_wconf 82' lang='grc' dir='ltr'>ἢ</span> <span class='ocrx_word' id='word_1_569' title='bbox 660 4059 846 4122; x_wconf 83' lang='grc' dir='ltr'><strong>κακῶς</strong></span> <span class='ocrx_word' id='word_1_570' title='bbox 875 4057 912 4110; x_wconf 74' lang='grc' dir='ltr'>ἃ</span> <span class='ocrx_word' id='word_1_571' title='bbox 946 4053 1214 4126; x_wconf 82' lang='grc' dir='ltr'><strong>πάθωμεν</strong></span> <span class='ocrx_word' id='word_1_572' title='bbox 1251 4057 1405 4126; x_wconf 85' lang='grc' dir='ltr'><strong>παρά·</strong></span> <span class='ocrx_word' id='word_1_573' title='bbox 1428 4074 1588 4123; x_wconf 84' lang='grc' dir='ltr'><strong>τινος,</strong></span> <span class='ocrx_word' id='word_1_574' title='bbox 1639 4057 1755 4111; x_wconf 76' lang='grc' dir='ltr'><strong>ἄνω</strong></span> 
     </span>
    </p>
   </div>
   <div class='ocr_carea' id='block_1_73' title="bbox 177 4147 1747 4224">
    <p class='ocr_par' dir='ltr' id='par_1_73' title="bbox 177 4147 1747 4224">
     <span class='ocr_line' id='line_1_73' title="bbox 177 4147 1747 4224; baseline -0.007 -18"><span class='ocrx_word' id='word_1_575' title='bbox 177 4152 504 4224; x_wconf 77' lang='grc' dir='ltr'><strong>προσέχειν,</strong></span> <span class='ocrx_word' id='word_1_576' title='bbox 557 4151 652 4203; x_wconf 75' lang='grc' dir='ltr'><strong>καὶ</strong></span> <span class='ocrx_word' id='word_1_577' title='bbox 692 4151 1029 4220; x_wconf 75' lang='grc' dir='ltr'><strong>εὐχαριστεῖν</strong></span> <span class='ocrx_word' id='word_1_578' title='bbox 1091 4149 1186 4200; x_wconf 77' lang='grc' dir='ltr'><strong>ἐπὶ</strong></span> <span class='ocrx_word' id='word_1_579' title='bbox 1230 4150 1338 4209; x_wconf 82' lang='grc' dir='ltr'><strong>τοῖς</strong></span> <span class='ocrx_word' id='word_1_580' title='bbox 1373 4147 1747 4215; x_wconf 80' lang='grc' dir='ltr'><strong>συμϐαίνουσι,</strong></span> 
     </span>
    </p>
   </div>
   <div class='ocr_carea' id='block_1_74' title="bbox 172 4235 1748 4316">
    <p class='ocr_par' dir='ltr' id='par_1_74' title="bbox 172 4235 1748 4316">
     <span class='ocr_line' id='line_1_74' title="bbox 172 4235 1748 4316; baseline -0.009 -19"><span class='ocrx_word' id='word_1_581' title='bbox 172 4243 550 4316; x_wconf 75' lang='grc' dir='ltr'><strong>βαστάζοντες</strong></span> <span class='ocrx_word' id='word_1_582' title='bbox 580 4242 665 4294; x_wconf 83' lang='lat' dir='ltr'><strong>c&#39;tsl.</strong></span> <span class='ocrx_word' id='word_1_583' title='bbox 693 4240 792 4309; x_wconf 76' lang='grc' dir='ltr'><strong>τὴν</strong></span> <span class='ocrx_word' id='word_1_584' title='bbox 822 4239 1025 4309; x_wconf 76' lang='grc' dir='ltr'><strong>μέμψιν</strong></span> <span class='ocrx_word' id='word_1_585' title='bbox 1055 4236 1261 4289; x_wconf 87' lang='grc' dir='ltr'><strong>ἐαυτῶν</strong></span> <span class='ocrx_word' id='word_1_586' title='bbox 1281 4254 1295 4268; x_wconf 66' lang='grc' dir='ltr'><strong>ν</strong></span> <span class='ocrx_word' id='word_1_587' title='bbox 1341 4236 1433 4288; x_wconf 84' lang='grc' dir='ltr'><strong>καὶ</strong></span> <span class='ocrx_word' id='word_1_588' title='bbox 1481 4235 1748 4299; x_wconf 80' lang='grc' dir='ltr'><strong>λέγοντες,</strong></span> 
     </span>
    </p>
   </div>
   <div class='ocr_carea' id='block_1_75' title="bbox 178 4321 1749 4399">
    <p class='ocr_par' dir='ltr' id='par_1_75' title="bbox 178 4321 1749 4399">
     <span class='ocr_line' id='line_1_75' title="bbox 178 4321 1749 4399; baseline -0.011 -11"><span class='ocrx_word' id='word_1_589' title='bbox 178 4333 376 4396; x_wconf 81' lang='grc' dir='ltr'><strong>καθὼς</strong></span> <span class='ocrx_word' id='word_1_590' title='bbox 407 4327 556 4383; x_wconf 85' lang='grc' dir='ltr'><strong>εἶπον</strong></span> <span class='ocrx_word' id='word_1_591' title='bbox 585 4332 635 4382; x_wconf 85' lang='grc' dir='ltr'><strong>οἱ</strong></span> <span class='ocrx_word' id='word_1_592' title='bbox 669 4330 879 4399; x_wconf 82' lang='grc' dir='ltr'><strong>Πάτρες</strong></span> <span class='ocrx_word' id='word_1_593' title='bbox 903 4345 918 4358; x_wconf 88' lang='grc'><strong>·</strong></span> <span class='ocrx_word' id='word_1_594' title='bbox 953 4329 1002 4378; x_wconf 84' lang='grc' dir='ltr'><strong>ει</strong></span> <span class='ocrx_word' id='word_1_595' title='bbox 1045 4327 1142 4395; x_wconf 76' lang='grc' dir='ltr'><strong>μὲν</strong></span> <span class='ocrx_word' id='word_1_596' title='bbox 1187 4323 1348 4377; x_wconf 76' lang='grc' dir='ltr'><strong>καλὸν</strong></span> <span class='ocrx_word' id='word_1_597' title='bbox 1381 4321 1576 4374; x_wconf 78' lang='grc' dir='ltr'><strong>τίποτε</strong></span> <span class='ocrx_word' id='word_1_598' title='bbox 1608 4337 1749 4388; x_wconf 84' lang='grc' dir='ltr'><strong>συμ-¹</strong></span> 
     </span>
    </p>
   </div>
   <div class='ocr_carea' id='block_1_76' title="bbox 174 4406 1752 4492">
    <p class='ocr_par' dir='ltr' id='par_1_76' title="bbox 174 4406 1752 4492">
     <span class='ocr_line' id='line_1_76' title="bbox 174 4406 1752 4492; baseline -0.011 -18"><span class='ocrx_word' id='word_1_599' title='bbox 174 4420 274 4492; x_wconf 73' lang='grc' dir='ltr'><strong>ϐῇ,</strong></span> <span class='ocrx_word' id='word_1_600' title='bbox 310 4421 399 4472; x_wconf 80' lang='grc' dir='ltr'><strong>ὅτι</strong></span> <span class='ocrx_word' id='word_1_601' title='bbox 419 4416 695 4486; x_wconf 71' lang='grc' dir='ltr'><strong>οἰκονομία</strong></span> <span class='ocrx_word' id='word_1_602' title='bbox 715 4416 830 4467; x_wconf 85' lang='grc' dir='ltr'><strong>ἐστί</strong></span> <span class='ocrx_word' id='word_1_603' title='bbox 851 4413 945 4465; x_wconf 83' lang='grc' dir='ltr'><strong>τοῦ</strong></span> <span class='ocrx_word' id='word_1_604' title='bbox 960 4411 1094 4466; x_wconf 83' lang='grc' dir='ltr'><strong>Θεοῦ</strong></span> <span class='ocrx_word' id='word_1_605' title='bbox 1120 4427 1134 4440; x_wconf 90' lang='grc'><strong>·</strong></span> <span class='ocrx_word' id='word_1_606' title='bbox 1156 4411 1205 4462; x_wconf 76' lang='grc' dir='ltr'><strong>εἰ</strong></span> <span class='ocrx_word' id='word_1_607' title='bbox 1229 4410 1286 4461; x_wconf 81' lang='grc' dir='ltr'><strong>δὲ</strong></span> <span class='ocrx_word' id='word_1_608' title='bbox 1315 4408 1504 4470; x_wconf 76' lang='grc' dir='ltr'><strong>κακὸν,</strong></span> <span class='ocrx_word' id='word_1_609' title='bbox 1535 4408 1619 4459; x_wconf 80' lang='grc' dir='ltr'><strong>ὅτι</strong></span> <span class='ocrx_word' id='word_1_610' title='bbox 1665 4406 1752 4458; x_wconf 72' lang='grc' dir='ltr'><strong>διὰ</strong></span> 
     </span>
    </p>
   </div>
   <div class='ocr_carea' id='block_1_77' title="bbox 1838 3249 3402 3319">
    <p class='ocr_par' dir='ltr' id='par_1_77' title="bbox 1838 3249 3402 3319">
     <span class='ocr_line' id='line_1_77' title="bbox 1838 3249 3402 3319; baseline -0.009 -4"><span class='ocrx_word' id='word_1_611' title='bbox 1838 3261 1964 3315; x_wconf 85' lang='lat' dir='ltr'><strong>huic</strong></span> <span class='ocrx_word' id='word_1_612' title='bbox 1998 3256 2237 3313; x_wconf 86' lang='lat' dir='ltr'><strong>ostendit</strong></span> <span class='ocrx_word' id='word_1_613' title='bbox 2269 3253 2624 3308; x_wconf 85' lang='lat' dir='ltr'><strong>humanitatis</strong></span> <span class='ocrx_word' id='word_1_614' title='bbox 2663 3266 2776 3306; x_wconf 70' lang='lat' dir='ltr'><strong>sua:</strong></span> <span class='ocrx_word' id='word_1_615' title='bbox 2807 3251 3254 3319; x_wconf 73' lang='lat' dir='ltr'><strong>magnitudinem,</strong></span> <span class='ocrx_word' id='word_1_616' title='bbox 3302 3249 3402 3302; x_wconf 88' lang='lat' dir='ltr'><strong>do—</strong></span> 
     </span>
    </p>
   </div>
   <div class='ocr_carea' id='block_1_78' title="bbox 1837 3339 3405 3417">
    <p class='ocr_par' dir='ltr' id='par_1_78' title="bbox 1837 3339 3405 3417">
     <span class='ocr_line' id='line_1_78' title="bbox 1837 3339 3405 3417; baseline -0.008 -13"><span class='ocrx_word' id='word_1_617' title='bbox 1837 3357 2029 3417; x_wconf 87' lang='lat' dir='ltr'><strong>cetque</strong></span> <span class='ocrx_word' id='word_1_618' title='bbox 2058 3354 2117 3399; x_wconf 94' lang='lat' dir='ltr'><strong>ut</strong></span> <span class='ocrx_word' id='word_1_619' title='bbox 2150 3344 2352 3414; x_wconf 89' lang='lat' dir='ltr'><strong>gratias</strong></span> <span class='ocrx_word' id='word_1_620' title='bbox 2380 3351 2538 3411; x_wconf 88' lang='lat' dir='ltr'><strong>agat:</strong></span> <span class='ocrx_word' id='word_1_621' title='bbox 2578 3355 2701 3395; x_wconf 87' lang='lat' dir='ltr'><strong>cum</strong></span> <span class='ocrx_word' id='word_1_622' title='bbox 2728 3347 2907 3404; x_wconf 82' lang='lat' dir='ltr'><strong>autem</strong></span> <span class='ocrx_word' id='word_1_623' title='bbox 2932 3339 3093 3417; x_wconf 87' lang='lat' dir='ltr'><strong>alteri</strong></span> <span class='ocrx_word' id='word_1_624' title='bbox 3124 3354 3229 3393; x_wconf 90' lang='lat' dir='ltr'><strong>non</strong></span> <span class='ocrx_word' id='word_1_625' title='bbox 3266 3352 3405 3406; x_wconf 64' lang='lat' dir='ltr'><strong>pra-</strong></span> 
     </span>
    </p>
   </div>
   <div class='ocr_carea' id='block_1_79' title="bbox 1837 3415 3407 3505">
    <p class='ocr_par' dir='ltr' id='par_1_79' title="bbox 1837 3415 3407 3505">
     <span class='ocr_line' id='line_1_79' title="bbox 1837 3415 3407 3505; baseline -0.008 -11"><span class='ocrx_word' id='word_1_626' title='bbox 1837 3415 1955 3494; x_wconf 66' lang='lat' dir='ltr'><strong>stat</strong></span> <span class='ocrx_word' id='word_1_627' title='bbox 1980 3438 2124 3505; x_wconf 90' lang='lat' dir='ltr'><strong>quod</strong></span> <span class='ocrx_word' id='word_1_628' title='bbox 2156 3433 2364 3489; x_wconf 88' lang='lat' dir='ltr'><strong>videtur</strong></span> <span class='ocrx_word' id='word_1_629' title='bbox 2403 3430 2791 3494; x_wconf 85' lang='lat' dir='ltr'><strong>necessarium,</strong></span> <span class='ocrx_word' id='word_1_630' title='bbox 2821 3415 3160 3484; x_wconf 81' lang='lat' dir='ltr'><strong>hacratione</strong></span> <span class='ocrx_word' id='word_1_631' title='bbox 3191 3429 3322 3483; x_wconf 80' lang='lat' dir='ltr'><strong>facit</strong></span> <span class='ocrx_word' id='word_1_632' title='bbox 3348 3439 3407 3482; x_wconf 91' lang='lat' dir='ltr'><strong>ut</strong></span> 
     </span>
    </p>
   </div>
   <div class='ocr_carea' id='block_1_80' title="bbox 1839 3519 3409 3588">
    <p class='ocr_par' dir='ltr' id='par_1_80' title="bbox 1839 3519 3409 3588">
     <span class='ocr_line' id='line_1_80' title="bbox 1839 3519 3409 3588; baseline -0.008 -5"><span class='ocrx_word' id='word_1_633' title='bbox 1839 3527 2089 3584; x_wconf 87' lang='lat' dir='ltr'><strong>ostendat</strong></span> <span class='ocrx_word' id='word_1_634' title='bbox 2117 3525 2231 3580; x_wconf 67' lang='lat' dir='ltr'><strong>hac</strong></span> <span class='ocrx_word' id='word_1_635' title='bbox 2256 3538 2364 3578; x_wconf 90' lang='lat' dir='ltr'><strong>non</strong></span> <span class='ocrx_word' id='word_1_636' title='bbox 2405 3523 2541 3576; x_wconf 88' lang='lat' dir='ltr'><strong>adeo</strong></span> <span class='ocrx_word' id='word_1_637' title='bbox 2577 3519 2880 3574; x_wconf 86' lang='lat' dir='ltr'><strong>necessaria</strong></span> <span class='ocrx_word' id='word_1_638' title='bbox 2927 3534 3067 3582; x_wconf 91' lang='lat' dir='ltr'><strong>esse,</strong></span> <span class='ocrx_word' id='word_1_639' title='bbox 3110 3520 3409 3588; x_wconf 79' lang='lat' dir='ltr'><strong>doceatque</strong></span> 
     </span>
    </p>
   </div>
   <div class='ocr_carea' id='block_1_81' title="bbox 1841 3612 3408 3689">
    <p class='ocr_par' dir='ltr' id='par_1_81' title="bbox 1841 3612 3408 3689">
     <span class='ocr_line' id='line_1_81' title="bbox 1841 3612 3408 3689; baseline -0.005 -16"><span class='ocrx_word' id='word_1_640' title='bbox 1841 3621 1974 3689; x_wconf 88' lang='lat' dir='ltr'><strong>pati,</strong></span> <span class='ocrx_word' id='word_1_641' title='bbox 2000 3619 2128 3672; x_wconf 90' lang='lat' dir='ltr'><strong>etin</strong></span> <span class='ocrx_word' id='word_1_642' title='bbox 2153 3616 2366 3673; x_wconf 86' lang='lat' dir='ltr'><strong>cunctis</strong></span> <span class='ocrx_word' id='word_1_643' title='bbox 2391 3614 2455 3669; x_wconf 88' lang='lat' dir='ltr'><strong>ad</strong></span> <span class='ocrx_word' id='word_1_644' title='bbox 2488 3612 2767 3682; x_wconf 85' lang='lat' dir='ltr'><strong>superiora</strong></span> <span class='ocrx_word' id='word_1_645' title='bbox 2793 3620 3130 3680; x_wconf 85' lang='lat' dir='ltr'><strong>prospectum</strong></span> <span class='ocrx_word' id='word_1_646' title='bbox 3163 3619 3408 3665; x_wconf 78' lang='lat' dir='ltr'><strong>mstrum</strong></span> 
     </span>
    </p>
   </div>
   <div class='ocr_carea' id='block_1_82' title="bbox 1843 3700 3413 3782">
    <p class='ocr_par' dir='ltr' id='par_1_82' title="bbox 1843 3700 3413 3782">
     <span class='ocr_line' id='line_1_82' title="bbox 1843 3700 3413 3782; baseline -0.007 -17"><span class='ocrx_word' id='word_1_647' title='bbox 1843 3709 2142 3765; x_wconf 80' lang='lat' dir='ltr'><strong>intendere.</strong></span> <span class='ocrx_word' id='word_1_648' title='bbox 2179 3712 2255 3762; x_wconf 81' lang='lat' dir='ltr'><strong>lta</strong></span> <span class='ocrx_word' id='word_1_649' title='bbox 2287 3716 2346 3762; x_wconf 91' lang='lat' dir='ltr'><strong>ut</strong></span> <span class='ocrx_word' id='word_1_650' title='bbox 2377 3703 2743 3782; x_wconf 72' lang='lat' dir='ltr'><strong>intelligamus</strong></span> <span class='ocrx_word' id='word_1_651' title='bbox 2774 3703 2818 3757; x_wconf 87' lang='lat' dir='ltr'><strong>si</strong></span> <span class='ocrx_word' id='word_1_652' title='bbox 2851 3702 2931 3756; x_wconf 85' lang='lat' dir='ltr'><strong>vel</strong></span> <span class='ocrx_word' id='word_1_653' title='bbox 2962 3700 3097 3755; x_wconf 86' lang='lat' dir='ltr'><strong>bene</strong></span> <span class='ocrx_word' id='word_1_654' title='bbox 3135 3701 3217 3756; x_wconf 90' lang='lat' dir='ltr'><strong>vel</strong></span> <span class='ocrx_word' id='word_1_655' title='bbox 3271 3701 3413 3772; x_wconf 74' lang='lat' dir='ltr'><strong>male</strong></span> 
     </span>
    </p>
   </div>
   <div class='ocr_carea' id='block_1_83' title="bbox 1846 3791 3410 3870">
    <p class='ocr_par' dir='ltr' id='par_1_83' title="bbox 1846 3791 3410 3870">
     <span class='ocr_line' id='line_1_83' title="bbox 1846 3791 3410 3870; baseline -0.008 -13"><span class='ocrx_word' id='word_1_656' title='bbox 1846 3817 1876 3857; x_wconf 89' lang='lat' dir='ltr'><strong>a</strong></span> <span class='ocrx_word' id='word_1_657' title='bbox 1907 3816 2180 3870; x_wconf 86' lang='lat' dir='ltr'><strong>quoquam</strong></span> <span class='ocrx_word' id='word_1_658' title='bbox 2212 3797 2478 3853; x_wconf 76' lang='lat' dir='ltr'><strong>fuerimus</strong></span> <span class='ocrx_word' id='word_1_659' title='bbox 2505 3796 2706 3859; x_wconf 79' lang='lat' dir='ltr'><strong>allecti,</strong></span> <span class='ocrx_word' id='word_1_660' title='bbox 2739 3794 2789 3846; x_wconf 92' lang='lat' dir='ltr'><strong>id</strong></span> <span class='ocrx_word' id='word_1_661' title='bbox 2821 3808 2982 3847; x_wconf 90' lang='lat' dir='ltr'><strong>omne</strong></span> <span class='ocrx_word' id='word_1_662' title='bbox 3007 3791 3240 3860; x_wconf 82' lang='lat' dir='ltr'><strong>desuper</strong></span> <span class='ocrx_word' id='word_1_663' title='bbox 3263 3805 3410 3855; x_wconf 79' lang='lat' dir='ltr'><strong>esse.</strong></span> 
     </span>
    </p>
   </div>
   <div class='ocr_carea' id='block_1_84' title="bbox 1847 3881 3411 3957">
    <p class='ocr_par' dir='ltr' id='par_1_84' title="bbox 1847 3881 3411 3957">
     <span class='ocr_line' id='line_1_84' title="bbox 1847 3881 3411 3957; baseline -0.009 -11"><span class='ocrx_word' id='word_1_664' title='bbox 1847 3902 1902 3946; x_wconf 89' lang='lat' dir='ltr'><strong>et</strong></span> <span class='ocrx_word' id='word_1_665' title='bbox 1931 3892 1984 3944; x_wconf 92' lang='lat' dir='ltr'><strong>in</strong></span> <span class='ocrx_word' id='word_1_666' title='bbox 2017 3889 2229 3945; x_wconf 89' lang='lat' dir='ltr'><strong>cunctis</strong></span> <span class='ocrx_word' id='word_1_667' title='bbox 2253 3902 2376 3957; x_wconf 63' lang='lat' dir='ltr'><strong>qua</strong></span> <span class='ocrx_word' id='word_1_668' title='bbox 2404 3886 2562 3941; x_wconf 88' lang='lat' dir='ltr'><strong>nobis</strong></span> <span class='ocrx_word' id='word_1_669' title='bbox 2587 3882 2945 3946; x_wconf 88' lang='lat' dir='ltr'><strong>occurrerint,</strong></span> <span class='ocrx_word' id='word_1_670' title='bbox 2967 3881 3171 3950; x_wconf 84' lang='lat' dir='ltr'><strong>gratias</strong></span> <span class='ocrx_word' id='word_1_671' title='bbox 3200 3894 3411 3947; x_wconf 86' lang='lat' dir='ltr'><strong>semper</strong></span> 
     </span>
    </p>
   </div>
   <div class='ocr_carea' id='block_1_85' title="bbox 1848 3977 3411 4054">
    <p class='ocr_par' dir='ltr' id='par_1_85' title="bbox 1848 3977 3411 4054">
     <span class='ocr_line' id='line_1_85' title="bbox 1848 3977 3411 4054; baseline -0.01 -17"><span class='ocrx_word' id='word_1_672' title='bbox 1848 3983 2103 4054; x_wconf 87' lang='lat' dir='ltr'><strong>agendas,</strong></span> <span class='ocrx_word' id='word_1_673' title='bbox 2141 3979 2375 4033; x_wconf 84' lang='lat' dir='ltr'><strong>ferentes</strong></span> <span class='ocrx_word' id='word_1_674' title='bbox 2416 3977 2472 4030; x_wconf 91' lang='lat' dir='ltr'><strong>in</strong></span> <span class='ocrx_word' id='word_1_675' title='bbox 2519 3989 2620 4028; x_wconf 90' lang='lat' dir='ltr'><strong>nos</strong></span> <span class='ocrx_word' id='word_1_676' title='bbox 2660 3986 2873 4040; x_wconf 82' lang='lat' dir='ltr'><strong>semper</strong></span> <span class='ocrx_word' id='word_1_677' title='bbox 2915 3983 3130 4025; x_wconf 87' lang='lat' dir='ltr'><strong>omnem</strong></span> <span class='ocrx_word' id='word_1_678' title='bbox 3181 3983 3411 4023; x_wconf 82' lang='lat' dir='ltr'><strong>accusa-</strong></span> 
     </span>
    </p>
   </div>
   <div class='ocr_carea' id='block_1_86' title="bbox 1848 4059 3416 4130">
    <p class='ocr_par' dir='ltr' id='par_1_86' title="bbox 1848 4059 3416 4130">
     <span class='ocr_line' id='line_1_86' title="bbox 1848 4059 3416 4130; baseline -0.011 -3"><span class='ocrx_word' id='word_1_679' title='bbox 1848 4075 2072 4127; x_wconf 86' lang='lat' dir='ltr'><strong>tionem.</strong></span> <span class='ocrx_word' id='word_1_680' title='bbox 2110 4070 2372 4122; x_wconf 76' lang='lat' dir='ltr'><strong>Dixerunt</strong></span> <span class='ocrx_word' id='word_1_681' title='bbox 2391 4063 2537 4118; x_wconf 73' lang='lat' dir='ltr'><strong>enin</strong></span> <span class='ocrx_word' id='word_1_682' title='bbox 2567 4060 2801 4130; x_wconf 84' lang='lat' dir='ltr'><strong>majores</strong></span> <span class='ocrx_word' id='word_1_683' title='bbox 2839 4059 3034 4120; x_wconf 83' lang='lat' dir='ltr'><strong>nostri,</strong></span> <span class='ocrx_word' id='word_1_684' title='bbox 3076 4059 3218 4128; x_wconf 86' lang='lat' dir='ltr'><strong>quod</strong></span> <span class='ocrx_word' id='word_1_685' title='bbox 3251 4059 3416 4126; x_wconf 42' lang='lat' dir='ltr'><strong>quide</strong></span> 
     </span>
    </p>
   </div>
   <div class='ocr_carea' id='block_1_87' title="bbox 1849 4147 3414 4226">
    <p class='ocr_par' dir='ltr' id='par_1_87' title="bbox 1849 4147 3414 4226">
     <span class='ocr_line' id='line_1_87' title="bbox 1849 4147 3414 4226; baseline -0.006 -16"><span class='ocrx_word' id='word_1_686' title='bbox 1849 4157 1978 4226; x_wconf 90' lang='lat' dir='ltr'><strong>quid</strong></span> <span class='ocrx_word' id='word_1_687' title='bbox 2014 4155 2168 4209; x_wconf 89' lang='lat' dir='ltr'><strong>nobis</strong></span> <span class='ocrx_word' id='word_1_688' title='bbox 2197 4152 2322 4207; x_wconf 80' lang='lat' dir='ltr'><strong>baui</strong></span> <span class='ocrx_word' id='word_1_689' title='bbox 2351 4151 2640 4216; x_wconf 84' lang='lat' dir='ltr'><strong>evenisset,</strong></span> <span class='ocrx_word' id='word_1_690' title='bbox 2684 4149 2734 4203; x_wconf 91' lang='lat' dir='ltr'><strong>id</strong></span> <span class='ocrx_word' id='word_1_691' title='bbox 2765 4162 2885 4203; x_wconf 85' lang='lat' dir='ltr'><strong>esse</strong></span> <span class='ocrx_word' id='word_1_692' title='bbox 2915 4147 3150 4201; x_wconf 81' lang='lat' dir='ltr'><strong>divinam</strong></span> <span class='ocrx_word' id='word_1_693' title='bbox 3195 4147 3414 4216; x_wconf 86' lang='lat' dir='ltr'><strong>dispen-</strong></span> 
     </span>
    </p>
   </div>
   <div class='ocr_carea' id='block_1_88' title="bbox 1849 4238 3414 4307">
    <p class='ocr_par' dir='ltr' id='par_1_88' title="bbox 1849 4238 3414 4307">
     <span class='ocr_line' id='line_1_88' title="bbox 1849 4238 3414 4307; baseline -0.005 -8"><span class='ocrx_word' id='word_1_694' title='bbox 1849 4245 2152 4307; x_wconf 88' lang='lat' dir='ltr'><strong>sationem;</strong></span> <span class='ocrx_word' id='word_1_695' title='bbox 2193 4241 2445 4295; x_wconf 82' lang='lat' dir='ltr'><strong>siautem</strong></span> <span class='ocrx_word' id='word_1_696' title='bbox 2473 4239 2678 4292; x_wconf 88' lang='lat' dir='ltr'><strong>malum</strong></span> <span class='ocrx_word' id='word_1_697' title='bbox 2712 4238 2881 4292; x_wconf 85' lang='lat' dir='ltr'><strong>ullum</strong></span> <span class='ocrx_word' id='word_1_698' title='bbox 2921 4239 3176 4302; x_wconf 87' lang='lat' dir='ltr'><strong>venisset,</strong></span> <span class='ocrx_word' id='word_1_699' title='bbox 3204 4253 3324 4292; x_wconf 84' lang='lat' dir='ltr'><strong>esse</strong></span> <span class='ocrx_word' id='word_1_700' title='bbox 3363 4238 3414 4291; x_wconf 89' lang='lat' dir='ltr'><strong>id</strong></span> 
     </span>
    </p>
   </div>
   <div class='ocr_carea' id='block_1_89' title="bbox 1851 4307 3416 4403">
    <p class='ocr_par' dir='ltr' id='par_1_89' title="bbox 1851 4307 3416 4403">
     <span class='ocr_line' id='line_1_89' title="bbox 1851 4307 3416 4403; baseline -0.004 -18"><span class='ocrx_word' id='word_1_701' title='bbox 1851 4340 2068 4403; x_wconf 85' lang='lat' dir='ltr'><strong>peccata</strong></span> <span class='ocrx_word' id='word_1_702' title='bbox 2113 4339 2321 4384; x_wconf 89' lang='lat' dir='ltr'><strong>nostra.</strong></span> <span class='ocrx_word' id='word_1_703' title='bbox 2355 4326 2494 4398; x_wconf 66' lang='lat' dir='ltr'><strong>Vere</strong></span> <span class='ocrx_word' id='word_1_704' title='bbox 2537 4329 2684 4382; x_wconf 91' lang='lat' dir='ltr'><strong>enim</strong></span> <span class='ocrx_word' id='word_1_705' title='bbox 2727 4326 2992 4397; x_wconf 88' lang='lat' dir='ltr'><strong>quidquid</strong></span> <span class='ocrx_word' id='word_1_706' title='bbox 3038 4307 3292 4395; x_wconf 77' lang='lat' dir='ltr'><strong>patimur,</strong></span> <span class='ocrx_word' id='word_1_707' title='bbox 3325 4327 3416 4379; x_wconf 89' lang='lat' dir='ltr'><strong>-oh</strong></span> 
     </span>
    </p>
   </div>
   <div class='ocr_carea' id='block_1_90' title="bbox 1852 4414 3415 4488">
    <p class='ocr_par' dir='ltr' id='par_1_90' title="bbox 1852 4414 3415 4488">
     <span class='ocr_line' id='line_1_90' title="bbox 1852 4414 3415 4488; baseline -0.007 -12"><span class='ocrx_word' id='word_1_708' title='bbox 1852 4423 2045 4476; x_wconf 90' lang='lat' dir='ltr'><strong>delicta</strong></span> <span class='ocrx_word' id='word_1_709' title='bbox 2072 4431 2256 4475; x_wconf 91' lang='lat' dir='ltr'><strong>nostra</strong></span> <span class='ocrx_word' id='word_1_710' title='bbox 2299 4418 2556 4488; x_wconf 78' lang='lat' dir='ltr'><strong>patimur,</strong></span> <span class='ocrx_word' id='word_1_711' title='bbox 2604 4417 2677 4470; x_wconf 77' lang='lat' dir='ltr'><strong>At</strong></span> <span class='ocrx_word' id='word_1_712' title='bbox 2705 4417 2884 4473; x_wconf 78' lang='lat' dir='ltr'><strong>sancti</strong></span> <span class='ocrx_word' id='word_1_713' title='bbox 2929 4415 3028 4469; x_wconf 88' lang='lat' dir='ltr'><strong>viri</strong></span> <span class='ocrx_word' id='word_1_714' title='bbox 3075 4414 3221 4482; x_wconf 82' lang='lat' dir='ltr'><strong>passi</strong></span> <span class='ocrx_word' id='word_1_715' title='bbox 3267 4421 3415 4476; x_wconf 85' lang='lat' dir='ltr'><strong>sunt,</strong></span> 
     </span>
    </p>
   </div>
   <div class='ocr_carea' id='block_1_91' title="bbox 151 4497 1738 4579">
    <p class='ocr_par' dir='ltr' id='par_1_91' title="bbox 151 4497 1738 4579">
     <span class='ocr_line' id='line_1_91' title="bbox 151 4497 1738 4579; baseline -0.003 -23"><span class='ocrx_word' id='word_1_716' title='bbox 151 4514 280 4574; x_wconf 72' lang='grc' dir='ltr'><strong>,τὰς</strong></span> <span class='ocrx_word' id='word_1_717' title='bbox 303 4509 582 4579; x_wconf 76' lang='grc' dir='ltr'><strong>ἁμαρτίας</strong></span> <span class='ocrx_word' id='word_1_718' title='bbox 603 4506 776 4576; x_wconf 78' lang='grc' dir='ltr'><strong>ἡμῶν.</strong></span> <span class='ocrx_word' id='word_1_719' title='bbox 809 4506 895 4557; x_wconf 84' lang='grc' dir='ltr'><strong>Ἐν</strong></span> <span class='ocrx_word' id='word_1_720' title='bbox 915 4501 1142 4570; x_wconf 68' lang='grc' dir='ltr'><strong>ἀληθείᾳ</strong></span> <span class='ocrx_word' id='word_1_721' title='bbox 1171 4497 1280 4569; x_wconf 73' lang='grc' dir='ltr'><strong>γάρ</strong></span> <span class='ocrx_word' id='word_1_722' title='bbox 1297 4499 1402 4550; x_wconf 82' lang='grc' dir='ltr'><strong>πᾶν</strong></span> <span class='ocrx_word' id='word_1_723' title='bbox 1420 4498 1447 4549; x_wconf 82' lang='grc' dir='ltr'><strong>δ</strong></span> <span class='ocrx_word' id='word_1_724' title='bbox 1467 4498 1561 4550; x_wconf 73' lang='grc' dir='ltr'><strong>ἐὰν</strong></span> <span class='ocrx_word' id='word_1_725' title='bbox 1576 4497 1738 4552; x_wconf 81' lang='grc' dir='ltr'><strong>πάθω</strong></span> 
     </span>
    </p>
   </div>
   <div class='ocr_carea' id='block_1_92' title="bbox 1835 4497 3416 4579">
    <p class='ocr_par' dir='ltr' id='par_1_92' title="bbox 1857 4501 3416 4569">
     <span class='ocr_line' id='line_1_92' title="bbox 1857 4501 3416 4569; baseline -0.006 -4"><span class='ocrx_word' id='word_1_726' title='bbox 1857 4513 1939 4566; x_wconf 88' lang='lat' dir='ltr'><strong>vel</strong></span> <span class='ocrx_word' id='word_1_727' title='bbox 1978 4513 2046 4567; x_wconf 90' lang='lat' dir='ltr'><strong>ob</strong></span> <span class='ocrx_word' id='word_1_728' title='bbox 2081 4511 2282 4566; x_wconf 88' lang='lat' dir='ltr'><strong>Christi</strong></span> <span class='ocrx_word' id='word_1_729' title='bbox 2324 4509 2453 4563; x_wconf 83' lang='lat' dir='ltr'><strong>Jesu</strong></span> <span class='ocrx_word' id='word_1_730' title='bbox 2488 4501 2710 4569; x_wconf 83' lang='lat' dir='ltr'><strong>nomen,</strong></span> <span class='ocrx_word' id='word_1_731' title='bbox 2755 4507 2835 4558; x_wconf 81' lang='lat' dir='ltr'><strong>vel</strong></span> <span class='ocrx_word' id='word_1_732' title='bbox 2874 4513 2932 4557; x_wconf 89' lang='lat' dir='ltr'><strong>ut</strong></span> <span class='ocrx_word' id='word_1_733' title='bbox 2975 4504 3224 4558; x_wconf 85' lang='lat' dir='ltr'><strong>virtutem</strong></span> <span class='ocrx_word' id='word_1_734' title='bbox 3262 4521 3416 4558; x_wconf 85' lang='lat' dir='ltr'><strong>suam</strong></span> 
     </span>
    </p>
   </div>
   <div class='ocr_carea' id='block_1_93' title="bbox 177 4588 1753 4669">
    <p class='ocr_par' dir='ltr' id='par_1_93' title="bbox 177 4588 1753 4669">
     <span class='ocr_line' id='line_1_93' title="bbox 177 4588 1753 4669; baseline -0.016 -15"><span class='ocrx_word' id='word_1_735' title='bbox 177 4617 312 4669; x_wconf 75' lang='grc' dir='ltr'><strong>μιν,</strong></span> <span class='ocrx_word' id='word_1_736' title='bbox 345 4600 414 4650; x_wconf 79' lang='grc' dir='ltr'><strong>ἐκ</strong></span> <span class='ocrx_word' id='word_1_737' title='bbox 450 4597 557 4648; x_wconf 83' lang='grc' dir='ltr'><strong>τῶν</strong></span> <span class='ocrx_word' id='word_1_738' title='bbox 586 4593 867 4664; x_wconf 83' lang='grc' dir='ltr'><strong>ἁμαρτιῶν</strong></span> <span class='ocrx_word' id='word_1_739' title='bbox 897 4589 1050 4660; x_wconf 78' lang='grc' dir='ltr'><strong>ἡμῶν</strong></span> <span class='ocrx_word' id='word_1_740' title='bbox 1065 4590 1362 4657; x_wconf 73' lang='grc' dir='ltr'><strong>πάσχομεν.</strong></span> <span class='ocrx_word' id='word_1_741' title='bbox 1390 4589 1452 4641; x_wconf 85' lang='grc' dir='ltr'><strong>Οῑ</strong></span> <span class='ocrx_word' id='word_1_742' title='bbox 1480 4588 1587 4658; x_wconf 83' lang='grc' dir='ltr'><strong>γὰρ</strong></span> <span class='ocrx_word' id='word_1_743' title='bbox 1616 4604 1753 4642; x_wconf 69' lang='grc' dir='ltr'><strong>παν-</strong></span> 
     </span>
    </p>
   </div>
   <div class='ocr_carea' id='block_1_94' title="bbox 178 4678 1755 4755">
    <p class='ocr_par' dir='ltr' id='par_1_94' title="bbox 178 4678 1755 4755">
     <span class='ocr_line' id='line_1_94' title="bbox 178 4678 1755 4755; baseline -0.005 -15"><span class='ocrx_word' id='word_1_744' title='bbox 178 4689 341 4755; x_wconf 80' lang='grc' dir='ltr'><strong>ἅγιοι</strong></span> <span class='ocrx_word' id='word_1_745' title='bbox 372 4686 480 4738; x_wconf 75' lang='grc' dir='ltr'><strong>κᾶν</strong></span> <span class='ocrx_word' id='word_1_746' title='bbox 511 4685 828 4751; x_wconf 83' lang='grc' dir='ltr'><strong>πάσχουσιν,</strong></span> <span class='ocrx_word' id='word_1_747' title='bbox 864 4680 1006 4748; x_wconf 82' lang='grc' dir='ltr'><strong>ὑπὲρ</strong></span> <span class='ocrx_word' id='word_1_748' title='bbox 1049 4678 1144 4731; x_wconf 85' lang='grc' dir='ltr'><strong>τοῦ</strong></span> <span class='ocrx_word' id='word_1_749' title='bbox 1193 4678 1449 4747; x_wconf 83' lang='grc' dir='ltr'><strong>ὀνόματος</strong></span> <span class='ocrx_word' id='word_1_750' title='bbox 1479 4679 1574 4731; x_wconf 86' lang='grc' dir='ltr'><strong>τοῦ</strong></span> <span class='ocrx_word' id='word_1_751' title='bbox 1620 4679 1755 4732; x_wconf 88' lang='grc' dir='ltr'><strong>Θεοῦ</strong></span> 
     </span>
    </p>
   </div>
   <div class='ocr_carea' id='block_1_95' title="bbox 179 4767 1826 4846">
    <p class='ocr_par' dir='ltr' id='par_1_95' title="bbox 179 4767 1826 4846">
     <span class='ocr_line' id='line_1_95' title="bbox 179 4767 1826 4846; baseline -0.005 -16"><span class='ocrx_word' id='word_1_752' title='bbox 179 4778 516 4846; x_wconf 78' lang='grc' dir='ltr'><strong>πάσχουσιν,</strong></span> <span class='ocrx_word' id='word_1_753' title='bbox 554 4773 587 4843; x_wconf 74' lang='grc' dir='ltr'>ἢ</span> <span class='ocrx_word' id='word_1_754' title='bbox 624 4773 713 4824; x_wconf 76' lang='grc' dir='ltr'><strong>διὰ</strong></span> <span class='ocrx_word' id='word_1_755' title='bbox 753 4772 814 4824; x_wconf 79' lang='grc' dir='ltr'><strong>τὸ</strong></span> <span class='ocrx_word' id='word_1_756' title='bbox 842 4770 1220 4839; x_wconf 80' lang='grc' dir='ltr'><strong>ἀναδειχθῆναι</strong></span> <span class='ocrx_word' id='word_1_757' title='bbox 1260 4768 1360 4839; x_wconf 80' lang='grc' dir='ltr'><strong>τὴν</strong></span> <span class='ocrx_word' id='word_1_758' title='bbox 1412 4770 1611 4841; x_wconf 79' lang='grc' dir='ltr'><strong>ἀρετὴν</strong></span> <span class='ocrx_word' id='word_1_759' title='bbox 1665 4772 1761 4825; x_wconf 66' lang='grc' dir='ltr'><strong>αὖ-</strong></span> <span class='ocrx_word' id='word_1_760' title='bbox 1821 4767 1826 4772; x_wconf 73' lang='grc'><strong>’</strong></span> 
     </span>
    </p>
   </div>
   <div class='ocr_carea' id='block_1_96' title="bbox 177 4860 1759 4930">
    <p class='ocr_par' dir='ltr' id='par_1_96' title="bbox 177 4860 1759 4930">
     <span class='ocr_line' id='line_1_96' title="bbox 177 4860 1759 4930; baseline -0.005 -8"><span class='ocrx_word' id='word_1_761' title='bbox 177 4870 305 4922; x_wconf 65' lang='grc' dir='ltr'><strong>τῶν</strong></span> <span class='ocrx_word' id='word_1_762' title='bbox 329 4867 412 4929; x_wconf 82' lang='grc' dir='ltr'><strong>εις</strong></span> <span class='ocrx_word' id='word_1_763' title='bbox 439 4863 649 4918; x_wconf 84' lang='grc' dir='ltr'><strong>πολλῶν</strong></span> <span class='ocrx_word' id='word_1_764' title='bbox 706 4861 992 4930; x_wconf 80' lang='grc' dir='ltr'><strong>ὠφέλειαν,</strong></span> <span class='ocrx_word' id='word_1_765' title='bbox 1042 4861 1076 4930; x_wconf 75' lang='grc' dir='ltr'>ἢ</span> <span class='ocrx_word' id='word_1_766' title='bbox 1125 4860 1212 4913; x_wconf 80' lang='grc' dir='ltr'><strong>διὰ</strong></span> <span class='ocrx_word' id='word_1_767' title='bbox 1279 4860 1340 4912; x_wconf 76' lang='grc' dir='ltr'><strong>τὸ</strong></span> <span class='ocrx_word' id='word_1_768' title='bbox 1391 4861 1759 4930; x_wconf 75' lang='grc' dir='ltr'><strong>πληθυνθῆναι</strong></span> 
     </span>
    </p>
   </div>
   <div class='ocr_carea' id='block_1_97' title="bbox 177 4951 1759 5032">
    <p class='ocr_par' dir='ltr' id='par_1_97' title="bbox 177 4951 1759 5032">
     <span class='ocr_line' id='line_1_97' title="bbox 177 4951 1759 5032; baseline -0.005 -18"><span class='ocrx_word' id='word_1_769' title='bbox 177 4959 351 5032; x_wconf 80' lang='grc' dir='ltr'><strong>παρὰ</strong></span> <span class='ocrx_word' id='word_1_770' title='bbox 381 4955 476 5011; x_wconf 84' lang='grc' dir='ltr'><strong>τοῦ</strong></span> <span class='ocrx_word' id='word_1_771' title='bbox 511 4955 645 5008; x_wconf 84' lang='grc' dir='ltr'><strong>Θεοῦ</strong></span> <span class='ocrx_word' id='word_1_772' title='bbox 678 4953 866 5024; x_wconf 73' lang='grc' dir='ltr'><strong>μισθὸν</strong></span> <span class='ocrx_word' id='word_1_773' title='bbox 902 4953 1102 5012; x_wconf 82' lang='grc' dir='ltr'><strong>αὐτῶν.</strong></span> <span class='ocrx_word' id='word_1_774' title='bbox 1134 4951 1267 5020; x_wconf 76' lang='grc' dir='ltr'><strong>Περὶ</strong></span> <span class='ocrx_word' id='word_1_775' title='bbox 1289 4952 1443 5020; x_wconf 76' lang='grc' dir='ltr'><strong>ἡμῶν</strong></span> <span class='ocrx_word' id='word_1_776' title='bbox 1471 4953 1532 5006; x_wconf 86' lang='grc' dir='ltr'><strong>δέ</strong></span> <span class='ocrx_word' id='word_1_777' title='bbox 1564 4955 1759 5016; x_wconf 78' lang='grc' dir='ltr'><strong>ἀθλίων</strong></span> 
     </span>
    </p>
   </div>
   <div class='ocr_carea' id='block_1_98' title="bbox 177 5042 1762 5117">
    <p class='ocr_par' dir='ltr' id='par_1_98' title="bbox 177 5042 1762 5117">
     <span class='ocr_line' id='line_1_98' title="bbox 177 5042 1762 5117; baseline -0.006 -13"><span class='ocrx_word' id='word_1_778' title='bbox 177 5053 310 5116; x_wconf 78' lang='grc' dir='ltr'><strong>πῶς</strong></span> <span class='ocrx_word' id='word_1_779' title='bbox 363 5047 642 5117; x_wconf 76' lang='grc' dir='ltr'><strong>δυνάμεθα</strong></span> <span class='ocrx_word' id='word_1_780' title='bbox 677 5046 850 5098; x_wconf 72' lang='grc' dir='ltr'><strong>εἰπεῖν</strong></span> <span class='ocrx_word' id='word_1_781' title='bbox 877 5042 1039 5096; x_wconf 89' lang='grc' dir='ltr'><strong>τοῦτο</strong></span> <span class='ocrx_word' id='word_1_782' title='bbox 1069 5061 1085 5109; x_wconf 91' lang='lat'><strong>;</strong></span> <span class='ocrx_word' id='word_1_783' title='bbox 1144 5044 1264 5096; x_wconf 82' lang='grc' dir='ltr'><strong>καθ’</strong></span> <span class='ocrx_word' id='word_1_784' title='bbox 1295 5045 1528 5112; x_wconf 79' lang='grc' dir='ltr'><strong>ἑκάστην</strong></span> <span class='ocrx_word' id='word_1_785' title='bbox 1592 5044 1762 5105; x_wconf 77' lang='grc' dir='ltr'><strong>οὕτως</strong></span> 
     </span>
    </p>
   </div>
   <div class='ocr_carea' id='block_1_99' title="bbox 176 5134 1764 5216">
    <p class='ocr_par' dir='ltr' id='par_1_99' title="bbox 176 5134 1764 5216">
     <span class='ocr_line' id='line_1_99' title="bbox 176 5134 1764 5216; baseline -0.009 -18"><span class='ocrx_word' id='word_1_786' title='bbox 176 5140 607 5216; x_wconf 72' lang='grc' dir='ltr'><strong>ἁμαρτάνοντες</strong></span> <span class='ocrx_word' id='word_1_787' title='bbox 646 5137 742 5190; x_wconf 77' lang='grc' dir='ltr'><strong>καὶ</strong></span> <span class='ocrx_word' id='word_1_788' title='bbox 794 5134 1137 5195; x_wconf 82' lang='grc' dir='ltr'><strong>ἐκδικοῦντες</strong></span> <span class='ocrx_word' id='word_1_789' title='bbox 1165 5134 1234 5186; x_wconf 83' lang='grc' dir='ltr'><strong>τὰ</strong></span> <span class='ocrx_word' id='word_1_790' title='bbox 1264 5134 1409 5202; x_wconf 86' lang='grc' dir='ltr'><strong>πάθη</strong></span> <span class='ocrx_word' id='word_1_791' title='bbox 1443 5134 1621 5204; x_wconf 77' lang='grc' dir='ltr'><strong>ἡμῶν,</strong></span> <span class='ocrx_word' id='word_1_792' title='bbox 1662 5137 1764 5200; x_wconf 80' lang='grc' dir='ltr'><strong>ὰφ-</strong></span> 
     </span>
    </p>
   </div>
   <div class='ocr_carea' id='block_1_100' title="bbox 173 5220 1764 5305">
    <p class='ocr_par' dir='ltr' id='par_1_100' title="bbox 173 5220 1764 5305">
     <span class='ocr_line' id='line_1_100' title="bbox 173 5220 1764 5305; baseline -0.007 -22"><span class='ocrx_word' id='word_1_793' title='bbox 173 5238 413 5305; x_wconf 71' lang='grc' dir='ltr'><strong>ήκαμιν</strong></span> <span class='ocrx_word' id='word_1_794' title='bbox 435 5229 535 5296; x_wconf 78' lang='grc' dir='ltr'><strong>τὴν</strong></span> <span class='ocrx_word' id='word_1_795' title='bbox 551 5226 760 5279; x_wconf 75' lang='grc' dir='ltr'><strong>ευθεῖαν</strong></span> <span class='ocrx_word' id='word_1_796' title='bbox 783 5224 900 5277; x_wconf 82' lang='grc' dir='ltr'><strong>ὁδδν</strong></span> <span class='ocrx_word' id='word_1_797' title='bbox 920 5223 987 5293; x_wconf 71' lang='grc' dir='ltr'><strong>ἢν</strong></span> <span class='ocrx_word' id='word_1_798' title='bbox 1018 5220 1171 5276; x_wconf 80' lang='grc' dir='ltr'><strong>εἷπον</strong></span> <span class='ocrx_word' id='word_1_799' title='bbox 1203 5225 1251 5274; x_wconf 79' lang='lat' dir='ltr'><strong>oi</strong></span> <span class='ocrx_word' id='word_1_800' title='bbox 1286 5224 1516 5292; x_wconf 78' lang='grc' dir='ltr'><strong>Πάτρες,</strong></span> <span class='ocrx_word' id='word_1_801' title='bbox 1537 5224 1596 5275; x_wconf 80' lang='grc' dir='ltr'><strong>τὸ</strong></span> <span class='ocrx_word' id='word_1_802' title='bbox 1625 5223 1764 5291; x_wconf 62' lang='grc' dir='ltr'><strong>μέμ»</strong></span> 
     </span>
    </p>
   </div>
   <div class='ocr_carea' id='block_1_101' title="bbox 177 5312 1764 5390">
    <p class='ocr_par' dir='ltr' id='par_1_101' title="bbox 177 5312 1764 5390">
     <span class='ocr_line' id='line_1_101' title="bbox 177 5312 1764 5390; baseline -0.008 -16"><span class='ocrx_word' id='word_1_803' title='bbox 177 5320 399 5390; x_wconf 74' lang='grc' dir='ltr'><strong>φεσθαι</strong></span> <span class='ocrx_word' id='word_1_804' title='bbox 450 5313 843 5378; x_wconf 71' lang='grc' dir='ltr'><strong>ἑαυτούς’καὶ</strong></span> <span class='ocrx_word' id='word_1_805' title='bbox 872 5312 1128 5380; x_wconf 81' lang='grc' dir='ltr'><strong>ὀδεύομεν</strong></span> <span class='ocrx_word' id='word_1_806' title='bbox 1173 5312 1271 5380; x_wconf 79' lang='grc' dir='ltr'><strong>τὴν</strong></span> <span class='ocrx_word' id='word_1_807' title='bbox 1331 5312 1593 5382; x_wconf 76' lang='grc' dir='ltr'><strong>στρεδλὴν</strong></span> <span class='ocrx_word' id='word_1_808' title='bbox 1647 5313 1764 5364; x_wconf 81' lang='grc' dir='ltr'><strong>ὁδὸν</strong></span> 
     </span>
    </p>
   </div>
   <div class='ocr_carea' id='block_1_102' title="bbox 179 5400 1764 5478">
    <p class='ocr_par' dir='ltr' id='par_1_102' title="bbox 179 5400 1764 5478">
     <span class='ocr_line' id='line_1_102' title="bbox 179 5400 1764 5478; baseline -0.003 -22"><span class='ocrx_word' id='word_1_809' title='bbox 179 5404 546 5478; x_wconf 69' lang='grc' dir='ltr'><strong>μεμφόμενοι</strong></span> <span class='ocrx_word' id='word_1_810' title='bbox 567 5402 658 5453; x_wconf 65' lang='grc' dir='ltr'><strong>τδν</strong></span> <span class='ocrx_word' id='word_1_811' title='bbox 705 5401 953 5468; x_wconf 84' lang='grc' dir='ltr'><strong>πλησίον,</strong></span> <span class='ocrx_word' id='word_1_812' title='bbox 994 5403 1088 5453; x_wconf 76' lang='grc' dir='ltr'><strong>καὶ</strong></span> <span class='ocrx_word' id='word_1_813' title='bbox 1115 5400 1343 5461; x_wconf 69' lang='grc' dir='ltr'><strong>ἕκαστος</strong></span> <span class='ocrx_word' id='word_1_814' title='bbox 1404 5401 1564 5469; x_wconf 76' lang='grc' dir='ltr'><strong>ἡμιῖιν</strong></span> <span class='ocrx_word' id='word_1_815' title='bbox 1599 5417 1764 5453; x_wconf 70' lang='grc' dir='ltr'><strong>σπουη</strong></span> 
     </span>
    </p>
   </div>
   <div class='ocr_carea' id='block_1_103' title="bbox 175 5487 1766 5558">
    <p class='ocr_par' dir='ltr' id='par_1_103' title="bbox 175 5487 1766 5558">
     <span class='ocr_line' id='line_1_103' title="bbox 175 5487 1766 5558; baseline -0.006 -9"><span class='ocrx_word' id='word_1_816' title='bbox 175 5495 351 5557; x_wconf 77' lang='grc' dir='ltr'><strong>δάζει</strong></span> <span class='ocrx_word' id='word_1_817' title='bbox 377 5493 435 5543; x_wconf 78' lang='grc' dir='ltr'><strong>ἐν</strong></span> <span class='ocrx_word' id='word_1_818' title='bbox 478 5487 649 5542; x_wconf 75' lang='grc' dir='ltr'><strong>παντὶ</strong></span> <span class='ocrx_word' id='word_1_819' title='bbox 684 5488 990 5558; x_wconf 87' lang='grc' dir='ltr'><strong>πράγματι,</strong></span> <span class='ocrx_word' id='word_1_820' title='bbox 1026 5488 1209 5555; x_wconf 77' lang='grc' dir='ltr'><strong>βαλεῖν</strong></span> <span class='ocrx_word' id='word_1_821' title='bbox 1247 5487 1348 5554; x_wconf 83' lang='grc' dir='ltr'><strong>τὴν</strong></span> <span class='ocrx_word' id='word_1_822' title='bbox 1410 5490 1591 5542; x_wconf 84' lang='grc' dir='ltr'><strong>αἰτίαν</strong></span> <span class='ocrx_word' id='word_1_823' title='bbox 1628 5488 1766 5541; x_wconf 81' lang='grc' dir='ltr'><strong>κατὰ</strong></span> 
     </span>
    </p>
   </div>
   <div class='ocr_carea' id='block_1_104' title="bbox 175 5573 1761 5646">
    <p class='ocr_par' dir='ltr' id='par_1_104' title="bbox 175 5573 1761 5646">
     <span class='ocr_line' id='line_1_104' title="bbox 175 5573 1761 5646; baseline -0.006 -11"><span class='ocrx_word' id='word_1_824' title='bbox 175 5581 278 5637; x_wconf 82' lang='grc' dir='ltr'><strong>τοῦ</strong></span> <span class='ocrx_word' id='word_1_825' title='bbox 315 5576 554 5646; x_wconf 73' lang='grc' dir='ltr'><strong>ἀδελφοῦ</strong></span> <span class='ocrx_word' id='word_1_826' title='bbox 589 5575 773 5637; x_wconf 82' lang='grc' dir='ltr'><strong>αὐτοῦ,</strong></span> <span class='ocrx_word' id='word_1_827' title='bbox 817 5575 910 5626; x_wconf 74' lang='grc' dir='ltr'><strong>καὶ</strong></span> <span class='ocrx_word' id='word_1_828' title='bbox 939 5573 1093 5642; x_wconf 75' lang='grc' dir='ltr'><strong>ῥίψαι</strong></span> <span class='ocrx_word' id='word_1_829' title='bbox 1126 5576 1243 5625; x_wconf 83' lang='grc' dir='ltr'><strong>κατ’</strong></span> <span class='ocrx_word' id='word_1_830' title='bbox 1274 5574 1437 5627; x_wconf 79' lang='grc' dir='ltr'><strong>αὐτοῦ</strong></span> <span class='ocrx_word' id='word_1_831' title='bbox 1478 5576 1537 5627; x_wconf 82' lang='grc' dir='ltr'><strong>τὸ</strong></span> <span class='ocrx_word' id='word_1_832' title='bbox 1575 5576 1761 5645; x_wconf 84' lang='grc' dir='ltr'><strong>βάρος.</strong></span> 
     </span>
    </p>
   </div>
   <div class='ocr_carea' id='block_1_105' title="bbox 180 5662 1762 5735">
    <p class='ocr_par' dir='ltr' id='par_1_105' title="bbox 180 5662 1762 5735">
     <span class='ocr_line' id='line_1_105' title="bbox 180 5662 1762 5735; baseline -0.006 -10"><span class='ocrx_word' id='word_1_833' title='bbox 180 5673 474 5729; x_wconf 78' lang='grc' dir='ltr'><strong>Ἕκαστος</strong></span> <span class='ocrx_word' id='word_1_834' title='bbox 510 5664 701 5735; x_wconf 77' lang='grc' dir='ltr'><strong>ἀμελεῖ</strong></span> <span class='ocrx_word' id='word_1_835' title='bbox 728 5663 818 5730; x_wconf 81' lang='grc' dir='ltr'><strong>καί</strong></span> <span class='ocrx_word' id='word_1_836' title='bbox 844 5662 994 5714; x_wconf 81' lang='grc' dir='ltr'><strong>οὐδὲν</strong></span> <span class='ocrx_word' id='word_1_837' title='bbox 1029 5662 1305 5728; x_wconf 78' lang='grc' dir='ltr'><strong>φυλάττει,</strong></span> <span class='ocrx_word' id='word_1_838' title='bbox 1344 5666 1438 5719; x_wconf 75' lang='grc' dir='ltr'><strong>καὶ</strong></span> <span class='ocrx_word' id='word_1_839' title='bbox 1475 5665 1564 5720; x_wconf 78' lang='grc' dir='ltr'><strong>τὸν</strong></span> <span class='ocrx_word' id='word_1_840' title='bbox 1619 5667 1762 5734; x_wconf 75' lang='grc' dir='ltr'><strong>πλη-</strong></span> 
     </span>
    </p>
   </div>
   <div class='ocr_carea' id='block_1_106' title="bbox 181 5751 1077 5825">
    <p class='ocr_par' dir='ltr' id='par_1_106' title="bbox 181 5751 1077 5825">
     <span class='ocr_line' id='line_1_106' title="bbox 181 5751 1077 5825; baseline -0.012 -9"><span class='ocrx_word' id='word_1_841' title='bbox 181 5762 311 5817; x_wconf 85' lang='grc' dir='ltr'><strong>σίον</strong></span> <span class='ocrx_word' id='word_1_842' title='bbox 335 5754 680 5825; x_wconf 78' lang='grc' dir='ltr'><strong>ἀπαιτοῦμεν</strong></span> <span class='ocrx_word' id='word_1_843' title='bbox 713 5753 808 5815; x_wconf 80' lang='grc' dir='ltr'><strong>τὰς</strong></span> <span class='ocrx_word' id='word_1_844' title='bbox 841 5751 1077 5811; x_wconf 77' lang='grc' dir='ltr'><strong>ἐντολάς.</strong></span> 
     </span>
    </p>
   </div>
   <div class='ocr_carea' id='block_1_107' title="bbox 1856 4591 3418 4658">
    <p class='ocr_par' dir='ltr' id='par_1_107' title="bbox 1856 4591 3418 4658">
     <span class='ocr_line' id='line_1_107' title="bbox 1856 4591 3418 4658; baseline -0.006 0"><span class='ocrx_word' id='word_1_845' title='bbox 1856 4605 1911 4658; x_wconf 88' lang='lat' dir='ltr'><strong>in</strong></span> <span class='ocrx_word' id='word_1_846' title='bbox 1953 4603 2128 4657; x_wconf 72' lang='lat' dir='ltr'><strong>lucem</strong></span> <span class='ocrx_word' id='word_1_847' title='bbox 2174 4600 2398 4656; x_wconf 87' lang='lat' dir='ltr'><strong>ederent</strong></span> <span class='ocrx_word' id='word_1_848' title='bbox 2425 4596 2492 4649; x_wconf 86' lang='lat' dir='ltr'><strong>ad</strong></span> <span class='ocrx_word' id='word_1_849' title='bbox 2537 4596 2831 4649; x_wconf 88' lang='lat' dir='ltr'><strong>multorum</strong></span> <span class='ocrx_word' id='word_1_850' title='bbox 2885 4591 3194 4657; x_wconf 76' lang='lat' dir='ltr'><strong>utilitatem,</strong></span> <span class='ocrx_word' id='word_1_851' title='bbox 3241 4596 3324 4650; x_wconf 87' lang='lat' dir='ltr'><strong>vel</strong></span> <span class='ocrx_word' id='word_1_852' title='bbox 3361 4606 3418 4648; x_wconf 87' lang='lat' dir='ltr'><strong>ut</strong></span> 
     </span>
    </p>
   </div>
   <div class='ocr_carea' id='block_1_108' title="bbox 1857 4683 3418 4764">
    <p class='ocr_par' dir='ltr' id='par_1_108' title="bbox 1857 4683 3418 4764">
     <span class='ocr_line' id='line_1_108' title="bbox 1857 4683 3418 4764; baseline -0.005 -17"><span class='ocrx_word' id='word_1_853' title='bbox 1857 4693 2136 4764; x_wconf 65' lang='lat' dir='ltr'><strong>praemium</strong></span> <span class='ocrx_word' id='word_1_854' title='bbox 2168 4703 2328 4742; x_wconf 86' lang='lat' dir='ltr'><strong>suum</strong></span> <span class='ocrx_word' id='word_1_855' title='bbox 2374 4685 2552 4752; x_wconf 83' lang='lat' dir='ltr'><strong>majus</strong></span> <span class='ocrx_word' id='word_1_856' title='bbox 2597 4683 2736 4752; x_wconf 86' lang='lat' dir='ltr'><strong>apud</strong></span> <span class='ocrx_word' id='word_1_857' title='bbox 2794 4683 2961 4737; x_wconf 88' lang='lat' dir='ltr'><strong>Deum</strong></span> <span class='ocrx_word' id='word_1_858' title='bbox 3007 4683 3300 4739; x_wconf 77' lang='lat' dir='ltr'><strong>efficerent.</strong></span> <span class='ocrx_word' id='word_1_859' title='bbox 3346 4686 3418 4739; x_wconf 86' lang='lat' dir='ltr'><strong>De</strong></span> 
     </span>
    </p>
   </div>
   <div class='ocr_carea' id='block_1_109' title="bbox 1857 4771 3418 4848">
    <p class='ocr_par' dir='ltr' id='par_1_109' title="bbox 1857 4771 3418 4848">
     <span class='ocr_line' id='line_1_109' title="bbox 1857 4771 3418 4848; baseline -0.007 -11"><span class='ocrx_word' id='word_1_860' title='bbox 1857 4784 2014 4837; x_wconf 88' lang='lat' dir='ltr'><strong>nobis</strong></span> <span class='ocrx_word' id='word_1_861' title='bbox 2063 4789 2238 4833; x_wconf 87' lang='lat' dir='ltr'><strong>autem</strong></span> <span class='ocrx_word' id='word_1_862' title='bbox 2293 4774 2601 4828; x_wconf 80' lang='lat' dir='ltr'><strong>infelicibus</strong></span> <span class='ocrx_word' id='word_1_863' title='bbox 2649 4776 2922 4842; x_wconf 90' lang='lat' dir='ltr'><strong>quomodo</strong></span> <span class='ocrx_word' id='word_1_864' title='bbox 2977 4789 3285 4848; x_wconf 82' lang='lat' dir='ltr'><strong>possumus</strong></span> <span class='ocrx_word' id='word_1_865' title='bbox 3315 4771 3418 4827; x_wconf 85' lang='lat' dir='ltr'><strong>hoc</strong></span> 
     </span>
    </p>
   </div>
   <div class='ocr_carea' id='block_1_110' title="bbox 1857 4865 3420 4935">
    <p class='ocr_par' dir='ltr' id='par_1_110' title="bbox 1857 4865 3420 4935">
     <span class='ocr_line' id='line_1_110' title="bbox 1857 4865 3420 4935; baseline -0.006 -9"><span class='ocrx_word' id='word_1_866' title='bbox 1857 4871 2079 4926; x_wconf 86' lang='lat' dir='ltr'><strong>dicere?</strong></span> <span class='ocrx_word' id='word_1_867' title='bbox 2127 4867 2226 4932; x_wconf 84' lang='lat' dir='ltr'><strong>Qui</strong></span> <span class='ocrx_word' id='word_1_868' title='bbox 2256 4865 2495 4935; x_wconf 79' lang='lat' dir='ltr'><strong>quotidie</strong></span> <span class='ocrx_word' id='word_1_869' title='bbox 2529 4876 2832 4935; x_wconf 85' lang='lat' dir='ltr'><strong>peccantes,</strong></span> <span class='ocrx_word' id='word_1_870' title='bbox 2868 4874 2921 4919; x_wconf 92' lang='lat' dir='ltr'><strong>et</strong></span> <span class='ocrx_word' id='word_1_871' title='bbox 2957 4865 3301 4933; x_wconf 83' lang='lat' dir='ltr'><strong>passionibus</strong></span> <span class='ocrx_word' id='word_1_872' title='bbox 3340 4867 3420 4916; x_wconf 61' lang='grc' dir='ltr'><strong>νίς</strong></span> 
     </span>
    </p>
   </div>
   <div class='ocr_carea' id='block_1_111' title="bbox 1859 4950 3418 5027">
    <p class='ocr_par' dir='ltr' id='par_1_111' title="bbox 1859 4950 3418 5027">
     <span class='ocr_line' id='line_1_111' title="bbox 1859 4950 3418 5027; baseline -0.008 -13"><span class='ocrx_word' id='word_1_873' title='bbox 1859 4961 2056 5027; x_wconf 89' lang='lat' dir='ltr'><strong>tiisque</strong></span> <span class='ocrx_word' id='word_1_874' title='bbox 2088 4955 2288 5010; x_wconf 80' lang='lat' dir='ltr'><strong>nostris</strong></span> <span class='ocrx_word' id='word_1_875' title='bbox 2317 4954 2702 5023; x_wconf 82' lang='lat' dir='ltr'><strong>obsequentes,</strong></span> <span class='ocrx_word' id='word_1_876' title='bbox 2750 4952 3104 5020; x_wconf 84' lang='lat' dir='ltr'><strong>relinquimus</strong></span> <span class='ocrx_word' id='word_1_877' title='bbox 3153 4950 3294 5002; x_wconf 88' lang='lat' dir='ltr'><strong>viam</strong></span> <span class='ocrx_word' id='word_1_878' title='bbox 3331 4964 3418 5002; x_wconf 91' lang='lat' dir='ltr'><strong>re-</strong></span> 
     </span>
    </p>
   </div>
   <div class='ocr_carea' id='block_1_112' title="bbox 1860 5041 3417 5114">
    <p class='ocr_par' dir='ltr' id='par_1_112' title="bbox 1860 5041 3417 5114">
     <span class='ocr_line' id='line_1_112' title="bbox 1860 5041 3417 5114; baseline -0.007 -10"><span class='ocrx_word' id='word_1_879' title='bbox 1860 5057 1999 5104; x_wconf 85' lang='lat' dir='ltr'><strong>ctam</strong></span> <span class='ocrx_word' id='word_1_880' title='bbox 2028 5059 2190 5114; x_wconf 89' lang='lat' dir='ltr'><strong>quam</strong></span> <span class='ocrx_word' id='word_1_881' title='bbox 2228 5042 2418 5098; x_wconf 76' lang='lat' dir='ltr'><strong>Patres</strong></span> <span class='ocrx_word' id='word_1_882' title='bbox 2447 5043 2618 5099; x_wconf 86' lang='lat' dir='ltr'><strong>nostri</strong></span> <span class='ocrx_word' id='word_1_883' title='bbox 2649 5044 2701 5096; x_wconf 93' lang='lat' dir='ltr'><strong>in</strong></span> <span class='ocrx_word' id='word_1_884' title='bbox 2733 5043 2814 5095; x_wconf 88' lang='lat' dir='ltr'><strong>sui</strong></span> <span class='ocrx_word' id='word_1_885' title='bbox 2844 5041 3013 5108; x_wconf 86' lang='lat' dir='ltr'><strong>ipsius</strong></span> <span class='ocrx_word' id='word_1_886' title='bbox 3035 5052 3160 5092; x_wconf 90' lang='lat' dir='ltr'><strong>vera</strong></span> <span class='ocrx_word' id='word_1_887' title='bbox 3190 5052 3417 5093; x_wconf 84' lang='lat' dir='ltr'><strong>accusa-</strong></span> 
     </span>
    </p>
   </div>
   <div class='ocr_carea' id='block_1_113' title="bbox 1860 5128 3417 5196">
    <p class='ocr_par' dir='ltr' id='par_1_113' title="bbox 1860 5128 3417 5196">
     <span class='ocr_line' id='line_1_113' title="bbox 1860 5128 3417 5196; baseline -0.006 -5"><span class='ocrx_word' id='word_1_888' title='bbox 1860 5139 2003 5191; x_wconf 89' lang='lat' dir='ltr'><strong>tione</strong></span> <span class='ocrx_word' id='word_1_889' title='bbox 2043 5135 2232 5188; x_wconf 79' lang='lat' dir='ltr'><strong>dixere</strong></span> <span class='ocrx_word' id='word_1_890' title='bbox 2278 5133 2622 5189; x_wconf 73' lang='lat' dir='ltr'><strong>consisterel</strong></span> <span class='ocrx_word' id='word_1_891' title='bbox 2670 5131 2780 5185; x_wconf 82' lang='lat' dir='ltr'><strong>Nos</strong></span> <span class='ocrx_word' id='word_1_892' title='bbox 2821 5143 2948 5183; x_wconf 88' lang='lat' dir='ltr'><strong>vero</strong></span> <span class='ocrx_word' id='word_1_893' title='bbox 2996 5137 3139 5182; x_wconf 89' lang='lat' dir='ltr'><strong>retro</strong></span> <span class='ocrx_word' id='word_1_894' title='bbox 3187 5128 3322 5196; x_wconf 87' lang='lat' dir='ltr'><strong>lapsi</strong></span> <span class='ocrx_word' id='word_1_895' title='bbox 3364 5131 3417 5181; x_wconf 88' lang='lat' dir='ltr'><strong>in</strong></span> 
     </span>
    </p>
   </div>
   <div class='ocr_carea' id='block_1_114' title="bbox 1860 5217 3420 5293">
    <p class='ocr_par' dir='ltr' id='par_1_114' title="bbox 1860 5217 3420 5293">
     <span class='ocr_line' id='line_1_114' title="bbox 1860 5217 3420 5293; baseline -0.006 -11"><span class='ocrx_word' id='word_1_896' title='bbox 1860 5224 2070 5282; x_wconf 89' lang='lat' dir='ltr'><strong>cunctis</strong></span> <span class='ocrx_word' id='word_1_897' title='bbox 2096 5225 2402 5293; x_wconf 79' lang='lat' dir='ltr'><strong>proximum</strong></span> <span class='ocrx_word' id='word_1_898' title='bbox 2429 5235 2770 5283; x_wconf 78' lang='lat' dir='ltr'><strong>accusamus,</strong></span> <span class='ocrx_word' id='word_1_899' title='bbox 2794 5220 2864 5272; x_wconf 88' lang='lat' dir='ltr'><strong>ita</strong></span> <span class='ocrx_word' id='word_1_900' title='bbox 2892 5226 2952 5272; x_wconf 92' lang='lat' dir='ltr'><strong>ut</strong></span> <span class='ocrx_word' id='word_1_901' title='bbox 2973 5217 3150 5287; x_wconf 89' lang='lat' dir='ltr'><strong>quivis</strong></span> <span class='ocrx_word' id='word_1_902' title='bbox 3173 5230 3420 5272; x_wconf 87' lang='lat' dir='ltr'><strong>nostrum</strong></span> 
     </span>
    </p>
   </div>
   <div class='ocr_carea' id='block_1_115' title="bbox 1863 5309 3418 5383">
    <p class='ocr_par' dir='ltr' id='par_1_115' title="bbox 1863 5309 3418 5383">
     <span class='ocr_line' id='line_1_115' title="bbox 1863 5309 3418 5383; baseline -0.006 -14"><span class='ocrx_word' id='word_1_903' title='bbox 1863 5314 2095 5378; x_wconf 84' lang='lat' dir='ltr'><strong>studeat,</strong></span> <span class='ocrx_word' id='word_1_904' title='bbox 2127 5328 2339 5383; x_wconf 89' lang='lat' dir='ltr'><strong>semper</strong></span> <span class='ocrx_word' id='word_1_905' title='bbox 2367 5327 2586 5369; x_wconf 84' lang='lat' dir='ltr'><strong>causam</strong></span> <span class='ocrx_word' id='word_1_906' title='bbox 2610 5323 2822 5364; x_wconf 90' lang='lat' dir='ltr'><strong>omnem</strong></span> <span class='ocrx_word' id='word_1_907' title='bbox 2860 5309 3062 5363; x_wconf 88' lang='lat' dir='ltr'><strong>erroris</strong></span> <span class='ocrx_word' id='word_1_908' title='bbox 3105 5309 3160 5362; x_wconf 89' lang='lat' dir='ltr'><strong>in</strong></span> <span class='ocrx_word' id='word_1_909' title='bbox 3200 5309 3418 5362; x_wconf 85' lang='lat' dir='ltr'><strong>fratrem</strong></span> 
     </span>
    </p>
   </div>
   <div class='ocr_carea' id='block_1_116' title="bbox 1864 5399 3424 5468">
    <p class='ocr_par' dir='ltr' id='par_1_116' title="bbox 1864 5399 3424 5468">
     <span class='ocr_line' id='line_1_116' title="bbox 1864 5399 3424 5468; baseline -0.006 -11"><span class='ocrx_word' id='word_1_910' title='bbox 1864 5404 2081 5466; x_wconf 80' lang='lat' dir='ltr'><strong>referre,</strong></span> <span class='ocrx_word' id='word_1_911' title='bbox 2117 5413 2170 5458; x_wconf 92' lang='lat' dir='ltr'><strong>et</strong></span> <span class='ocrx_word' id='word_1_912' title='bbox 2199 5419 2361 5459; x_wconf 91' lang='lat' dir='ltr'><strong>omne</strong></span> <span class='ocrx_word' id='word_1_913' title='bbox 2391 5418 2531 5458; x_wconf 86' lang='lat' dir='ltr'><strong>unus</strong></span> <span class='ocrx_word' id='word_1_914' title='bbox 2566 5401 2638 5455; x_wconf 92' lang='lat' dir='ltr'><strong>illi</strong></span> <span class='ocrx_word' id='word_1_915' title='bbox 2678 5399 2972 5466; x_wconf 87' lang='lat' dir='ltr'><strong>imponere,</strong></span> <span class='ocrx_word' id='word_1_916' title='bbox 3004 5401 3295 5468; x_wconf 82' lang='lat' dir='ltr'><strong>omniaque</strong></span> <span class='ocrx_word' id='word_1_917' title='bbox 3331 5411 3424 5449; x_wconf 89' lang='lat' dir='ltr'><strong>ue-</strong></span> 
     </span>
    </p>
   </div>
   <div class='ocr_carea' id='block_1_117' title="bbox 1863 5490 3422 5562">
    <p class='ocr_par' dir='ltr' id='par_1_117' title="bbox 1863 5490 3422 5562">
     <span class='ocr_line' id='line_1_117' title="bbox 1863 5490 3422 5562; baseline -0.006 -17"><span class='ocrx_word' id='word_1_918' title='bbox 1863 5493 2124 5562; x_wconf 86' lang='lat' dir='ltr'><strong>gligentcs</strong></span> <span class='ocrx_word' id='word_1_919' title='bbox 2179 5504 2233 5550; x_wconf 87' lang='lat' dir='ltr'><strong>et</strong></span> <span class='ocrx_word' id='word_1_920' title='bbox 2276 5495 2410 5551; x_wconf 88' lang='lat' dir='ltr'><strong>nihil</strong></span> <span class='ocrx_word' id='word_1_921' title='bbox 2441 5498 2714 5552; x_wconf 84' lang='lat' dir='ltr'><strong>curantes,</strong></span> <span class='ocrx_word' id='word_1_922' title='bbox 2768 5502 2797 5542; x_wconf 88' lang='lat' dir='ltr'><strong>a</strong></span> <span class='ocrx_word' id='word_1_923' title='bbox 2851 5490 3100 5557; x_wconf 78' lang='lat' dir='ltr'><strong>proximo</strong></span> <span class='ocrx_word' id='word_1_924' title='bbox 3161 5495 3422 5556; x_wconf 70' lang='lat' dir='ltr'><strong>praecauta</strong></span> 
     </span>
    </p>
   </div>
   <div class='ocr_carea' id='block_1_118' title="bbox 1866 5564 3156 5650">
    <p class='ocr_par' dir='ltr' id='par_1_118' title="bbox 1866 5564 3156 5650">
     <span class='ocr_line' id='line_1_118' title="bbox 1866 5564 3156 5650; baseline -0.003 -14"><span class='ocrx_word' id='word_1_925' title='bbox 1866 5582 2175 5650; x_wconf 88' lang='lat' dir='ltr'><strong>repetimus.</strong></span> <span class='ocrx_word' id='word_1_926' title='bbox 3153 5564 3156 5567; x_wconf 41' lang='grc'><strong>”</strong></span> 
     </span>
    </p>
   </div>
  </div>
