4020 6340
150 409 259 477 ΠΠ

1460 373 1840 465 bocratNA
1894 405 1999 466 1x.

3202 408 3334 474 1718

147 538 270 597 μου·
314 519 409 573 καὶ
466 519 651 572 λοιπὸν
713 516 1119 589 παρακοὺεσθαι
1172 518 1266 571 καὶ
1325 516 1679 588 περιεργάζε-

1792 515 1976 581 animi,
2008 532 2277 587 nunquam
2309 517 2417 572 falli
2441 527 2534 574 aut
2560 520 2733 591 decipi
2764 521 2936 592 ipsum
2972 523 3222 592 patietur,
3240 524 3335 579 sed

146 611 266 671 σθαι,
302 607 577 678 δικαίωμά
620 609 735 661 ἐστι
775 606 870 660 τοῦ
905 605 1150 660 διαϐόλου
1181 605 1424 668 θέλοντος
1452 604 1673 658 ἐπιδου-

144 705 190 756 λε
197 703 309 756 ὑιιν.

1778 621 1995 678 semper
2037 609 2186 663 illum
2231 612 2320 678 qui
2357 626 2481 665 eum
2530 612 2783 683 corrigat,
2813 613 3118 670 destinabit.
3152 614 3335 671 Ditiere

1780 707 1983 765 autem,
2015 699 2087 756 Ut
2108 716 2193 755 me
2222 701 2401 770 ipsum
2431 702 2730 773 corrigam,
2761 704 2974 759 credam
3007 708 3333 776 suspicioni-

146 799 247 851 bus.
278 802 440 863 atque
469 792 724 862 deinceps
750 805 934 862 parere
986 789 1265 855 recusabo,
1335 802 1537 859 eroque
1595 801 1693 842 cur

1792 802 1880 844 ιε·
1914 789 2137 858 iustitiae
2176 793 2375 848 diaboli
2418 802 2544 849 sunt
2603 796 2800 865 quibus
2850 797 3190 868 supplantare
3237 816 3336 858 nos

144 888 334 958 quatit.

204 977 266 1030 B'.
298 976 431 1030 [Ιοτὲ
459 976 613 1040 ὄντος
640 992 739 1047 μου
762 976 819 1028 ὲν
863 974 939 1045 τῷ
990 973 1261 1044 κοινοὸίῳ,
1304 969 1677 1044 ὲπειραζόμην

146 1072 217 1122 ἵνα
245 1070 303 1120 ὲκ
336 1067 435 1137 τῆς
469 1069 735 1138 κινήσεως
788 1064 884 1119 τοῦ
935 1063 1221 1135 ἀνθρώπου
1273 1061 1678 1133 καταλαμϐάνω

141 1160 226 1229 τὴν
262 1158 593 1212 κατάστασιν
655 1155 841 1209 αὑτοῦ.
884 1156 1126 1225 Ἀπαντᾷ
1175 1172 1265 1225 μοι
1327 1149 1418 1206 οὖν
1470 1151 1678 1204 τοιοῦτο

145 1251 384 1318 πρᾶγμα·
429 1248 575 1314 ἅπαξ
606 1248 681 1311 ὡς
738 1246 987 1316 ἵσταμαι,
1045 1246 1383 1316 παρέρχεται
1415 1244 1514 1311 μία
1540 1242 1677 1313 γυνὴ

146 1338 465 1407 βαστάζουσα
497 1338 684 1406 ὑδρίαν
725 1335 932 1398 ὓδατος,
972 1334 1065 1388 καὶ
1084 1335 1184 1387 οὐκ
1208 1330 1327 1387 οἴδα
1356 1332 1473 1396 πῶς
1503 1332 1679 1402 ἡρπά-

147 1431 279 1501 σθην,
309 1432 407 1482 καὶ
436 1429 731 1497 προσέσχον
757 1427 867 1488 τοῖς
897 1424 1192 1495 ὀφθαλμοῖς
1213 1425 1401 1495 αὐτῆς·
1423 1424 1519 1477 καὶ
1544 1425 1678 1477 ὑπο-

144 1522 307 1575 σάλλει
329 1537 420 1590 μοι
451 1521 480 1571 ὁ
501 1516 758 1586 λογισμὸς
791 1515 1013 1579 εὑθὲως,
1043 1516 1126 1568 ὅτι
1179 1515 1349 1587 πόρνη
1378 1514 1546 1566 ἐστίν.
1590 1514 1679 1577 Ὠς

143 1609 225 1665 οὖν
266 1609 501 1664 ὑπέδαλε
555 1608 712 1662 τοῦτο
749 1610 778 1662 ὁ
825 1607 1102 1678 λογισμὸς.
1139 1606 1357 1677 ἐθλίϐην
1394 1606 1554 1667 πάνυ,
1585 1606 1678 1657 καὶ

142 1702 271 1771 δηλῶ
284 1702 362 1772 τῷ
378 1702 593 1771 γέροντι
624 1699 700 1771 τῷ
731 1698 876 1752 assa
902 1698 1145 1770 Ἰωάννῃ,
1171 1696 1365 1759 οὕτως·
1412 1697 1675 1757 Δέσποτα,

143 1789 229 1847 ἐὰν
255 1788 329 1859 μὴ
359 1787 527 1841 θέλων
559 1786 652 1839 ἴδω
676 1784 886 1856 κίνημά
912 1800 1077 1847 τινος,
1104 1784 1198 1836 καὶ
1218 1782 1511 1837 ὑποϐάλλει
1541 1783 1680 1851 μοιό

1840 967 1902 1025 Ii.
1930 968 2068 1026 Dum
2118 963 2291 1028 essem
2336 974 2389 1027 i'n
2430 975 2699 1036 coenobio,
2744 975 2970 1030 fallebar
3018 990 3334 1045 p.erumqne

1776 1076 1805 1113 a
1832 1075 1917 1114 me
1946 1061 2082 1130 ipso,
2139 1063 2362 1118 credens
2393 1073 2541 1118 certo
2582 1080 2647 1118 ex
2686 1074 2828 1117 motu
2852 1065 3116 1118 exteriore
3160 1064 3350 1118 homi-.

1777 1149 1861 1204 nis
1919 1166 2078 1220 posse
2110 1161 2308 1205 statum
2350 1153 2546 1208 mentis
2588 1152 2937 1221 deprehendi.
3008 1152 3103 1206 Die
3155 1164 3329 1208 autem
3388 1170 3391 1173 '

1777 1242 2009 1310 quadam
2040 1242 2169 1296 dum
2203 1243 2334 1297 inea
2356 1258 2530 1298 essent
2554 1244 2897 1298 fluctuatione
2924 1255 2977 1297 ct
3010 1245 3333 1313 cogitatione

1778 1335 1965 1395 animi.
2010 1336 2246 1391 occurrit
2296 1335 2428 1389 mihi
2472 1336 2684 1400 mulier,
2731 1351 2883 1406 aqua:
2925 1336 3165 1405 hydriam
3204 1354 3332 1407 por-

1782 1433 1923 1484 tans,
1960 1425 2013 1478 in
2056 1438 2218 1493 quam
2267 1426 2448 1479 nescio
2488 1441 2595 1494 quo
2628 1436 2784 1494 pacto
2828 1435 3106 1495 correptus
3146 1428 3333 1481 oculos

1776 1516 1901 1584 jeci,
1956 1517 2250 1584 statimque
2287 1518 2595 1586 suspicatus
2645 1532 2763 1569 sum
2790 1527 3028 1572 scortum
3062 1532 3201 1571 esse.
3266 1516 3335 1571 Ut

1780 1612 1956 1657 autem
2007 1603 2109 1658 hoc
2154 1604 2283 1658 mihi
2341 1608 2652 1675 scrupulum
2696 1606 2876 1674 injecit
2915 1606 3164 1677 cogitatio
3196 1624 3333 1676 mea,

1780 1694 2053 1766 amigebar
2080 1696 2392 1760 admodum,
2426 1713 2493 1752 eo
2522 1714 2692 1767 usque
2710 1699 2835 1752 dum
2861 1700 2911 1753 id
2942 1702 3117 1755 abbati
3142 1700 3330 1755 Joanni

1780 1786 2031 1851 revelavi,
2052 1785 2274 1853 dixique
2305 1807 2318 1841 :
2344 1785 2582 1842 Obsecro
2608 1798 2681 1851 te,
2706 1789 2777 1842 mi
2815 1801 2980 1859 pater,
3011 1793 3191 1846 nescio
3227 1808 3334 1861 quo

143 1879 386 1950 λογισμὸς
407 1879 506 1949 τὴν
523 1878 849 1932 κατάστασιν
868 1875 1054 1940 αὑτοῦ,
1076 1875 1130 1928 τί
1163 1873 1394 1943 ὤφειλον
1423 1874 1679 1942 ποιῆσαι;

1792 1886 1937 1947 pacto
1964 1877 2155 1931 nolens
2203 1893 2268 1932 ex
2298 1888 2442 1931 motu
2481 1882 2725 1948 corporis
2756 1880 2942 1948 judico
2972 1892 3171 1937 statum
3202 1885 3334 1937 inti--

146 1973 243 2025 Καὶ
278 1972 429 2041 δηλοῐ
458 1987 549 2041 μοι
602 1970 697 2021 καὶ
746 1968 775 2020 ὁ
809 1966 986 2038 γέρων
1028 1965 1221 2030 οὑτως.
1265 1965 1331 2017 Τί
1386 1960 1514 2031 οὖν;
1571 1965 1683 2017 Οὑκ

143 2064 276 2115 ἐστιν
301 2064 388 2116 ὅτε
428 2061 516 2114 ἀεὶ
558 2058 670 2129 ἔχει
715 2076 796 2121 τις
850 2059 1076 2125 φυσικὴν
1128 2056 1447 2126 ἐλάττωμα,
1496 2056 1590 2108 καὶ
1615 2054 1682 2108 δι’

143 2151 333 2219 ἀγῶνος
361 2153 601 2221 κατορθῇ
630 2148 792 2210 αὑτὸς
818 2148 917 2201 οὑκ
961 2147 1107 2199 ἔστιν
1156 2148 1221 2199 ὲκ
1272 2146 1461 2199 τούτου
1495 2144 1687 2214 μαθεῖν

145 2242 459 2296 κατάστασίν
508 2256 672 2303 τινος.
716 2239 1002 2308 Μηδὲποτε
1051 2234 1144 2292 οὖν
1199 2239 1496 2311 πιστεύσῃς
1566 2238 1686 2298 ταῖς

144 2327 409 2391 ὑπονοίαις
463 2344 591 2380 σου·
648 2325 892 2397 σκαμόὸς
940 2327 1049 2396 γὰρ
1096 2326 1294 2390 κανὼν,
1332 2326 1524 2379 καὶτὰ
1553 2322 1688 2393 ὀρθά

147 2419 358 2490 σκαμΰὰ
381 2421 547 2481 ποιεῖ.
586 2418 817 2482 Ψευδεῖς
839 2424 976 2472 είσιν
1037 2419 1096 2470 αί
1123 2418 1365 2471 ὑπόνοιαι
1414 2415 1511 2468 καὶ
1558 2414 1688 2484 βλά-

143 2527 384 2567 πτουσιν.
426 2513 521 2567 Ἐκ
549 2512 672 2566 τότε
695 2508 818 2564 εἶπέ
846 2508 1241 2581 μοιόλογισμδς
1260 2508 1391 2578 περὶ
1417 2506 1509 2561 τοῦ
1535 2505 1689 2577 ἡλίου

142 2603 218 2657 ὅτι
246 2604 392 2675 ἥλιός
429 2605 599 2669 ἐστιν,
623 2603 667 2674 ἢ
697 2600 825 2672 περὶ
858 2600 952 2654 τοῦ
988 2600 1213 2662 σκότους
1251 2599 1337 2651 ὅτι
1377 2597 1567 2662 σκότος
1600 2600 1691 2651 ὲσ-

141 2696 239 2760 τὶν,
257 2697 357 2750 οὑκ
379 2695 662 2750 ἐπίστευον
693 2691 861 2764 αὑτῷ.
896 2691 1067 2745 οὐδὲν
1094 2688 1393 2761 βαρύτερον
1420 2690 1528 2743 τῶν
1554 2690 1689 2743 ὑπο-

142 2788 292 2841 νοιιῖιν
315 2805 330 2818 ·
352 2787 606 2842 τοσοῦτόν
626 2788 764 2840 εἰσιν
783 2783 1099 2845 ὲπιὸλαὸεϊς
1117 2799 1132 2814 ο
1163 2785 1245 2837 ὅτι
1261 2782 1609 2853 χρονίζουσαι
1633 2782 1692 2834 ὲν

140 2880 265 2950 ἡμῖν
295 2882 552 2950 ἄρχονται
581 2878 787 2933 πίθειν
814 2879 964 2947 ἡμᾶς
986 2873 1083 2929 καῖ
1095 2874 1333 2945 ἐνεργῶς
1363 2875 1543 2927 δοκεῖν
1566 2872 1692 2943 βλέ-

141 2986 261 3023 πειν
284 2972 586 3044 πράγματα
611 2971 745 3042 μήτε
768 2969 918 3035 ὄντα,
949 2970 1084 3040 μήτε
1104 2968 1382 3038 γινόμενα.
1407 2965 1519 3020 Καὶ
1545 2964 1694 3033 λέγω

140 3062 264 3133 ὑμῖν
292 3065 526 3135 πρᾶγμα
551 3062 864 3133 θαυμαστὸν
894 3061 1023 3131 περὶ
1042 3059 1233 3115 τούτου
1264 3060 1347 3112 ὅτι
1379 3056 1491 3127 ὲγὼ
1548 3066 1693 3129 παρ-

140 3152 486 3223 ηκολούθησα
529 3152 611 3206 ἔτι
661 3151 737 3205 ὣν
766 3153 824 3206 ὲν
853 3150 934 3222 τῷ
966 3149 1237 3221 κοινοϐίῳ.
1283 3148 1534 3219 ’Δόελφόν
1572 3166 1694 3202 τινα

137 3212 353 3314 εἴχομεν
380 3212 498 3297 ἐκεῖ
519 3245 661 3297 πάνυ
699 3212 1023 3312 ὀχλούμενον
1047 3241 1153 3295 ὑπὸ
1188 3212 1291 3293 ’τοῦ
1324 3212 1531 3303 πάθους
1566 3238 1693 3292 τοὺ·
1715 3212 1763 3271 c

137 3347 251 3391 του.
283 3333 381 3385 καὶ
413 3326 567 3395 οὗτος
614 3330 861 3383 ἐπείθετο
917 3331 1036 3392 ταῖς
1094 3328 1253 3391 ἰδίαις
1290 3326 1586 3403 ὑπονοίαις,
1615 3326 1695 3390 ὡς

138 3406 599 3493 πληροφορεῖσθαι
625 3420 787 3475 αὑτὸν
816 3420 948 3491 περὶ
968 3419 1205 3490 ἑκάστης
1236 3418 1488 3483 ὑπονοίας
1504 3418 1693 3486 αὑτοῦ,

134 3514 213 3567 ὅτι
230 3512 408 3578 οὕτως
438 3512 557 3567 ἐστὶ
584 3513 820 3578 πάντως,
848 3512 924 3575 ὼς
946 3511 1291 3583 ὑπογράφειὸ
1312 3510 1567 3582 λογισμὸς
1593 3510 1694 3565 αὑ-

136 3603 249 3667 τοῦ.
280 3606 379 3658 καὶ
402 3605 503 3658 οὑκ
530 3604 799 3675 ἐνδέχεται
846 3602 1020 3667 άλλως
1047 3619 1061 3632 ·
1101 3602 1181 3672 τῷ
1211 3598 1306 3656 οὖν
1334 3594 1521 3674 χρόνῳ
1557 3618 1695 3674 προ-

136 3696 429 3759 κόπτοντος
454 3695 546 3750 τοῦ
573 3696 765 3760 κακοῦ,
788 3696 961 3759 οὕτως
985 3695 1145 3749 αὑτὸν
1174 3694 1399 3749 ἔπεισαν
1422 3696 1472 3747 oi
1503 3694 1695 3765 δαίμο-

136 3805 226 3853 νες
251 3789 585 3849 πλανᾶσθαι,
620 3789 761 3843 ὥστε
817 3787 1081 3841 εἰσελθεῖν
1129 3787 1290 3841 αὑτὸν
1317 3786 1464 3851 ἅπαξ
1494 3789 1574 3850 είς
1602 3787 1697 3840 τὸν

136 3881 311 3952 κῆπον
378 3878 855 3934 κατασκοποῦντα.
907 3881 1019 3932 Καὶ
1072 3880 1181 3947 γὰρ
1211 3882 1573 3951 παρετηρεῖτο
1599 3878 1697 3932 καὶ

136 3973 531 4044 παρηκροᾶτοο
563 3970 657 4023 καὶ
694 3969 839 4035 ἔδοξε
868 3969 1086 4039 βλέπειν
1137 3970 1257 4023 τινὰ
1292 3971 1401 4022 τῶν
1454 3970 1697 4037 ἀδελφῶν

135 4064 440 4119 κλέπτοντα
496 4063 636 4115 σῦκα
684 4062 777 4115 καὶ
806 4060 1106 4131 τρῶγοντα,
1129 4055 1238 4111 Ἦν
1282 4059 1338 4110 δὲ
1364 4060 1459 4111 καὶ
1515 4062 1697 4129 [lupa-‘-

137 4156 328 4225 σκευὴ,
362 4153 461 4208 καὶ
479 4150 660 4224 ἀκμὴν
685 4150 804 4204 οὑδὲ
830 4151 949 4221 ῶρα
995 4148 1243 4218 δευτέρα.
1286 4147 1376 4211 Ὦς
1403 4144 1498 4201 οὗν
1544 4146 1698 4199 ἐπει-

135 4263 229 4301 cev
270 4247 461 4307 αὑτὸν,
501 4244 579 4306 ῶς
632 4243 715 4296 ὃτι
769 4240 951 4304 ἰδικῶς
993 4239 1133 4311 μετὰ
1186 4238 1443 4311 ἀληθείας
1486 4233 1593 4291 εἶδε
1634 4236 1697 4289 τὸ

136 4340 397 4409 πρᾶγμα,
438 4336 669 4409 κρύπτει
691 4333 900 4398 ἑαυτὸν,
933 4334 1118 4403 φησιν,
1147 4332 1241 4385 καὶ
1260 4331 1541 4403 ἐξέρχεται
1570 4347 1699 4384 σιω-

134 4427 273 4494 πῶν,
311 4428 416 4481 καὶ
440 4427 746 4498 παρατηρεί
792 4423 954 4478 πάλιν
1000 4425 1080 4486 εἰς
1112 4423 1211 4492 τὴν
1235 4421 1382 4492 ῶραν
1442 4421 1543 4491 τῆς
1574 4436 1700 4475 συν-

1783 1970 1945 2023 rioris
1981 1968 2198 2036 mentis,
2246 1970 2572 2039 cogitatione
2615 1985 2733 2024 mea
2774 1971 2874 2025 hoc
2905 1973 3035 2026 mihi
3072 1973 3331 2039 dictante;

1783 2060 1911 2129 quid
1958 2061 2117 2131 igitur
2153 2076 2343 2115 censes
2396 2059 2736 2114 faciendum?
2797 2061 3091 2130 Respondit
3129 2066 3195 2119 ad
3224 2066 3337 2119 bzce

1785 2152 1965 2206 senior
1988 2169 2017 2205 .:
2062 2150 2196 2205 Cum
2243 2152 2368 2220 quis
2414 2151 2599 2205 vitium
2634 2151 2800 2205 ullum
2837 2153 3079 2205 naturale
3102 2162 3156 2207 et
3194 2155 3340 2225 inge-

1787 2242 1959 2296 nitum
1984 2241 2233 2296 habuerit
2264 2282 2280 2301 .
2315 2251 2370 2295 et
2416 2257 2511 2311 per
2551 2256 2780 2311 pugnam
2820 2242 2950 2295 illud
2983 2237 3338 2312 superaverit,

1787 2348 1893 2386 non
1925 2331 2110 2387 licebit
2137 2349 2203 2386 ex
2236 2334 2338 2386 hoc
2362 2341 2560 2385 statum
2592 2332 2762 2401 ipsius
2796 2347 3139 2401 cognoscere,
3169 2335 3346 2388 multo
3396 2320 3399 2321 ν

1788 2423 1968 2477 minus
2001 2437 2067 2478 ex
2094 2421 2512 2492 Suspicionibus,
2538 2421 2734 2491 quibus
2765 2432 2822 2474 ut
2851 2438 3121 2492 nunquam
3155 2426 3347 2480 credas

1788 2515 2075 2570 admoneo.
2136 2512 2340 2585 Regula
2380 2511 2545 2584 816
2583 2513 2727 2568 enim
2757 2512 2995 2582 obliqua,
3028 2516 3188 2568 etiam
3224 2531 3346 2584 quae

1790 2617 1931 2664 recta
1962 2620 2090 2663 sunt
2105 2607 2369 2675 obliquat.
2408 2605 2830 2660 Mendacissimze
2853 2607 3345 2675 Suntsuspiciones,

1787 2708 1842 2754 et
1882 2697 2136 2753 onmibus
2188 2689 2508 2750 habentibus
2538 2704 2752 2751 nocent.
2805 2694 2881 2749 Ex
2911 2713 2975 2751 eo
2996 2697 3155 2766 igitur
3205 2708 3341 2752 tem~

1790 2802 1919 2858 pore
1966 2786 2014 2842 si
2045 2784 2179 2841 mihi
2216 2786 2469 2854 cogitatio
2510 2800 2629 2840 mea
2683 2785 2907 2842 dixisset
2954 2787 3120 2841 solem
3174 2789 3343 2841 solem

1789 2895 1933 2943 esse,
1966 2887 2021 2934 et
2057 2876 2308 2933 tenebras
2339 2873 2610 2940 tenebras,
2635 2877 2726 2930 vix
2769 2876 3139 2932 credidissem.
3201 2874 3346 2930 Nihil

1792 2972 2008 3042 gravius
2055 2967 2480 3040 suspicionibus,
2514 2983 2636 3037 qua:
2661 2967 2795 3022 adeo
2826 2968 3000 3021 noxiae
3030 2977 3174 3033 sunt,
3200 2976 3256 3021 ut
3299 2968 3350 3021 si

1794 3062 1848 3117 in
1885 3061 2040 3116 nobis
2070 3060 2347 3132 paululum
2396 3058 2684 3120 insideant.
2733 3059 2976 3113 nitantur
3009 3060 3188 3113 statim
3223 3072 3347 3127 pcr-

1795 3153 2024 3208 suadere
2070 3160 2131 3205 ut
2176 3143 2463 3204 credamus
2503 3142 2604 3204 nos
2636 3147 2783 3216 ipsos
2809 3149 3350 3203 evidentissime’cer-

1792 3256 1923 3295 nere
1949 3255 2011 3294 ea
2043 3239 2205 3293 etiam
2245 3253 2367 3307 quae
2406 3253 2581 3308 neque
2614 3250 2741 3293 sunt
2784 3253 2958 3307 neque
2997 3238 3233 3292 fuerunt.
3282 3238 3350 3292 Et

1791 3348 1905 3387 rem
1946 3330 2101 3387 vobis
2122 3344 2286 3399 super
2317 3329 2422 3385 hoc
2461 3328 2695 3384 narrabo
2734 3329 3047 3395 mirabilem,
3083 3329 3136 3383 in
3187 3322 3349 3398 quam

1793 3440 1892 3494 ego
1930 3422 2095 3479 incidi
2119 3422 2246 3476 dum
2269 3435 2445 3477 essem
2479 3420 2657 3476 adhuc
2689 3421 2743 3475 in
2783 3421 3053 3476 coenobio.
3105 3420 3347 3476 Fratrem

1794 3514 2085 3569 habuimus
2129 3512 2361 3567 maxime
2417 3511 2821 3581 perturbatione
2858 3511 2958 3567 hac
3001 3512 3348 3581 exagitamur,
3443 3538 3450 3544 -

1792 3606 1885 3675 qui
1920 3604 2321 3675 suspicionibus
2358 3603 2474 3659 suis
2521 3605 2594 3657 ita
2639 3605 2901 3668 crederet,
2944 3612 3006 3658 ut
3044 3602 3351 3674 persuaderi
3420 3662 3425 3667 ,

1793 3698 1945 3752 nullo
1996 3696 2157 3751 modo
2196 3705 2378 3766 posset
2421 3695 2577 3749 aliter
2609 3696 2811 3750 sentire
2870 3705 2964 3750 aut
2998 3710 3120 3751 esse
3173 3711 3353 3767 posse,

1793 3804 1958 3859 quam
2001 3804 2101 3843 sua
2138 3788 2241 3842 sibi
2282 3788 2537 3858 cogitatio
2573 3788 2851 3842 dictasset.
2899 3786 3163 3858 Tempore
3194 3788 3355 3857 igitur

1796 3889 2171 3937 succrescente
2220 3879 2384 3943 malo,
2424 3878 2497 3933 ita
2548 3886 2630 3934 est
2662 3878 2969 3933 daemonum
3013 3879 3355 3953 institutione

1796 3895 2171 3937 succrescente
2220 3895 2384 3943 man,
2424 3895 2497 3933 tta
2548 3895 2630 3934 est
2662 3895 2969 3933 daemonum
3013 3895 3078 3953 ιιι.
3105 3895 3355 3934 utunoue

1793 3974 2072 4043 deceptus,
2125 3982 2185 4026 ut
2244 3972 2462 4027 hortum
2514 3972 2789 4043 ingressus
2842 3895 3168 4025 ad'euntidc
3207 3985 3357 4023 more

1794 4064 2240 4131 custodiendum,
2271 4064 2454 4120 videre
2488 4063 2762 4120 videretur
2796 4062 3014 4117 fratrem
3047 4062 3357 4131 subripien-

1796 4166 1904 4213 tetn
1949 4158 2083 4212 ficus
2108 4166 2162 4211 et
2193 4156 2588 4224 comedentem.
2646 4156 2776 4211 Erat
2817 4165 2993 4210 autem
3031 4152 3355 4219 Parasceve,

1797 4251 2038 4320 horaque
2084 4248 2325 4303 nondum
2379 4249 2637 4305 secunda.
2695 4248 2762 4302 Ut
2801 4261 2926 4299 vero
2958 4244 3063 4299 sibi
3098 4246 3199 4315 ipsi
3238 4264 3360 4316 per-

1798 4324 1969 4397 suasit
2022 4340 2167 4410 quod
2217 4356 2329 4395 rem
2394 4356 2520 4395 vere
2572 4324 2679 4393 non
2728 4338 3063 4405 phantastice
3117 4339 3354 4401 vidisset,

1797 4447 2044 4503 egressus
2076 4448 2202 4487 cum
2238 4432 2454 4488 silentio
2494 4428 2809 4483 observabat
2841 4427 3020 4483 denuo
3060 4430 3267 4490 horam,
3301 4439 3359 4483 ut

136 4519 314 4584 ἀξίως
347 4504 481 4571 ἰδεῖν
504 4516 557 4569 τι
589 4518 783 4570 ποιεῖό
802 4515 1029 4584 ἁδελφὸς
1077 4515 1157 4576 εἰς
1204 4515 1301 4583 τὴν
1334 4511 1637 4577 κοινωνίαν,
1673 4512 1694 4565 ὑ

1807 4523 2009 4577 videret
2034 4521 2293 4591 quidnam
2332 4528 2514 4591 ageret
2562 4517 2730 4572 frater
2767 4518 2855 4573 ille
2888 4520 2939 4572 in
2986 4519 3227 4579 collecta,
3266 4518 3358 4587 qui

134 4611 296 4684 δῆθεν
324 4608 536 4678 κλέψας
567 4607 637 4661 τά
655 4608 794 4661 σῦκα
823 4608 917 4660 καὶ
944 4604 1163 4675 φαγών(
1185 4606 1292 4659 Καὶ
1319 4604 1407 4667 ὡς.
1424 4600 1565 4657 εἶδεν
1600 4604 1702 4657 αὑ-

134 4705 227 4757 τὸν
254 4702 522 4756 νίπτοντα
547 4699 647 4763 τὰς
670 4699 878 4771 χεῖρας.
898 4697 987 4750 ἶνα
1013 4694 1231 4766 εἰσέλθῃ
1261 4693 1355 4747 καλ⁵
1377 4694 1703 4767 κοινωνήσῃ,

132 4796 321 4868 τρέχει
356 4793 457 4848 καὶ
485 4792 636 4861 λέγει
664 4788 744 4862 τῷ
771 4789 935 4859 ὰϐϐᾷ,
955 4789 1036 4842 ὅτι
1071 4786 1130 4841 '0
1153 4787 1340 4841 δεῖναό
1367 4783 1716 4857 άδελφδςπδε,

135 4888 241 4942 ποῦ
296 4886 614 4958 εἰσέρχεται
672 4884 995 4957 μεταλαϐεῖν
1047 4882 1148 4953 τῆς
1204 4880 1368 4951 ἁγίας
1422 4879 1707 4944 κοινωνίας

140 4982 282 5053 μετὰ
308 4980 427 5036 τῶν
453 4976 696 5047 ἀδελφῶν
720 4993 736 5010 ο
764 4975 901 5034 ἀλλὰ
921 4975 1172 5029 κέλευσον
1192 4972 1264 5045 μὴ
1291 4970 1507 5042 δοθῆναι
1533 4970 1703 5041 αὐτῷ.

148 5074 293 5144 Ἐγὼ
324 5073 446 5143 γὰρ
471 5065 589 5125 οἶδα
634 5066 798 5121 αὑτὸν
842 5055 949 5121 sine
979 5063 1124 5136 πρωῒ
1153 5064 1452 5118 κλέπτοντα
1476 5060 1617 5115 σῦκα
1639 5062 1706 5115 ὲκ

135 5163 231 5218 τοῦ
264 5165 461 5237 κήπου
487 5161 579 5215 καὶ
603 5155 906 5229 τρώγοντα.
944 5157 1033 5211 Ἐν
1072 5154 1312 5225 τοσούτῳ
1338 5150 1644 5223 εἰσέρχεται
1676 5154 1707 5207 ὁ

135 5254 373 5324 ἁδελφὸς
404 5254 613 5315 ἐκεῖνος
656 5247 794 5320 μετὰ
842 5248 1045 5316 πολλῆς
1084 5246 1428 5312 κατανύξεως
1489 5244 1571 5305 εἰς
1606 5257 1708 5315 την

139 5347 306 5415 ἁγίαν
340 5343 663 5415 προσφοράν
682 5357 697 5372 ο
724 5334 791 5411 ἦν
816 5342 925 5410 γὰρ
957 5339 1049 5393 καὶ
1076 5339 1183 5393 τῶν
1214 5332 1472 5391 εὑλαϐῶν.
1491 5334 1580 5398 Ὦς
1612 5330 1708 5390 οὖν

136 5433 283 5490 εἶδεν
310 5433 490 5489 αὑτὸν
541 5437 571 5488 ὀ
596 5432 789 5497 ἀὸὁᾶς,
820 5430 976 5484 καλεῖ
1004 5430 1163 5485 αὑτὸν
1195 5429 1324 5502 πρὶν
1354 5427 1388 5499 ἢ
1418 5426 1708 5497 πλησιάζει

136 5527 216 5600 τῷ
232 5523 599 5597 πρεσὸυτέρῳ
648 5523 725 5594 τῷ
758 5521 1149 5594 μεταδιδοῦντι,
1179 5522 1275 5576 καὶ
1315 5519 1580 5588 λαμϐάνει
1610 5520 1710 5574 αὑ-

135 5619 230 5673 τὸν
259 5614 392 5671 κατ’
426 5612 584 5679 ίδίαν,
613 5615 709 5670 καὶ
728 5614 876 5683 λέγει
901 5611 1068 5682 αὐτῷ’
1105 5632 1125 5665 t
1155 5612 1291 5667 Εἰπέ
1343 5627 1455 5681 μοι,
1491 5608 1706 5679 άδελφὲ,

138 5712 195 5764 τί
218 5712 380 5763 ἐστιν
406 5694 441 5758 ὃ
482 5706 746 5776 ἐποίησας
798 5707 1065 5776 σήμερονς
1104 5722 1123 5755 ι
1160 5703 1390 5765 Ἐκεῖνος
1436 5699 1706 5771 ἐξενίσθη,

141 5804 241 5857 καὶ
266 5802 428 5871 λέγει
475 5796 649 5867 αὑτῷ,
693 5818 710 5850 ι
766 5797 898 5867 ιιοῦ,
947 5794 1217 5859 δέσποτας
1254 5815 1269 5848 ι
1303 5794 1461 5862 Λέγει
1510 5793 1706 5863 αὑτῷό

1807 4613 1967 4684 paulo
2004 4622 2133 4668 ante
2178 4611 2516 4679 subripuisse
2568 4610 2704 4663 licus
2754 4618 2808 4664 et
2862 4612 3166 4664 comedisse
3212 4610 3359 4663 visus

1804 4715 1942 4761 erat.
2011 4704 2087 4761 Ut
2119 4719 2243 4759 vero
2280 4704 2424 4757 hunc
2449 4700 2585 4754 vidit
2618 4717 2813 4757 manus
2853 4702 3119 4755 lavantem
3158 4714 3212 4754 ct
3243 4713 3360 4753 sese

1804 4795 1872 4850 ad
1949 4793 2384 4849 communionem
2459 4791 2863 4863 percipiendam
2948 4798 3356 4861 praeparante-tn,

1804 4885 2039 4941 accurrit
2082 4887 2148 4938 ad
2187 4883 2457 4947 abbatem,
2508 4894 2771 4953 rogatque
2799 4889 2859 4934 ut
2897 4879 3117 4934 fratrem
3147 4896 3174 4932 a
3206 4893 3358 4932 sacra

1805 4976 2187 5033 cOmmunione
2214 4974 2483 5037 cohibeat,
2539 4990 2701 5045 quem
2756 4988 2914 5027 mane
2949 4973 3081 5028 licus
3109 4986 3170 5024 ex
3204 4969 3360 5022 horto

1807 5070 2028 5125 vidisset
2066 5065 2408 5135 subripuisse
2433 5076 2487 5121 et
2504 5068 2821 5121 comedisse.
2874 5065 3079 5118 Interea
3127 5061 3360 5131 ingredi-

1806 5162 1895 5207 tur
1920 5152 2084 5207 frater
2118 5150 2205 5204 ille
2231 5150 2354 5219 pius
2377 5160 2431 5205 et
2461 5150 2779 5219 reliogiosus
2807 5163 3017 5202 summa
3044 5160 3167 5199 cum
3196 5144 3363 5199 devo-

1805 5246 1950 5299 tione
1971 5248 2026 5296 et
2046 5241 2458 5309 eompunctione
2483 5240 2547 5294 ad
2578 5238 2971 5294 sanctissimam
3003 5235 3357 5289 oblationem:

1803 5344 1925 5392 erat
1955 5333 2099 5389 enim
2147 5348 2291 5387 unus
2335 5348 2401 5389 ex
2432 5332 2534 5403 ptis
2565 5338 2621 5387 et
2668 5332 2822 5386 valde
2855 5326 3139 5398 religiosis.
3190 5327 3358 5392 Quem

1806 5442 1931 5483 cum
1960 5425 2097 5479 vidit
2146 5424 2335 5488 abbas,
2390 5425 2537 5493 prius
2589 5437 2752 5491 quam
2803 5418 3116 5490 presbytero
3160 5433 3190 5471 a
3250 5430 3360 5484 quo

1804 5515 2292 5574 oommunicandus
2311 5523 2444 5579 erat,
2472 5502 2691 5583 propior
2720 5501 2890 5575 ﬁeret,
2916 5510 3162 5565 evocavit
3183 5506 3245 5560 ad
3276 5520 3357 5566 se.

1804 5621 1861 5666 et
1890 5618 2099 5665 secreto
2122 5609 2272 5665 illum
2320 5608 2599 5674 alloquens
2620 5602 3071 5675 percunctabatur
3100 5596 3357 5669 quidnam

1804 5717 1870 5758 eo
1890 5702 1981 5757 die
2010 5699 2245 5757 fecisset.
2305 5696 2532 5766 Expavit
2558 5695 2781 5765 simplex
2806 5694 2907 5748 hac
2928 5692 3101 5749 subita
3132 5690 3360 5741 interm-

1808 5793 2040 5867 gatione.
2068 5791 2299 5848 maxime
2331 5804 2458 5842 Hfo
2492 5784 2762 5841 inhorruit
2787 5784 2876 5838 ubi
2904 5798 3014 5838 rem
3048 5792 3258 5834 onmem
3290 5793 3356 5829 ex
