4020 6340
186 418 311 483 i721

1534 432 1916 495 DOCTRINA
1947 436 2048 498 IX.

3257 434 3406 510 1722

186 538 347 610 ρὼσει
373 539 478 610 τὴν
507 539 802 611 ἐπιθυμίαν
848 541 1034 597 αὐτοῦ.
1087 544 1243 597 Πᾶσα
1268 544 1376 617 γὰρ
1406 546 1672 617 ἁμαρτία,
1702 547 1735 616 ἢ

1844 550 2131 619 deraverit,
2166 568 2277 610 non
2303 556 2476 612 audet
2504 565 2689 628 aperte
2707 558 2904 628 dicere,
2933 560 3081 632 quod
3118 575 3235 617 eam
3257 562 3406 617 desi-

177 629 262 683 διά
288 631 625 701 φιληδονίαν,
648 632 681 703 ἢ
713 633 800 686 διὰ
821 634 1202 706 φιλαργυρίαν,
1229 636 1261 702 ἢ
1288 637 1590 706 φιλοδοξίαν
1647 638 1733 705 γίο

178 737 344 776 νεται.
378 722 618 793 Ὁμοίως
642 723 731 777 κα)
754 724 815 777 τὸ
833 724 1027 794 ψεῦδος
1058 724 1143 779 διὰ
1191 726 1394 804 τούτων
1429 729 1538 782 τῶν
1564 728 1731 799 τριῶν

177 814 406 880 γίνεται,
434 813 471 884 ἢ
497 814 587 868 διὰ
617 815 679 867 τὸ
728 815 803 886 μὴ
844 817 1157 887 μεμφθῆναι
1190 820 1286 872 καὶ
1312 822 1737 891 ταπεινωθῆναι,

176 904 430 972 ψεύδεται
460 922 567 972 τις,
606 907 640 979 ἢ
668 908 755 962 διὰ
778 909 839 962 τὸ
866 908 1057 962 ἀνύσαι
1085 910 1316 981 θέλημα,
1354 912 1388 984 ἥ
1417 912 1506 966 διά
1530 913 1591 965 τὸ
1608 928 1739 982 κερ-

174 993 325 1049 δᾶναι
349 1013 367 1030 ο
401 998 501 1051 καὶ
532 998 595 1050 οὐ
625 999 853 1054 παύεται
908 1001 1151 1072 στρέφων
1173 996 1297 1070 ὧδε,
1323 1004 1571 1075 στρέφων
1602 1004 1737 1071 ἐκεῖ,

175 1088 352 1143 πάντα
393 1080 757 1161 μαγγανεῦων
784 1092 837 1145 τί
866 1094 1045 1147 εἰπεῖν
1072 1093 1177 1160 ἕως
1202 1095 1390 1150 ἀνύσει
1412 1096 1501 1151 τὸν
1536 1098 1741 1153 σκοπὸν

174 1180 362 1244 αὑτοῦ,
415 1182 447 1236 ὁ
483 1182 724 1249 τοιοῦτος
774 1184 1032 1239 οὐδέποτε
1088 1186 1434 1242 πιστεύεταιο
1475 1187 1612 1241 ἀλλὰ
1644 1189 1741 1241 καὶ

175 1274 375 1347 ἀληθὲς
408 1278 567 1347 ῥῆμα
607 1277 703 1330 ἐὰν
753 1277 903 1349 εἴπῃ,
954 1279 1129 1343 οὐδεὶς
1177 1279 1398 1334 δύναται
1445 1279 1735 1335 πιστεῦσαι

175 1364 343 1437 αὐτῷ,
369 1366 513 1421 ἀλλά
537 1369 629 1421 καὶ
656 1367 729 1423 τδη
774 1368 972 1439 ἀληθὲς
1010 1369 1197 1437 αὐτοῦ,
1247 1370 1544 1443 ἀμφίϐολον
1591 1372 1743 1442 εὑρί-

158 1472 394 1519 σκεται.
429 1460 591 1513 Ἐστι
616 1459 672 1513 δὲ
690 1462 778 1514 ὅτε
804 1461 1012 1531 γίνεται
1036 1462 1247 1533 ἀνάγκη
1275 1463 1621 1534 πράγματος,
1651 1464 1745 1518 καὶ

176 1548 273 1625 ἐᾲν
307 1550 386 1622 μὴ
408 1550 596 1624 κρύψῃ
643 1570 727 1617 τις
775 1542 1258 1626 πικρὸν,χέρχεται
1291 1554 1353 1607 τὸ
1399 1554 1632 1625 πρᾶγμα
1663 1556 1746 1618 είς

179 1641 404 1696 πλείονα
437 1642 684 1716 ταραχὴν
719 1646 814 1699 καὶ
863 1645 1060 1716 θλίψιν.
1115 1648 1244 1701 Ὅτε
1276 1641 1371 1701 οῦν
1399 1648 1626 1717 τοιαύτη
1646 1656 1765 1702 πε-’

180 1733 429 1805 ρίστασις
456 1735 704 1814 γένηται,
731 1739 826 1791 καὶ
854 1737 940 1809 ῐδῃ
964 1755 1051 1802 τις
1066 1738 1257 1793 ἐαυτὸν
1281 1738 1744 1811 ἀναγκαζόμενον,

175 1824 265 1881 διὰ
286 1826 454 1882 τοῦτο
484 1828 710 1894 ἀλλάξαι
743 1831 913 1901 ῥῆμα,
945 1830 1033 1883 ἵνα
1065 1831 1141 1903 μὴ
1188 1832 1434 1904 γένηται,
1456 1831 1534 1895 ὡς
1565 1828 1743 1898 εἶπον,

179 1918 384 1973 πλείων
413 1919 632 1991 ταραχὴ
658 1921 749 1973 καὶ
779 1919 980 1991 θλίψις,
1011 1922 1047 1992 ἢ
1079 1901 1323 1987 κίνδυνοξ
1345 1939 1359 1953 ·
1383 1923 1571 1996 ὥσπερ
1596 1919 1747 1979 εἶπεν
1775 1901 1820 1959 Β

177 2008 410 2076 όάϐϐἄς
452 2010 706 2076 Ἀλὼνιος
744 2012 822 2083 τῷ
872 2014 1015 2087 ἀϐϐᾷ
1081 2014 1379 2083 Ἀγάθωνι·
1409 2035 1429 2067 ι
1471 2015 1600 2070 Ἰδοὺ
1654 2015 1749 2070 δύο

178 2100 460 2172 ἄνθρωποι
481 2105 575 2157 ἐπὶ
600 2104 693 2158 σοῦ
718 2106 877 2175 φόνον
920 2107 1202 2178 ἐποίησαν,
1234 2108 1329 2161 καὶ
1378 2109 1406 2162 ό
1429 2104 1516 2171 εἷς
1545 2108 1746 2180 ἔφυγεν

178 2193 259 2254 εἰς
282 2192 343 2248 τὸ
370 2194 585 2249 κελλίον
619 2212 712 2250 σου
739 2212 752 2224 ·
807 2198 902 2251 καὶ
952 2198 1061 2252 ίδοὺ
1093 2200 1122 2251 ό
1151 2198 1335 2271 ἄρχων
1365 2197 1519 2270 ζητεῖ
1543 2200 1704 2254 αὐτόν
1727 2215 1742 2230 ο

177 2285 272 2338 καὶ
304 2286 491 2359 ἐρωτᾷ
528 2304 608 2353 σε,
630 2287 823 2357 λέγων,
862 2291 986 2344 Ἐπὶ
1014 2290 1107 2346 σοῦ
1141 2293 1298 2361 φόνος
1324 2293 1578 2362 γέγονεν;
1621 2291 1746 2346 Ἐὰν

182 2375 256 2445 μὴ
278 2378 637 2451 οίκονομήσῃ,
660 2380 967 2450 παραδίδως
988 2383 1080 2435 τὸν
1132 2382 1416 2454 ἄνθρωπον
1469 2384 1550 2446 είς
1583 2381 1745 2437 θάναο

176 2485 268 2522 τον
285 2486 300 2501 ·
326 2472 461 2525 ὅταν
484 2469 579 2527 οὖν
614 2474 824 2544 μεγάλη
852 2492 934 2537 τις
951 2476 1163 2545 ἀνάγκη
1181 2476 1383 2547 συμϐῇ,
1410 2474 1551 2529 θέλοι
1569 2476 1633 2530 ἀν
1660 2493 1746 2539 τις

182 2563 318 2634 μηδέ
344 2563 522 2629 οὕτως
540 2567 821 2637 ἀμεριμνῆ
830 2584 939 2631 σαι,
957 2567 1093 2620 ἀλλὰ
1122 2569 1397 2637 μετανοεῖν
1418 2569 1511 2620 καὶ
1539 2568 1745 2623 κλαίειν

178 2653 410 2709 ἐνώπιον
437 2656 533 2709 τοῦ
552 2657 706 2720 Θεοῦ,
733 2660 829 2710 καὶ
860 2657 1004 2729 ἔχειν
1019 2658 1279 2725 τοιοῦτον,
1312 2661 1387 2724 ὠς
1412 2662 1604 2733 καιρὸν
1626 2680 1746 2716 πει-

182 2746 415 2817 ρασμοῦ,
467 2749 564 2802 καὶ
618 2749 739 2803 οὺδέ
794 2750 951 2803 τοῦτο
999 2752 1257 2823 συνεχῶς,
1307 2753 1420 2806 ἀλλ’
1477 2753 1623 2817 ἆπαξ
1654 2753 1744 2806 διά

178 2839 414 2894 πολλῶν.
467 2842 680 2913 ’Ὠσπερ
733 2841 842 2912 γὰρ
885 2844 979 2895 ἐπὶ
1035 2843 1136 2913 τῆς
1193 2843 1462 2914 θηριακῆς
1506 2836 1739 2897 ’καὶτοῦ

180 2930 503 3004 καθαρσίου,
538 2934 621 2987 ὅτι
656 2936 894 3005 συνεχῶς
950 2936 1335 3008 λαμϐανόμενα
1393 2936 1739 3007 βλάπτουσιν,

180 3024 229 3078 εί
249 3024 307 3079 δέ
323 3023 467 3099 λάθῃ
492 3044 578 3090 τις
609 3026 755 3093 ἅπαξ
773 3029 860 3083 διὰ
893 3029 1087 3100 χρόνου
1120 3030 1210 3083 διὰ
1256 3030 1475 3101 πολλὴν
1497 3030 1742 3099 ἀνάγκην

178 3115 480 3185 ὠφελοῦσιν
529 3120 711 3185 αὑτὸν,
762 3120 942 3184 οὕτως
1004 3122 1191 3193 ὀφείλῃ
1251 3140 1335 3186 τις
1384 3122 1619 3192 χρᾶσθαι
1665 3120 1742 3192 τῷ

181 3209 468 3281 πράγματι
491 3212 683 3283 τούτῳ,
707 3213 794 3266 ἴνα
817 3214 920 3268 κᾶν
951 3216 1020 3268 δι’
1050 3216 1297 3288 ἀνάγκην
1332 3215 1532 3287 θελήσῃ
1582 3214 1746 3268 ἀλλά-

180 3299 288 3366 ξαι,
314 3304 393 3372 μὴ
417 3305 673 3373 συνεχῶς·
709 3306 823 3358 ἀλλ’
854 3306 960 3376 ἄρα
997 3296 1145 3361 ἔέτιν
1198 3307 1345 3371 ἅπαξ
1376 3308 1461 3361 διὰ
1512 3307 1742 3370 πολλῶν,

179 3393 274 3445 ἐὰν
305 3393 416 3465 ῑδῃ,
443 3394 519 3458 ῶς
542 3389 718 3458 εἶπον,
758 3396 959 3469 πολλὴν
978 3398 1246 3470 ἀνάγκην,
1298 3400 1393 3451 καὶ
1438 3400 1569 3452 αὐτὸ
1597 3398 1653 3452 δὲ
1682 3398 1746 3450 τὸ

178 3483 263 3538 διὰ
298 3487 496 3559 χρόνου
556 3488 695 3559 μετά
730 3489 897 3559 φόϐου
968 3491 1059 3543 καὶ
1102 3492 1307 3561 τρόμου
1359 3490 1619 3545 δεικνύων
1666 3490 1746 3562 τῷ

177 3575 314 3649 Θεῷ.
344 3580 445 3634 καὶ
474 3580 577 3653 τὴν
625 3582 948 3653 προαίρεσιν
996 3583 1186 3647 αὐτοῦ,
1214 3583 1310 3637 καὶ
1340 3582 1439 3654 τὴν
1471 3582 1743 3654 ἀνάγκην,

179 3672 273 3724 καὶ
310 3674 676 3739 σκεπάζεται·
705 3675 827 3729 ἐπεὶ
853 3676 947 3728 καὶ
981 3677 1065 3739 είς
1091 3676 1223 3729 αὐτὸ
1248 3675 1569 3746 βλάπτεται.

1835 643 1989 700 deret
2014 685 2029 709 ,
2060 647 2155 702 sed
2197 649 2612 709 circuitionibus
2650 654 2813 709 utitut
2847 692 2863 721 ,
2898 653 3117 711 dicens:
3165 652 3276 711 Hoc
3306 670 3403 725 pa-

1839 737 1969 805 tior,
1999 738 2099 795 hac
2136 755 2197 795 re
2222 743 2356 797 mihi
2390 758 2529 815 opus
2563 754 2669 811 est,
2705 746 2809 802 hoc
2860 746 2993 802 mihi
3053 748 3317 813 debetur;
3354 758 3409 805 et

1836 830 1997 884 toties
2018 832 2232 887 mentiri
2254 836 2450 906 pergit,
2477 836 2604 891 dum
2628 837 2958 894 desiderium
2981 854 3139 894 suum
3171 840 3408 910 expleat,

1835 919 1965 974 dum
1992 922 2104 976 voti
2135 923 2218 977 sui
2266 939 2493 995 compos
2526 926 2637 982 fiat.
2700 925 2839 983 Cum
2872 940 3054 984 autem
3088 945 3248 985 omne
3282 946 3409 1000 pee-

1840 1022 2018 1069 catum
2046 1032 2113 1071 ex
2141 1016 2337 1087 triplici
2372 1007 2553 1075 radice
2582 1020 2884 1090 proveniat,
2916 1021 3085 1079 velex
3110 1022 3407 1092 voluptate.

1837 1109 1920 1163 vel
1954 1125 2018 1164 ex
2042 1112 2287 1176 avaritia,
2304 1112 2387 1167 vel
2418 1113 2656 1193 ex‘inani
2678 1116 2848 1185 gloria
2870 1124 2923 1171 et
2950 1117 3237 1189 superbia:
3267 1117 3407 1173 idem

1839 1209 2018 1270 potest
2072 1201 2180 1256 dici
2210 1201 2275 1256 de
2302 1202 2605 1271 mendacio.
2629 1216 2635 1226 '
2658 1204 2914 1260 Mentitur
2938 1209 3084 1262 enim
3118 1209 3313 1279 aliquis
3342 1225 3410 1265 ne

1841 1292 2240 1347 accusationem
2264 1292 2898 1364 patiatnrethumilietur
2918 1317 2935 1367 ;
2955 1298 3097 1355 alius
3125 1310 3184 1355 ut
3213 1311 3400 1355 votum

1842 1399 2000 1440 suum
2049 1384 2279 1453 expleat,
2329 1384 2468 1442 alius
2543 1395 2602 1442 ut
2657 1388 2930 1458 quidpiam
2994 1388 3269 1457 lucretur;
3316 1388 3410 1460 qui

1842 1488 2119 1545 nunquam
2149 1474 2403 1545 quiescit,
2429 1492 2575 1533 nunc
2593 1477 2660 1532 ad
2688 1478 2762 1542 id,
2782 1494 2927 1533 nunc
2956 1480 3023 1533 ad
3045 1479 3172 1534 illud
3197 1495 3411 1548 versus,

1842 1567 2025 1623 omnia
2070 1568 2436 1638 distorquens,
2471 1568 2601 1624 dum
2650 1570 2763 1625 voti
2811 1572 2893 1626 sui
2948 1570 3020 1626 sit
3065 1585 3309 1641 compos.
3360 1571 3412 1629 Is

1843 1672 2120 1728 nunquam
2149 1659 2320 1715 lldelis
2340 1665 2443 1726 est,
2478 1674 2756 1730 nunquam
2775 1675 2973 1729 verax;
3000 1668 3054 1715 et
3076 1661 3123 1716 si
3161 1660 3410 1730 quando-

1844 1765 1950 1822 que
2008 1745 2307 1821 'contigerit
2366 1763 2425 1807 ut
2475 1756 2699 1808 verbum
2737 1754 2909 1809 ullum
2959 1768 3145 1808 verum
3191 1752 3409 1818 dixerit,

1846 1842 1974 1898 facit
1998 1844 2060 1897 ut
2082 1842 2183 1897 sibi
2227 1858 2506 1914 nunquam
2529 1846 2803 1902 credatur.
2859 1844 2990 1916 Ejus
3020 1860 3237 1917 quoque
3265 1846 3410 1901 veri-

1851 1944 1938 2005 tas
1975 1950 2251 2005 nunquam
2297 1936 2529 2006 simplex
2586 1946 2643 1991 et
2675 1947 2882 2008 aperta,
2911 1937 3006 1994 sed
3030 1947 3091 1993 ut
3118 1937 3411 2008 plurimum

1850 2028 2081 2083 obscura
2133 2037 2190 2083 et
2243 2028 2484 2083 involuta
2531 2031 2817 2099 reperitur.
2875 2031 3031 2086 Alius
3078 2045 3203 2085 cum
3230 2030 3416 2088 sibire

1848 2122 2029 2191 aliqua
2069 2140 2206 2193 opus
2246 2140 2368 2181 esse
2390 2125 2601 2189 viderit,
2633 2124 2944 2181 dissimulat
2980 2142 3294 2198 parumper,
3344 2143 3414 2184 ne

1852 2227 1938 2267 res
1964 2214 2077 2282 ipsa
2106 2216 2159 2267 in
2198 2214 2459 2285 majorem
2485 2217 2843 2273 turbatiouem
2862 2228 2917 2274 et
2941 2218 3280 2275 amictionem
3309 2219 3413 2275 sibi

1848 2312 2125 2364 vertatur:
2184 2305 2279 2360 ubi
2336 2321 2466 2362 vero
2509 2309 2736 2363 omnino
2795 2300 3026 2381 cogitur,
3096 2325 3197 2365 nec
3236 2318 3417 2381 potest

1848 2390 2446 2462 ulterius'protrahere
2486 2388 2839 2463 desiderium,
2889 2408 3064 2454 mutat
3108 2399 3292 2464 verba,
3356 2406 3420 2454 ut

1849 2483 1977 2539 vitet
2012 2485 2154 2556 quod
2181 2485 2297 2542 dixi
2327 2488 2710 2555 turbatiouem,
2748 2490 3046 2559 periculum
3084 2500 3142 2546 et
3172 2492 3417 2548 afflictio-

1848 2590 1995 2631 nem.
2038 2576 2296 2644 Quaesivit
2353 2586 2531 2635 autem
2586 2578 2754 2635 abbas
2807 2580 3035 2637 Alonius
3088 2582 3157 2637 ab
3223 2583 3418 2638 abbate

1847 2667 2129 2738 Agathone
2176 2670 2251 2723 ita
2296 2670 2483 2727 dicens
2534 2689 2548 2726 :
2594 2671 2962 2741 Conjurarunt
3011 2674 3260 2730 homines
3299 2673 3419 2729 dno

1847 2757 1901 2811 in
1929 2757 2127 2812 caedem
2156 2767 2324 2824 tuam,
2354 2769 2520 2830 atque
2555 2761 2693 2816 alter
2722 2761 2940 2817 illorum
2962 2762 3016 2816 in
3041 2762 3230 2817 cellam
3264 2771 3410 2818 tuam

1846 2847 1985 2919 fugit
2035 2869 2049 2905 :
2100 2851 2229 2906 dum
2298 2867 2423 2908 eum
2482 2854 2677 2923 quaerit
2734 2855 2898 2925 judex
2946 2854 3043 2909 abs
3072 2862 3155 2921 te,
3196 2854 3286 2909 ubi
3345 2855 3417 2910 sit

1846 2941 2017 3011 petit:
2070 2940 2321 3015 Nunquid
2352 2942 2732 3015 hujuscemodi
2785 2947 3056 3002 hominem
3099 2945 3153 3001 in
3184 2953 3411 3002 mortem

1846 3035 2059 3098 tradas,
2088 3051 2156 3093 an
2196 3040 2357 3093 verba
2402 3039 2738 3094 commutes?
2777 3037 2988 3102 Licere,
3018 3045 3128 3104 ait,
3179 3046 3317 3106 puto
3359 3035 3413 3091 in
3455 3060 3463 3067 -

1851 3126 1942 3183 tali
1960 3127 2188 3183 articulo
2213 3136 2269 3183 et
2294 3128 2637 3185 necessitate.
2659 3128 2823 3185 Debet
2842 3138 3018 3184 tamen
3040 3128 3134 3199 qui
3164 3128 3269 3184 hoc
3285 3125 3413 3198 egit.

1848 3234 1958 3276 non
2007 3220 2273 3290 negligere
2327 3219 2550 3284 factum,
2606 3220 2701 3276 sed
2742 3220 3115 3290 paenitentiam
3170 3234 3328 3291 agere
3362 3228 3419 3275 et

1845 3310 1973 3365 ﬂere
2005 3310 2345 3367 amarissime
2372 3311 2429 3365 in
2457 3320 2749 3381 conspectu
2776 3310 2909 3365 Dei:
2954 3320 3118 3381 atque
3146 3311 3254 3367 hoc
3278 3319 3427 3365 tem—

1845 3417 1950 3472 pus
1981 3401 2183 3459 habere
2219 3402 2296 3458 uti
2339 3411 2553 3474 tempus
2586 3402 2926 3458 tentationis.
2988 3402 3175 3474 Neque
3206 3402 3275 3457 ad
3296 3402 3417 3457 haec

1846 3496 2189 3563 consuescat,
2244 3495 2337 3552 sed
2375 3497 2543 3553 semel
2584 3497 2657 3553 ob
2684 3497 2878 3553 multa.
2917 3496 2975 3551 ln
2999 3511 3159 3552 usum
3190 3496 3335 3551 enim
3362 3505 3425 3552 et!

1847 3589 2295 3652 consuetudinem
2325 3589 2555 3651 deducta
2588 3598 2841 3655 noceant,
2899 3589 2969 3644 ad
2992 3600 3214 3659 tempus
3234 3597 3417 3646 autem

1846 3688 1902 3733 et
1950 3681 2005 3734 in
2062 3694 2276 3736 summa
2325 3680 2648 3736 necessitate
2698 3680 2968 3737 interdum
3018 3670 3268 3749 prosunt.
3323 3677 3422 3735 Sic

182 3764 365 3834 itaque
421 3765 580 3821 debet
610 3767 736 3838 quis
770 3767 847 3821 uti
887 3768 989 3821 hac
1011 3784 1088 3832 re,
1126 3776 1187 3823 ut
1246 3768 1463 3824 nonnisi
1523 3767 1579 3822 in
1614 3783 1827 3825 summa
1864 3774 2187 3829 necessitate
2231 3774 2392 3830 verba
2422 3783 2749 3831 commutet:
2796 3784 2850 3831 et
2873 3784 3002 3833 tunc
3037 3788 3257 3849 quoque
3291 3788 3416 3829 cum

182 3855 377 3910 timore
455 3860 747 3915 ostendens
781 3858 893 3941 Deo
939 3868 995 3915 et
1040 3861 1395 3916 intentionem
1461 3875 1616 3916 suam
1653 3872 1707 3921 et
1770 3873 2051 3935 urgentem
2098 3867 2510 3931 necessitatem,
2550 3860 2662 3922 'sic
2692 3875 2868 3936 potest
2924 3867 3050 3941 quis
3101 3867 3308 3938 protegi
3362 3878 3417 3924 et
3512 3881 3521 3885 '

180 3953 427 4008 excusari
457 3968 525 4008 ne
549 3952 806 4008 oﬂ‘endat.

247 4050 320 4100 A'.
346 4044 479 4100 Ἰδοὺ
504 4044 733 4114 εἴπομεν
758 4046 841 4107 τίς
884 4048 1032 4098 ἐστιν
1061 4046 1090 4097 ό
1109 4045 1437 4115 ψευδόμενος
1463 4046 1606 4101 κατὰ
1630 4046 1749 4100 διά-

180 4154 350 4200 νοιαν,
380 4139 475 4192 καὶ
504 4138 593 4201 τίς
623 4140 772 4191 ἐστιν
805 4141 833 4192 ό
855 4139 913 4191 ἐν
940 4138 1085 4206 λόγῳ
1124 4137 1451 4208 ψευδόμενος
1470 4155 1484 4169 ·
1518 4138 1747 4208 θέλομεν

180 4231 364 4286 λοιπὸν
393 4232 567 4283 εἰπεῖν
594 4231 680 4295 τίς
705 4233 818 4284 ἐστι
860 4231 953 4284 καὶ
973 4233 1000 4285 ό
1038 4232 1118 4294 είς
1149 4231 1310 4283 αὑτὸν
1336 4230 1427 4282 τὸν
1464 4229 1576 4299 βίον
1616 4232 1745 4283 ἐαυ-

180 4322 273 4376 τοῦ
306 4320 656 4392 ψευδόμενος.
700 4320 759 4373 Ὁ
791 4321 872 4383 εἰς
898 4320 990 4373 τόν
1025 4320 1140 4390 βίον
1186 4318 1378 4373 ἐαυτοῦ
1418 4317 1745 4390 ψευδόμενός

174 4412 351 4483 «ἐστιν,
372 4414 499 4468 ὅταν
529 4423 627 4477 τις»
647 4413 855 4475 ἄσωτος
878 4410 955 4466 ῶν
978 4415 1354 4483 προσποιεῖται
1386 4411 1736 4482 ἐγκράτειαν,

181 4502 582 4575 ἢπλεονέκτης
622 4504 762 4569 ἐστὶ,
817 4504 910 4557 καὶ
970 4503 1120 4557 λαλεῖ
1168 4506 1295 4576 περὶ
1346 4504 1741 4575 ἐλεημοσύνης,

183 4597 276 4649 καὶ
296 4576 511 4649 ἐπαινεί
544 4597 644 4668 τὴν
679 4597 1042 4665 συμπάθειαν,
1083 4596 1434 4666 ὑπερήφανός
1482 4598 1618 4662 ἐστι,
1650 4597 1745 4649 καὶ⁴

1920 4041 2010 4098 IV.
2041 4041 2287 4097 Diximus
2330 4043 2515 4113 igitur,
2544 4042 2670 4114 quis
2709 4051 2914 4109 mente,
2937 4043 3063 4114 quis
3081 4044 3210 4100 item
3249 4042 3419 4101 verb“

1845 4136 2072 4191 mendax
2104 4136 2193 4190 sit.
2261 4135 2513 4191 Dicamus
2539 4147 2593 4192 et
2620 4137 2742 4207 quis
2785 4137 2844 4193 in
2871 4138 3033 4194 vitam
3065 4152 3220 4194 suam
3260 4155 3419 4195 ωιτη-ι

1846 4228 2029 4283 tiatur.
2082 4227 2353 4285 Mentitur»
2373 4230 2572 4300 aliquis
2601 4231 2656 4285 in
2685 4231 2851 4286 vitam
2889 4245 3067 4292 suam,
3088 4232 3420 4301 cumturpis

1844 4333 1899 4379 et
1924 4322 2241 4380 luxuriosus
2283 4325 2693 4379 continentiam:
2718 4324 2974 4379 simulat:
3024 4339 3221 4381 avarus
3249 4324 3419 4397 ωδ

1846 4424 1901 4472 et
1928 4424 2087 4472 tenax
2120 4416 2187 4471 de
2233 4416 2574 4487 eleemosyaa
2600 4414 2871 4484 loquitur,
2898 4418 3326 4487 compassionem
3357 4427 3413 4472 et

1845 4506 2271 4561 misericordiam
2297 4506 2485 4561 laudat
2518 4524 2536 4561 :
2569 4503 2837 4572 superbus
2863 4513 2920 4561 et
2972 4505 3150 4560 audax
3203 4503 3411 4558 humili-

1846 4603 2008 4649 tatem
2046 4596 2368 4652 admiratur.
2418 4596 2517 4665 Hic
2541 4610 2649 4650 non
2672 4594 2857 4653 volens
2873 4596 3129 4652 virtutem
3164 4594 3412 4672 laudere,

184 4672 450 4757 θαυμάζει
483 4687 583 4758 τὴν
609 4687 1133 4759 ταπεινοφροσύνην,
1154 4688 1247 4739 καὶ
1271 4688 1370 4756 οὐχ
1399 4688 1473 4749 ὡς
1497 4688 1625 4759 θέλῃ
1645 4689 1743 4757 τὴν

1847 4686 1990 4739 illam
2044 4687 2376 4756 admiratur;
2460 4688 2515 4741 si
2546 4688 2690 4742 enim
2715 4688 2833 4761 hoc
2864 4690 3047 4744 animo
3074 4670 3317 4741 laudaret
3352 4694 3412 4742 et

183 4780 385 4853 ἀρετὴν
418 4780 724 4853 ἐπαινέσαι,
755 4780 1231 4850 θαυμάζειαὺτήν.
1272 4780 1332 4832 El
1355 4780 1462 4848 γὰρ
1495 4779 1647 4847 ἔλεγε
1667 4780 1743 4849 τῷ

1844 4777 2215 4849 admiraretur,
2230 4782 2474 4837 fateretut
2495 4782 2774 4851 proprium
2793 4791 3089 4853 peccatum,
3107 4787 3161 4833 et
3180 4778 3411 4833 diceret:

186 4874 371 4942 σκοπῷ
404 4850 599 4945 τούτῳ.
642 4872 855 4945 πρῶτον
885 4872 1023 4943 μετά
1066 4871 1443 4935 ταπεινώσεως
1470 4872 1741 4941 ὡμολόγει

1844 4889 1860 4920 ι
1891 4870 2003 4926 Heu
2018 4890 2103 4928 me
2125 4877 2380 4929 miserum
2401 4884 2459 4929 et
2484 4873 2778 4942 infelicem,
2799 4875 2942 4931 omni
2991 4873 3220 4937 virtute,
3256 4873 3406 4925 omni

183 4965 279 5035 τὴν
316 4963 453 5017 ίδίαν
495 4965 813 5030 ἀσθένειαν,
839 4964 1036 5032 λέγων’
1068 4982 1087 5016 ι
1122 4965 1190 5018 Οἵ
1215 4982 1303 5035 μοι
1333 4962 1409 5032 τῷ
1443 4963 1611 5032 ἀθλίῳ
1658 4964 1738 5016 ὃτι

1844 4961 1977 5019 bono
2020 4981 2222 5021 vacuus
2282 4968 2489 5021 sum!»
2579 4967 2646 5022 Et
2710 4970 2780 5024 ita
2844 4973 2964 5038 post
3005 4966 3405 5021 confessionem

187 5055 574 5127 μεμιταίωμαι
601 5058 725 5110 ’ἀπὸ
776 5056 975 5136 παντὸς
1018 5056 1259 5124 ἁγαθοῦῑ
1302 5074 1319 5107 ι
1358 5055 1466 5107 Καὶ
1504 5054 1641 5123 μετὰ
1670 5053 1733 5105 τὸ

1844 5060 2061 5129 propria:
2128 5059 2459 5115 infirmitatis
2529 5061 2752 5117 laudare
2805 5068 2984 5130 posset
3038 5069 3096 5112 et
3145 5058 3403 5136 admirari

183 5126 447 5220 όμολογῆι.
460 5165 509 5199 ιι
538 5147 635 5218 τὴν
658 5148 797 5202 ἰδίαν
818 5126 1123 5212 ἀσθένειαν,
1172 5147 1345 5208 οὕτως
1382 5142 1495 5214 εἶχε
1525 5146 1735 5214 θαυμά-

185 5256 292 5305 σαι,
330 5242 424 5296 καὶ¹
458 5239 740 5293 ἐπαινέσαι
795 5242 893 5314 τὴν
942 5243 1161 5312 ἀρετήν.
1215 5241 1350 5294 Ἀλλ’
1385 5241 1507 5293 οὐδὲ
1540 5243 1737 5295 σκοπὸν

185 5331 320 5402 ἔχων
347 5332 443 5387 τοῦ
476 5336 552 5404 μὴ
573 5332 919 5387 σκανδαλίσαι
940 5335 1089 5398 τινὰ,
1124 5332 1457 5401 ἐγκωμιάζει
1494 5332 1591 5403 τὴν
1613 5335 1740 5405 ἁρε-

186 5424 551 5498 τήν.’οφεέλει
581 5424 689 5496 γὰρ
710 5427 799 5478 καὶ
821 5427 989 5489 οὕτως
1017 5427 1322 5495 λογίζεσθαι
1349 5440 1361 5450 ·
1392 5426 1471 5478 ὅτι
1500 5426 1599 5478 Nati
1630 5428 1738 5495 ἐγὼ

186 5514 364 5578 ἄθλιός
384 5520 497 5588 εἰμι
532 5519 624 5572 καὶ
653 5519 923 5589 ἐμπαθὴς,
950 5520 1039 5573 διὰ
1064 5522 1115 5572 τί
1142 5522 1227 5573 ἵνα
1270 5522 1361 5571 καὶ
1388 5520 1543 5571 ἄλλον
1569 5538 1735 5573 σκαν-

186 5603 408 5673 δαλίσως
425 5608 513 5662 διὰ
534 5611 586 5663 τί
604 5610 689 5663 ἵνα
715 5610 897 5680 suum
913 5613 1004 5662 καὶ
1028 5612 1398 5681 amycum,
1420 5612 1511 5662 καί
1538 5613 1741 5679 ἐνέγκω

186 5696 522 5771 ἐμαυτῷ,κα“ι
546 5702 704 5756 ἄλλου
736 5702 919 5773 βάρος,
966 5705 1059 5757 καὶ
1096 5700 1239 5774 εἶχεν
1278 5706 1323 5754 εἰ
1352 5704 1445 5755 καὶ
1474 5707 1553 5766 εἰς
1583 5706 1742 5758 αὑτὸν

186 5791 509 5864 ἡμάρτανεν,
549 5793 663 5847 ἀλλ’
691 5791 783 5848 οὖν
816 5794 1051 5863 ἅψασθαι
1081 5796 1173 5848 τοῦ
1213 5794 1376 5848 καλοῦ
1408 5812 1419 5859 ;
1460 5795 1501 5846 Τ
1506 5796 1739 5849 απεινώ-

190 5899 319 5947 sm;
342 5883 449 5955 γάρ
471 5885 659 5939 ἔστιτὸ
692 5886 877 5942 ἑαυτὸν
902 5883 1223 5950 ταλανίζειν,
1253 5886 1341 5937 καὶ
1378 5886 1736 5954 συμπαθείας,

1840 5158 2113 5210 virtutem.
2174 5152 2294 5207 Non
2343 5155 2508 5209 etiam
2560 5156 2811 5209 virtutem
2874 5151 3078 5215 laudat,
3122 5166 3191 5205 ne
3239 5166 3402 5221 quem

1846 5245 2209 5309 scandalizet;
2265 5244 2343 5300 sic
2372 5247 2517 5301 enim
2546 5247 2720 5316 primo
2754 5242 2857 5298 sibi
2906 5242 3192 5297 dicendum
3219 5253 3400 5300 esset:

1850 5361 1867 5391 ι
1879 5338 2059 5392 Infelix
2074 5352 2171 5408 ego
2184 5352 2327 5401 sum,
2340 5348 2393 5392 et
2406 5338 2570 5392 miser
2580 5337 2669 5407 qui
2689 5334 2942 5389 seandalo
2960 5334 3400 5406 unicuiquesum,

1848 5432 2277 5500 uniuscujusque
2301 5430 2881 5497 lmdoanimam,atque
2905 5428 3141 5483 alienum
3171 5440 3309 5481 onus
3341 5426 3397 5479 in

1846 5538 1931 5579 me
1959 5522 2071 5577 fero
2091 5523 2136 5575 lt
2168 5524 2309 5577 ctita
2333 5522 2588 5577 fateretur
2606 5530 2881 5587 peccatum
2902 5512 3081 5591 {quod
3104 5520 3155 5574 in
3172 5518 3396 5601 alterum

1848 5615 2250 5679 commisit,non
2266 5616 2317 5669 in
2337 5616 2477 5671 bono
2488 5613 2705 5683 proprio
2722 5611 3397 5683 gloriareturJlnmilitatis

1846 5707 1990 5761 enim
2009 5708 2280 5777 proprium
2306 5717 2408 5769 est,
2435 5720 2494 5760 se
2532 5706 2707 5774 ipsum
2726 5722 2939 5777 semper
2965 5704 3310 5774 vilipendere,
3340 5713 3395 5759 et
3510 5701 3518 5713 '

1847 5795 2093 5863 proximo
2121 5797 2370 5867 compati.
2402 5793 2689 5851 Hictamen
2715 5797 3007 5852 secundum
3034 5794 3392 5864 nnllnmprte~

1846 5887 2108 5943 dictorum
2141 5887 2420 5943 modorum
2459 5886 2682 5944 virtutes
2713 5886 2968 5943 laudavit.
2992 5885 3080 5940 sed
3104 5891 3160 5939 ut
3198 5884 3395 5944 vitium
