4020 6340
615 375 749 436 ι’ῖέῖὶ

1815 385 1871 443 S.
1907 386 2291 449 DOROTHEI
2334 391 2645 450 ABBATIS

3693 390 3822 455 1724

603 495 658 538 ct
681 483 912 539 dedecus
940 499 1099 539 stium
1121 496 1342 556 tegeret,
1369 490 1582 546 virtutis
1607 506 1801 546 nomen
1833 494 2028 563 adjecit
2056 513 2070 548 :
2096 500 2147 551 it:

2271 500 2331 552 τὸ
2374 502 2645 568 φείδεσθαι
2676 501 2770 554 τοῦ
2804 502 3050 571 πλησίου.
3093 501 3232 555 Ἀλλ’
3257 503 3287 554 ὁ
3313 500 3572 568 τοιοῦτος,
3593 501 3660 555 οὐ
3686 506 3821 560 κατά

604 577 842 645 loquitur
865 577 933 629 de
951 591 1012 630 ea
1044 593 1106 632 ac
1133 581 1176 631 si
1213 581 1335 634 talis
1364 581 1475 651 ipse
1501 585 1594 638 sit.
1659 584 1810 653 Saepe
1855 586 2018 640 etiam
2064 589 2170 642 vir-

604 675 773 722 tutem
825 666 1024 730 laudat,
1053 677 1112 722 ut
1136 671 1368 738 cuipiam
1407 682 1622 739 noceat,
1653 684 1711 727 ut
1743 675 1980 746 aliquem
2011 678 2077 730 ad
2112 694 2172 733 se

602 758 820 814 alliciat.
848 757 1029 829 Neque
1046 761 1190 814 enim
1205 777 1308 815 una
1328 763 1526 817 malitia
1543 774 1645 828 cst,
1663 781 1768 820 una
1789 768 2172 824 conditio.l)ia-

605 846 754 899 bolos
768 849 878 915 ipse
893 866 998 902 non
1013 860 1187 918 potest
1199 852 1463 907 interdum
1484 853 1684 920 fallere,
1704 857 1805 912 nisi
1825 862 2066 913 virtutem
2079 861 2172 915 ad.

602 939 832 996 umbret;
855 940 980 1001 nisi.
997 951 1055 995 ut
1074 943 1145 995 ait
1163 943 1472 1012 Apostolus,
1492 949 1828 1021 transﬁgant
1854 967 1908 1004 se
1936 952 1992 1004 in
2014 969 2170 1022 ange-

601 1026 712 1078 lum.
727 1027 856 1082 lucis
871 1039 910 1082 '.
934 1029 1085 1086 lland
1103 1033 1299 1088 mirum
1316 1035 1480 1104 igitur
1495 1038 1540 1090 si
1553 1047 1609 1092 et
1627 1040 1855 1095 ministri
1867 1042 1986 1110 ejus
2000 1052 2170 1097 trans-

600 1119 704 1186 llgu
715 1131 831 1173 rant
850 1135 906 1174 se
924 1122 974 1174 iu
997 1124 1278 1179 ministros
1305 1127 1546 1194 justitiae.
1573 1128 1670 1184 Hic
1685 1146 1812 1201 ergo
1833 1132 2062 1188 mendax
2081 1135 2166 1189 es!

596 1208 778 1274 (ntdix
789 1211 823 1277 i)
837 1214 950 1266 sive
969 1213 1160 1268 timore
1175 1219 1400 1286 proprizr
1418 1219 1725 1288 ignominiae
1737 1233 1792 1277 et
1806 1224 2163 1297 confusionis,

596 1299 679 1352 vel
705 1311 762 1354 ut
790 1302 1022 1372 aliquem
1049 1306 1115 1359 ad
1148 1322 1206 1360 se
1240 1309 1436 1373 trahat,
1469 1311 1549 1365 vel
1575 1321 1629 1365 ut
1658 1313 1894 1381 cuipiam
1939 1327 2162 1384 noceat;

598 1388 947 1462 loquiturque
999 1397 1066 1451 de
1127 1401 1456 1463 virtutibus.
1499 1403 1800 1459 admiratur
1851 1416 1906 1460 et
1959 1409 2161 1473 laudat,

594 1494 850 1553 tanquam
900 1498 954 1541 et
991 1489 1106 1560 ipse
1146 1506 1333 1546 earum
1371 1508 1550 1549 rerum
1597 1498 1670 1550 sit
1711 1513 1996 1567 possessor
2027 1518 2164 1572 quas

594 1574 794 1640 laudat,
829 1587 1083 1649 tanquam
1116 1580 1168 1634 in
1194 1582 1275 1635 liis
1298 1585 1538 1641 habitum
1563 1603 1836 1643 summum
1868 1599 1920 1645 et
1948 1592 2160 1664 longam

592 1670 1035 1724 consuetudinem
1073 1672 1276 1729 fecerit.
1326 1675 1422 1731 llic
1465 1682 1678 1748 proprie
1697 1691 1780 1735 est
1805 1683 1896 1751 qui
1919 1683 1971 1736 in
1993 1687 2160 1740 vitam

592 1775 745 1816 suam
789 1767 1087 1820 mentitur:
1147 1784 1253 1822 non
1291 1769 1540 1840 simplex,
1582 1775 1798 1844 qualem
1838 1778 2010 1835 virtus
2059 1779 2158 1835 de-

2271 607 2388 643 τινα
2408 592 2514 644 τῶν
2533 594 2830 663 εἰρημένων
2854 593 3142 664 θαυμάζει,
3173 594 3245 656 ὼς
3265 588 3437 658 εἶπον,
3465 594 3567 662 τὴν
3601 595 3818 665 ἀρετὴν,

2269 681 2385 734 ἀλλ’
2422 682 2456 752 ἢ
2497 683 2586 735 διὰ
2644 684 2707 736 τὸ
2757 686 3027 739 σκεπάσαι
3090 685 3188 754 τὴν
3254 683 3390 737 ἰδίαν
3439 686 3820 756 ἀσχημοσύνην

2271 774 2744 846 προσλαμϐάνεται
2808 777 2870 830 τὸ
2922 777 3091 847 ὄνομα
3143 777 3244 846 τῆς
3277 777 3500 847 ἀρετῆς,
3548 777 3650 831 καὶ
3674 777 3820 830 λαλεί

2272 868 2398 937 περὶ
2430 865 2623 934 αὐτῆς,
2659 865 2736 930 ὡς
2773 869 2857 921 ὅτι
2903 870 2996 921 καὶ
3036 868 3218 933 αὐτὸς,
3269 867 3509 931 τοιοῦτός
3544 869 3700 922 ἔστιν
3729 885 3746 900 ο
3783 869 3816 938 ἢ

2271 959 2529 1022 πολλάκις
2555 960 2651 1013 ,διὰ
2678 959 2739 1012 τὸ
2769 958 2965 1028 βλάψαι
2999 976 3092 1011 και
3125 957 3367 1012 δελιᾶσαί
3389 974 3530 1012 τινα.
3559 955 3703 1010 οὔτε
3726 957 3817 1026 μία

2269 1053 2379 1121 γὰρ
2406 1051 2590 1114 κακία,
2613 1048 2737 1102 οὕτε
2765 1049 2990 1118 οὐδεμία
3010 1049 3242 1118 αἵρεσις,
3289 1044 3414 1099 οὕτε
3451 1045 3615 1108 αὐτὸς
3644 1046 3676 1097 δ
3705 1044 3816 1096 Gui-

2267 1142 2416 1204 ϐολος
2443 1141 2665 1194 δύναται
2682 1139 2957 1209 ἀπατῆσαί
2993 1155 3116 1191 τινα
3139 1139 3187 1189 εἰ
3217 1137 3291 1208 μὴ
3321 1135 3409 1189 διά
3427 1133 3520 1188 τοῦ
3546 1132 3817 1203 σχηματίο

2266 1233 2451 1296 ζεσθαι
2483 1235 2582 1303 τὴν
2615 1231 2836 1302 ἀρετὴν,
2876 1228 3056 1292 καθὼς
3103 1231 3135 1281 ὁ
3163 1227 3479 1290 ’Δπόσντολος
3531 1224 3708 1291 λέγει,
3740 1223 3816 1307 ὅτι

2263 1325 2422 1385 αὐτὸς
2463 1327 2492 1377 ὁ
2531 1321 2773 1386 διάϐολος
2815 1318 3379 1390 μετασχηματίζεται
3439 1319 3525 1382 εἰς
3557 1315 3817 1384 ἄγγελον

2263 1415 2475 1480 φωτός.
2507 1413 2580 1465 Οὐ
2614 1413 2754 1482 μέγα
2771 1406 2870 1474 ᾖοῦν
2899 1411 2946 1462 εἰ
2990 1410 3083 1463 καὶ
3121 1410 3170 1461 οἱ
3195 1409 3430 1463 διάκονοι
3456 1404 3620 1459 αὑτοῦ
3651 1419 3815 1473 μετα-

2268 1502 2708 1570 σχηματίζονται,
2733 1501 2808 1565 ώς
2832 1499 3069 1554 διάκονοι
3115 1498 3480 1566 δικαιοσύνης.
3510 1495 3703 1557 Οὕτως
3724 1488 3815 1546 ὥν

2262 1592 2356 1646 καὶ
2416 1595 2444 1646 ὁ
2485 1591 2744 1662 ψεύστης,
2792 1593 2902 1646 εἴτε
2955 1589 3284 1661 φοϐούμενος
3339 1588 3593 1656 αἰσχύνην
3629 1586 3722 1641 διὰ
3755 1584 3816 1636 τδ

2262 1664 2338 1752 μὴ
2412 1681 2844 1751 ταπεινωθῆναι.
2909 1682 3038 1746 εἴτε,
3075 1680 3152 1742 ὼς
3205 1679 3450 1748 είπομεν,
3513 1676 3689 1730 θέλων
3730 1675 3814 1728 δε-

2260 1773 2449 1828 λεάσαι
2473 1775 2563 1828 καὶ
2587 1765 2867 1844 ἀτιατῆσαί
2897 1781 3043 1837 τινα,
3077 1770 3231 1825 λαλεῖ
3266 1771 3393 1840 περὶ
3428 1767 3535 1820 τὼν
3567 1764 3812 1836 ἀρετῶν,

592 1854 810 1922 siderat,
861 1858 954 1912 sed
985 1860 1175 1928 duplex
1205 1903 1219 1914 .
1249 1861 1388 1918 alius
1421 1863 1667 1930 interius,
1717 1869 1855 1924 alius
1878 1872 2147 1926 exterius:

2255 1866 2351 1919 καὶ
2388 1867 2598 1920 ἔπαινεῖ
2629 1865 2723 1919 καὶ
2749 1849 3040 1936 θαυμάζει,
3070 1865 3148 1929 ὡς
3183 1861 3601 1930 ἰδιοποιούμενος
3620 1857 3812 1921 αὑτὰς,

589 1957 751 2014 atque
798 1948 877 2011 ita,
933 1950 1214 2006 ridiculam
1271 1965 1325 2009 et
1376 1956 1775 2014 inconstantem
1833 1964 1944 2031 agit
1990 1963 2154 2018 vitam

589 2042 763 2090 suam.
816 2036 1062 2094 Diximus
1109 2041 1220 2111 jam
1278 2046 1344 2098 de
1404 2049 1716 2114 mendacio,
1747 2051 1894 2120 quod
1915 2067 2075 2107 omne
2122 2070 2154 2109 a

590 2126 730 2180 malo
758 2129 847 2194 sit,
905 2130 1004 2186 hoc
1037 2142 1120 2188 est
1143 2135 1427 2190 adiabolo.
1479 2137 1725 2194 Diximus
1755 2142 1898 2200 etde
1927 2143 2155 2200 veritate

586 2217 712 2286 quia
747 2218 887 2276 Deus
908 2223 1108 2280 veritas
1127 2235 1228 2280 est.
1264 2225 1554 2297 Fugiamus
1595 2231 1760 2300 igitur
1788 2235 2150 2302 memlacium,

588 2308 803 2373 fratres,
852 2323 909 2366 ut
958 2329 1272 2370 eruamura
1301 2320 1579 2375 consortio
1617 2323 1776 2376 mali:
1829 2319 2147 2382 insudemus

582 2401 648 2452 ad
679 2405 974 2470 parandam
1009 2407 1284 2471 virtutem,
1307 2422 1365 2462 ut
1388 2411 1460 2465 illi
1491 2414 1886 2485 conjungamnr
1923 2418 2014 2485 qui
2041 2419 2144 2472 ait:

588 2493 698 2560 Ego
759 2513 874 2550 sum
931 2503 1120 2556 veritas
1151 2512 1197 2556 ³.
1260 2501 1404 2559 Deus
1445 2507 1547 2560 nos
1589 2506 1785 2577 dignos
1832 2508 2000 2565 faciat
2047 2525 2145 2565 sua

583 2587 831 2642 veritate.

2251 1960 2344 2013 καὶ
2384 1957 2788 2030 πεπειραμένος
2815 1957 2996 2013 αὐτῶν
3026 1971 3042 1987 ο
3073 1950 3226 2020 om
3247 1957 3394 2009 ἐστιν
3427 1957 3456 2008 ὀ
3484 1951 3812 2023 ψευδόμενος

2249 2053 2331 2115 εἰς
2362 2051 2524 2105 αὐτὸν
2558 2052 2651 2104 τὸν
2695 2049 2806 2121 βίον
2846 2049 3036 2114 αὐτοῦ,
3071 2039 3228 2111 οὗτος
3270 2048 3372 2102 οὐκ
3414 2046 3555 2122 ἐστιν
3599 2042 3812 2106 ἀπλοῦς

2249 2144 2532 2215 ἄνθρωπος
2550 2181 2566 2206 ,
2598 2141 2734 2197 ἀλλά
2783 2141 3006 2204 διπλοῦς
3029 2157 3044 2171 ⁸
3067 2141 3226 2205 ἀλλος
3254 2142 3402 2193 ἐστὶν
3423 2139 3628 2192 ἔσωθεν
3647 2177 3666 2202 ,
3716 2138 3812 2190 καὶ

2247 2238 2404 2301 ἄλλος
2430 2235 2628 2303 ἔξωθεν
2649 2251 2665 2268 ο
2694 2234 2916 2288 διπλοῦν
2943 2235 3057 2304 ἔχει
3099 2233 3193 2286 καὶ
3227 2233 3348 2286 ὅλον
3379 2227 3810 2301 ἐκχλευασμένον

2243 2331 2336 2384 τὸν
2369 2330 2482 2401 βίον
2507 2327 2692 2383 αὑτοῦ.
2735 2327 2867 2382 Ἰδοὺ
2902 2328 3130 2396 εἰπομεν
3163 2325 3292 2394 περὶ
3333 2322 3428 2376 τοῦ
3448 2322 3676 2392 ψεύδους
3727 2321 3810 2374 ὅτι

2245 2422 2308 2474 ἐκ
2328 2420 2423 2475 τοῦ
2444 2419 2677 2492 πονηροῦ
2704 2421 2854 2474 ἐστιν
2868 2435 2882 2448 ·
2904 2421 3130 2491 εἴπομεν
3147 2419 3244 2473 καὶ
3262 2417 3504 2489 περὶτῆς
3523 2415 3808 2486 ἀληθείας,

2242 2511 2324 2566 ὅτι
2361 2515 2393 2582 ἡ
2429 2511 2678 2581 ἀλήθεια,
2720 2511 2750 2564 ὁ
2784 2511 2917 2576 Θεός
2939 2512 3079 2565 ἐστι.
3103 2511 3370 2582 φύγωμεν
3395 2504 3560 2562 οὗντὺ
3581 2505 3807 2576 ψεῦδος,

2242 2601 2486 2670 ἀδελφοὶ,
2515 2602 2604 2655 ἵνα
2647 2601 2932 2672 ῥυσθῶμεν
2963 2604 3028 2655 ὲκ
3071 2603 3170 2672 τῆς
3204 2600 3422 2672 μερίδος
3457 2597 3553 2652 τοῦ
3578 2592 3806 2666 ἐχθροῦ.

582 2678 674 2726 καὶ
727 2676 1116 2747 ἀγωνισώμεθα
1165 2680 1466 2750 κτήσασθαι
1506 2683 1604 2754 τὴν
1665 2684 1941 2757 ἀλήθειαν,
1993 2688 2077 2744 ἵνα
2115 2689 2401 2762 sweep”
2430 2690 2510 2762 τῷ
2547 2690 2773 2755 εἰπόντι,
2837 2689 2983 2760 Ἐγώ
3012 2693 3130 2761 εἰμι
3167 2693 3206 2759 ἠ
3239 2691 3510 2759 ἀλήθεια.
3565 2689 3627 2742 ’0
3673 2686 3807 2750 Θεὸς

579 2761 798 2826 ἀξιώσει
823 2767 971 2834 ἡμᾶς
1023 2769 1122 2836 τῆς
1152 2769 1411 2838 ἀληθείας
1439 2772 1626 2826 αὐτοῦ.

1093 2951 1115 2973 ⁸
1139 2879 1480 2941 DOCTRINA
1519 2885 1587 2943 X.

674 2992 739 3050 Ut
769 2995 840 3048 ad
861 3006 1056 3050 certum
1090 3015 1308 3122 εσυρᾶιῃι.
1331 3013 1379 3053 ει
1417 3002 1748 3059 sobrietatem
1772 3005 1831 3058 in
1863 3004 1956 3060 Dei
1988 3011 2071 3061 via

1243 3085 1518 3122 maamur.

1243 3085 1518 3139 angantur.

2770 2886 3174 2944 ΔΙΔΛΣΚΔΛΙΑ
3213 2888 3272 2946 1’.

2550 3003 2700 3074 μετὰ
2731 3004 2968 3059 σκοποῦ
3001 3005 3099 3059 καί
3139 3003 3381 3074 Myl-suc
3407 3002 3646 3059 ὁδεύειν
3689 3001 3808 3071 τὴν

2778 3074 2926 3129 ὁδὸν
2954 3074 3061 3129 τοῦ
3085 3075 3257 3129 Θεοῦ.

2239 3001 2377 3070 Περὶ
2415 3000 2524 3057 τοῦ

653 3156 694 3209 1.
744 3157 1011 3212 Curemus
1043 3173 1140 3214 nos
1167 3159 1336 3228 ipsos,
1374 3161 1710 3219 dilectissimi
1746 3204 1764 3229 ,
1797 3164 2139 3236 invigilemus

2306 3162 2384 3216 A'.
2418 3163 2791 3234 Φροντίσωμεν
2834 3163 3060 3228 ἑαυτῶν,
3093 3163 3334 3233 ἀδελφοὶ,
3367 3163 3650 3235 νήφωμεν.
3705 3164 3804 3228 τίς

581 3247 758 3304 nobis.
823 3249 954 3315 Quis
999 3251 1142 3304 enim
1195 3253 1352 3307 nobis
1398 3255 1661 3310 amissum
1726 3265 1938 3328 tempus
1982 3263 2142 3316 resti—

579 3341 726 3398 tuet?
783 3340 1036 3408 Quatrere
1085 3343 1184 3397 lius
1222 3344 1339 3400 dies
1359 3346 1658 3415 poterimus
1689 3389 1705 3414 ,
1748 3352 1840 3404 sed
1870 3367 2137 3422 nusquam

578 3447 675 3488 eos
699 3433 1056 3489 inveniemus.
1105 3435 1366 3490 Abbatem
1398 3439 1690 3494 Arsenium
1736 3441 1956 3496 solitum
1987 3444 2142 3499 aiunt

579 3524 680 3578 sibi
700 3525 798 3593 ipsi
829 3540 1040 3589 semper
1064 3526 1242 3582 dicere
1272 3548 1282 3580 :
1350 3549 1368 3580 ι
1387 3529 1598 3594 Arseni,
1619 3533 1686 3586 ad
1715 3533 1842 3602 quid
1876 3534 2133 3590 venistib

577 3613 689 3670 Nos
745 3625 924 3670 autem
994 3617 1128 3670 adeo
1158 3617 1372 3674 desides
1397 3635 1590 3676 sumus
1613 3632 1667 3676 et
1696 3623 1916 3687 inertes,
1967 3633 2028 3680 ut
2070 3626 2138 3680 ad

577 3710 710 3776 quid
731 3709 1056 3773 venerimus,
1085 3711 1309 3764 omnino
1326 3711 1656 3782 ignoremus,
1677 3729 1850 3783 neque
1870 3718 2137 3786 quidnam

577 3800 828 3865 velimus,
859 3802 1115 3856 sciamus.
1178 3804 1353 3872 Atque
1390 3802 1512 3858 ideo
1540 3820 1648 3860 non
1679 3807 1854 3861 solum
1879 3824 1984 3862 non
2017 3825 2141 3878 pro-

581 3891 812 3958 ficimus,
867 3893 960 3947 sed
1004 3909 1215 3963 semper
1242 3895 1513 3964 angimur,
1569 3912 1781 3968 semper
1829 3899 2137 3970 affligimur.

579 3988 733 4054 Quod
782 3990 906 4043 inde
937 3991 1013 4056 lit,
1045 3992 1171 4059 quia
1201 3992 1402 4046 nullam
1436 3993 1504 4048 de
1533 3995 1689 4049 nobis
1703 3981 1908 4060 curam,
1935 3998 2136 4052 nullam

579 4081 928 4138 attentionem
958 4084 1218 4154 gerimus.
1274 4082 1407 4137 Nam
1426 4085 1493 4151 si,
1524 4096 1584 4141 ut
1614 4103 1713 4157 par
1761 4100 1926 4153 esset,
1955 4093 2138 4147 decer-

581 4185 695 4228 tare
719 4174 997 4228 uobiscum
1023 4175 1291 4230 modicum
1323 4176 1606 4242 vellemus,
1649 4194 1758 4232 non
1796 4195 1964 4250 usque
2002 4184 2138 4238 adeo

580 4263 977 4333 alﬂigeremur,
1025 4281 1130 4318 non
1167 4274 1375 4320 tantum
1409 4268 1795 4324 laboraremus.
1848 4270 1947 4334 Qui
1993 4274 2136 4326 enim

580 4352 846 4420 principio
897 4353 1001 4406 sibi
1056 4355 1154 4422 ipsi
1201 4355 1306 4408 vim
1336 4355 1524 4412 fecerit
1571 4368 1734 4425 atque
1775 4361 2048 4426 restiterit,
2086 4370 2138 4416 et

581 4445 840 4513 paulatim
901 4461 1138 4516 pugnare
1183 4448 1510 4518 perrexerit,
1570 4451 1813 4518 proficiet
1874 4468 2025 4519 sane,
2081 4462 2136 4507 et

2235 3253 2394 3308 δώσει
2422 3257 2555 3326 ἡμῖν
2569 3256 2659 3309 τὸν
2681 3257 2870 3328 καιρὸν
2885 3255 3093 3320 τοῦτον,
3115 3258 3212 3311 ἐὰν
3239 3255 3590 3326 ἀπολέσωμεν
3611 3255 3803 3321 αὺτόνς

2242 3347 2446 3410 Ὄντως
2478 3349 2672 3418 ἔχομεν
2704 3348 2937 3419 ζητῆσαι
2958 3349 3059 3414 τὰς
3093 3349 3306 3419 ἡμέρας
3338 3350 3564 3413 ταύτας,
3597 3349 3696 3402 καὶ
3726 3349 3803 3420 μὴ

2243 3435 2476 3508 εὕρομεν
2496 3439 2684 3502 αὑτάς.
2731 3440 2789 3493 ’0
2810 3439 2983 3502 ἀδεᾶς
3027 3439 3300 3510 ’Δρσὲνιος
3333 3439 3520 3508 ἔλεγεν
3540 3442 3599 3494 ἐν
3620 3440 3802 3512 ἑαυτῷ

2237 3531 2466 3584 πάντοτε
2485 3547 2501 3560 ·
2531 3551 2550 3583 ι
2589 3533 2850 3603 Ἀρσένιε,
2875 3532 2960 3586 διδ
2977 3531 3234 3602 ἐξῆλθεςς
3269 3550 3290 3584 ι
3319 3534 3511 3602 Ἡμεῖς
3537 3533 3596 3589 δὲ
3623 3537 3687 3589 ιν
3712 3551 3803 3588 το-

2242 3623 2418 3695 σαύτῃ
2439 3623 2602 3693 ἐσμὲν
2616 3620 2864 3695 ἀπωλείᾳ
2887 3624 2983 3678 καὶ
3000 3623 3233 3696 ἀμελείᾳ
3263 3636 3280 3652 °
3309 3624 3393 3677 ὅτι
3411 3622 3539 3677 οὔτε
3571 3624 3805 3695 οἴδαμεν

2234 3714 2323 3768 διὰ
2348 3715 2402 3768 τί
2429 3714 2743 3786 ἐξήλθομεν,
2783 3714 2908 3769 οὔτε
2943 3715 3043 3769 οὐκ
3069 3715 3292 3786 οίδαμεν
3325 3714 3382 3767 τί
3420 3715 3571 3768 ἐστιν
3605 3713 3637 3768 δ
3666 3714 3800 3785 ὴθεο

2234 3806 2478 3878 λήσαμεν
2501 3824 2515 3838 °
2554 3807 2642 3861 διὰ
2676 3807 2836 3862 τοῦτο
2856 3807 2919 3860 οὐ
2941 3807 3103 3877 μόνον
3133 3807 3196 3860 οὗ
3225 3803 3630 3880 προκὸπτομεν,
3658 3805 3800 3863 ἀλλά

2235 3899 2329 3952 καὶ
2349 3898 2643 3969 θλιϐόμεθα
2669 3898 2918 3954 πάντοτε.
2943 3897 3115 3952 Τοῦτο
3135 3897 3194 3952 δὲ
3221 3899 3432 3968 γίνεται
3455 3901 3593 3970 ἡμῖν
3610 3901 3676 3953 ἐκ
3699 3897 3798 3954 τοῦ

2238 3989 2312 4059 μὴ
2352 3987 2497 4059 ἔχειν
2537 3988 2808 4061 προσοχὴν
2861 3991 2920 4044 ἑν
2959 3991 3025 4062 τῇ
3053 3990 3251 4062 καρδία
3267 3989 3430 4061 ἡμῶν
3453 4007 3472 4024 ο
3500 3991 3599 4043 καὶ
3624 3989 3797 4055 ὕνεως

2233 4082 2283 4134 εἰ
2314 4081 2580 4151 ἠθέλομεν
2620 4080 2816 4153 μικρὸν
2861 4081 3275 4152 ἀγωνίσασθαι..
3297 4081 3400 4136 οὐκ
3438 4081 3663 4154 εἴχομεν
3700 4084 3798 4138 ἐπὶ

2234 4175 2367 4227 πολὺ
2383 4175 2629 4245 θλισῆναι
2647 4174 2768 4228 οὐδὲ
2785 4176 2983 4246 κοπιᾷν
3011 4191 3029 4207 ο
3053 4173 3159 4228 κᾶν
3182 4174 3292 4244 γὰρ
3311 4173 3462 4245 παρὰ
3495 4175 3598 4238 τὰς
3619 4173 3796 4247 ἀρχὰς

2235 4264 2485 4336 βιάζηταί
2500 4281 2582 4327 τις
2600 4263 2813 4331 Ἑαυτὸν,
2832 4263 2968 4318 ἀλλά
2985 4262 3390 4336 ἀγωνιζόμενος
3408 4264 3552 4319 κατά
3573 4265 3794 4336 μικρὸν,

2235 4355 2428 4426 μικρὸν
2477 4354 2806 4424 προκόπτει,
2863 4354 2962 4408 καὶ
3005 4354 3190 4409 λοιπὸν
3246 4356 3387 4426 μετά
3429 4354 3792 4416 ἀναπαύσεως

2231 4447 2408 4499 ποιεῖ’
2435 4443 2529 4497 τοῦ
2563 4443 2697 4498 Θεοῦ
2724 4444 3010 4515 βλέποντος
3042 4445 3128 4499 ὅτι
3165 4447 3254 4500 ὅτε
3283 4444 3540 4516 βιάζηται
3573 4444 3789 4509 ἑαυτὸν,

579 4532 832 4603 deinceps
865 4549 1047 4604 pacem
1071 4545 1125 4590 et
1151 4537 1382 4606 quietem
1404 4548 1782 4608 consequetur.
1838 4541 1972 4595 Cum
1989 4543 2132 4597 enim

2247 4538 2327 4590 καὶ
2346 4536 2673 4606 παρέχοντος
2717 4537 2864 4609 αὐτῷ
2881 4537 3149 4610 βοήθειαν.
3220 4538 3331 4592 Kal
3353 4522 3517 4609 ήμέίς
3543 4532 3637 4591 οὖν
3667 4535 3789 4606 βια-

581 4624 868 4682 adverterit
902 4627 1042 4683 Deus
1071 4630 1304 4700 aliquem
1341 4647 1400 4687 se
1423 4632 1600 4701 ipsum
1630 4631 1893 4702 principio
1918 4651 2132 4706 cogere,

581 4720 761 4773 statim
791 4723 861 4775 ad
892 4723 1152 4776 auxilium
1179 4733 1444 4793 properat.
1486 4725 1552 4780 Et
1580 4742 1679 4782 nos
1699 4727 1882 4797 igitur,
1914 4725 2130 4792 fratres,

581 4829 682 4868 nos
710 4812 856 4880 ipsos
880 4829 1157 4883 cogamus,
1194 4814 1359 4886 519
1387 4819 1656 4886 jaciamus
1699 4819 1912 4872 tandem
1943 4818 2135 4874 funda-

583 4915 785 4967 menta,
821 4904 1046 4958 velimus
1074 4906 1284 4960 tandem
1311 4908 1542 4968 bonum.
1593 4911 1697 4964 etsi
1740 4907 1976 4963 nondum
2009 4923 2133 4978 per-

583 4997 708 5051 fecti
768 4996 959 5053 simus.
1032 4995 1142 5053 lloc
1198 5000 1341 5054 enim
1393 5000 1592 5055 bonurn
1650 5011 1838 5072 optare
1872 5011 1926 5056 et
1975 5000 2130 5065 velle,

585 5087 777 5141 salutis
812 5087 1090 5141 exordium
1125 5099 1205 5143 est
1240 5089 1424 5156 nobis;
1457 5100 1644 5144 etcum
1668 5093 1801 5148 velle
1823 5093 2131 5161 incipimus,

589 5178 872 5245 incipimus
903 5181 1087 5245 etiam,
1125 5182 1416 5238 auxiliante
1449 5182 1694 5248 Domino,
1727 5201 1980 5254 pugnare.
2032 5182 2136 5238 Pu-

587 5268 874 5338 gnantibus
901 5281 1079 5325 autem
1113 5272 1267 5328 nobis
1288 5289 1392 5327 non
1426 5273 1624 5330 desunt
1648 5275 1741 5344 qui
1772 5291 1928 5346 opem
1956 5274 2134 5332 ferant

657 5456 673 5480 '
707 5445 751 5501 ll
773 5447 900 5504 Cor.
945 5465 1006 5513 ιι,
1037 5449 1121 5518 ιι,
1162 5452 1247 5506 15.
1321 5461 1344 5489 ³
1375 5449 1530 5507 Joan.
1573 5468 1685 5520 xuv,
1726 5450 1780 5508 6.

2228 4627 2449 4698 σὼμεθα
2478 4629 2720 4696 ἑαυτοὺς,
2750 4629 3002 4702 βάλωμεν
3036 4628 3206 4700 καλὴν
3226 4629 3424 4702 ἀρχὴν,
3474 4627 3789 4700 θελήσωμεν

2229 4719 2365 4783 τέως
2377 4719 2439 4772 τὸ
2453 4721 2632 4777 καλόν.
2645 4724 2754 4776 Καὶ
2765 4723 2874 4796 γὰρ
2889 4721 3042 4776 οὔπω
3056 4721 3115 4774 ἐν
3129 4721 3246 4776 τελε
3254 4721 3424 4791 ίοτητί
3442 4722 3627 4792 ἐσμεν.
3643 4719 3788 4774 Ἀλλ’

2226 4809 2359 4862 αὐτὸ
2379 4809 2442 4862 τὸ
2478 4809 2652 4866 θέλειν
2674 4852 2690 4878 ,
2729 4812 2870 4882 ἀρχὴ
2903 4811 3176 4888 σωτηρίας
3203 4814 3332 4884 ἡμῖν
3362 4813 3512 4864 ἔστιν
3536 4827 3552 4842 °
3574 4811 3640 4863 ὲκ
3687 4806 3785 4862 τοῦ

2227 4901 2336 4973 γὰρ
2363 4901 2555 4969 θέλειν,
2571 4903 2841 4974 ἰρχόμιθα
2861 4903 3087 4976 σὺνΘεῷ
3102 4907 3193 4959 καὶ
3215 4906 3293 4966 εἰς
3316 4901 3380 4956 τδ
3396 4900 3781 4970 ἀγωνίζεσθαι,

2235 4993 2328 5046 καὶ
2353 4994 2417 5046 ὲκ
2436 4993 2529 5048 τοῦ
2556 4994 2947 5064 ἀγωνίζεσθαι,
2985 4994 3255 5069 βοηθεῖται
3277 5011 3363 5056 τις
3383 4995 3464 5058 εἰς
3484 4993 3550 5047 τδ
3577 4993 3784 5063 κτήσα-

2237 5087 2361 5140 σθαι
2380 5085 2476 5151 τὰς
2511 5089 2709 5159 ἀρετάς
2731 5103 2747 5118 ⁶
2773 5088 2864 5143 διὰ
2891 5089 3047 5144 τοῦτό
3080 5105 3166 5151 τις
3191 5085 3300 5139 τῶν
3325 5086 3585 5157 Πατέρων
3608 5081 3780 5150 λέγεν

2234 5179 2332 5242 Δὸς
2355 5174 2490 5248 αἷμα
2513 5180 2606 5235 καὶ
2628 5179 2758 5234 λάϐε
2774 5171 2989 5253 πνεῦμα
3010 5200 3026 5216 ο
3050 5179 3193 5236 τοῦτ’
3222 5180 3369 5235 ἐστιν
3387 5176 3673 5248 ἀγώνισαι,
3688 5170 3786 5226 καὶ

2233 5271 2366 5344 γένῃ
2389 5274 2445 5324 ἐν
2476 5273 2586 5338 ἔξει
2611 5274 2710 5346 τῆς
2732 5273 2956 5346 ἀρετῆς.

1848 5628 2074 5688 VAllle
2123 5628 2408 5688 LECTION
2417 5628 2518 5685 ES.

665 5786 708 5819 "
736 5787 1000 5873 Δελιᾶσαι.
1029 5791 1293 5845 δελεᾶσαι.
