4020 6340
213 385 352 452 i725

1573 402 1946 466 DOCTRINA
1991 412 2059 470 Χ.

3287 434 3421 497 1796

211 506 280 555 ad
338 502 563 556 virtutes
610 502 895 571 parandas.
942 502 1076 558 llinc
1113 522 1251 561 unus
1308 523 1338 562 e
1371 511 1677 565 senioribus
1724 514 1791 563 ita
1833 516 2025 571 solitus
2061 532 2176 577 erat
2214 524 2420 582 dicere:
2482 549 2498 580 ι
2550 529 2622 584 Da
2653 536 2989 602 sanguinem,
3021 548 3074 593 ct
3098 541 3278 608 accipe
3310 545 3420 598 sui-

209 597 409 660 ritum;
441 615 460 646 ι
497 593 550 647 id
594 604 698 657 est,
744 611 916 664 pugna
950 605 1005 648 ul
1044 608 1106 649 ad
1139 599 1352 653 virtutis
1377 600 1616 655 habitum
1642 605 1948 670 pervenias.

274 688 480 741 Β.”Οτε
503 687 857 752 ἀνεγίνωσκον
882 707 955 748 ε.ς

208 777 272 841 ἐξ
307 776 479 848 ἀρχῆς
509 780 670 837 πάνυ,
703 781 792 830 καὶ
827 782 910 831 Ere
944 783 1188 849 ἠρμμην
1216 782 1399 836 λαϐεῖν
1427 785 1485 840 τὸ
1536 785 1755 853 βιϐλίον,

209 866 384 930 οὕτως
420 867 589 936 ήμην,
624 867 698 929 ὡς
741 886 819 931 τις
861 871 1079 934 ὑπάγων
1126 871 1360 939 ἅψασθαι
1415 874 1623 944 θηρίου.
1672 875 1758 936 Ὠς

208 954 306 1010 οὖν
339 957 526 1027 ἔμεινα
564 959 878 1026 βιαζόμενος
904 961 1134 1027 ἐμαυτὸν
1156 1000 1171 1023 ,
1217 961 1509 1032 ἐϐοήθησεν
1537 965 1562 1012 ὁ
1590 963 1715 1023 Θεὸς
1740 1002 1754 1024 ,

209 1049 311 1100 καί
333 1048 504 1112 οὕτως
531 1051 792 1119 ἐγενόμην
825 1051 880 1100 ὲν
905 1050 1013 1112 ἕξει
1036 1050 1129 1103 τοῦ
1157 1052 1499 1122 πράγματος,
1527 1053 1663 1104 ὥστε
1682 1053 1757 1121 μὴ

208 1139 411 1192 εἰδέναι
449 1156 515 1209 με
543 1139 593 1193 τί
624 1141 858 1209 ἔτρωγον
891 1142 994 1209 ἢτί
1032 1141 1214 1195 ἔπινον
1236 1183 1250 1206 ,
1293 1145 1326 1212 ἦ
1370 1145 1482 1207 πῶς
1525 1146 1756 1211 ἐκοιμῶ-

211 1246 344 1299 μην,
373 1232 436 1282 ὲκ
458 1230 553 1299 τῆς
586 1232 831 1292 καύσεως
857 1231 964 1282 τῶν
987 1235 1430 1305 ἀναγνωσμάτων
1457 1252 1471 1265 ο
1498 1238 1590 1288 καὶ
1611 1238 1774 1311 οὐδέέ

209 1338 344 1376 ποτε
381 1322 643 1394 έλκὺσθην
675 1325 754 1387 εἰς
773 1325 988 1393 ἄριστον
1010 1326 1146 1394 μετὰ
1159 1327 1276 1389 ἐνὸς
1298 1328 1405 1380 τῶν
1425 1327 1592 1395 φίλων
1612 1347 1714 1399 μου
1739 1345 1754 1358 ·

208 1414 327 1468 ἀλλ’
355 1414 474 1468 οὐδὲ
500 1417 579 1477 εἰς
612 1416 897 1485 συντυχίαν
923 1416 1171 1489 ἠρχόμην
1218 1421 1331 1489 μετ’
1378 1419 1539 1472 αὑτοῦ
1585 1423 1643 1472 ὲν
1678 1421 1758 1491 τῷ

210 1505 386 1576 καιρῷ
401 1505 495 1559 τοῦ
523 1504 941 1574 ἀναγνώσματος
962 1523 974 1535 ·
996 1507 1174 1561 καίτοι
1197 1509 1550 1580 φιλοσυνήθης
1570 1511 1644 1564 ὢν
1664 1513 1757 1564 καὶ

210 1595 439 1662 ἀγαπῶν
453 1594 576 1658 τοὺς
601 1596 845 1666 ἑταίρους
882 1613 1003 1665 μου.
1046 1597 1132 1661 Ὦς
1164 1594 1255 1651 οὖν
1295 1600 1525 1652 ἀπέλυεν
1553 1602 1699 1670 ἡμᾶς
1728 1603 1758 1654 ὁ

210 1684 470 1755 σοφιστὴς
516 1687 608 1738 καὶ
664 1686 909 1756 ἑλεώμην
945 1690 960 1706 ⁹
980 1685 1229 1758 (ἔχρῃζον
1257 1688 1365 1759 γὰρ
1396 1689 1516 1742 καθ’
1545 1691 1757 1760 ἡμέραν

209 1773 868 1843 ἐνυγραίνεοθαι,έπειδὰν
892 1773 1321 1846 ἀνεξηραινὸμην
1336 1776 1400 1829 ὲκ
1414 1776 1511 1846 τῆς
1526 1777 1756 1849 ὑπερσο-

207 1859 312 1934 λῆς
355 1864 465 1918 τῶν
492 1865 976 1940 ἀναγνωσμάτων),
1009 1865 1314 1938 ἀνεχώρουν
1360 1868 1493 1920 ὅπου
1542 1851 1754 1939 ἔμενον,

209 1958 351 2027 μήτε
372 1953 527 2018 είδὼς
552 1955 634 2008 ὅτι
666 1954 773 2024 ἔχω
805 1959 1018 2024 φαγεῖν*
1049 1957 1147 2011 οὐκ
1175 1959 1458 2027 ἠδυνάμην
1508 1960 1616 2029 γὰρ
1645 1961 1754 2013 ἀπ-

209 2045 593 2117 ασχοληθῆναι,
642 2045 761 2099 οὐδὲ
810 2048 888 2109 είς
918 2048 980 2100 τὸ
1009 2048 1259 2112 ἐπιτάξαι
1290 2047 1438 2118 αὑτῷ
1468 2049 1526 2102 τὸ
1560 2027 1752 2119 φαγεῖν
1784 2027 1827 2082 Β

209 2155 337 2208 μου.
379 2137 522 2208 Πλὴν
570 2132 713 2215 εἶχόν
744 2153 866 2190 τινα
915 2138 1125 2201 πιστὸν,
1173 2138 1269 2191 καὶ
1305 2140 1464 2202 αὐτὸς
1492 2139 1753 2208 ἡτοίμαζε

218 2248 312 2300 μοι
364 2229 416 2283 εῐ
449 2246 504 2282 τι
536 2227 744 2300 ἤθελον.
804 2228 1132 2298 Ἐλάμὸανον
1179 2224 1272 2281 οὖν
1314 2228 1367 2280 εἴ
1410 2246 1462 2281 τι
1504 2228 1753 2299 εὕρισκον

206 2319 375 2377 αὑτὸν
413 2320 732 2390 ποιήσαντα,
763 2319 899 2389 ἔχων
931 2320 1105 2372 καὶτὸ
1142 2318 1345 2389 βιὸλίον
1377 2335 1478 2388 μου
1502 2321 1579 2385 ,ὲκ
1613 2319 1752 2372 πλα-

207 2414 344 2483 γίων
374 2429 478 2484 μου
506 2413 585 2475 είς
605 2411 696 2464 τὸν
718 2410 1043 2482 κράδόατον,
1070 2411 1163 2464 καὶ
1187 2410 1326 2464 κατά
1349 2408 1542 2479 μικρὸν
1566 2409 1752 2462 ἐνέκυ-

207 2522 346 2559 πτον
371 2506 451 2567 εἰς
481 2503 662 2567 αὑτὸν,
702 2503 796 2556 καὶ
823 2503 881 2554 έν
911 2501 988 2571 τῷ
1011 2500 1362 2571 κοιμηθῆναι,
1396 2501 1592 2569 ὁμοίως
1619 2499 1752 2569 πλη-

215 2594 334 2648 σίον
357 2590 457 2664 μου
485 2587 625 2662 εἶχον
652 2591 782 2644 αὐτὸ
807 2592 883 2654 εἰς
904 2584 969 2641 τὸ’
986 2589 1193 2658 θρονίον
1210 2606 1333 2660 μου,
1360 2589 1453 2642 καὶ
1473 2588 1547 2650 ὡς
1573 2589 1752 2659 ἥρπα-

205 2686 304 2749 ζον
340 2683 554 2755 μικρὸν,
596 2681 794 2746 εὐθέως
833 2681 1110 2750 ἀνεπήδων
1142 2680 1356 2750 είς·τὴν
1405 2679 1706 2746 ἀνάγνωσιν
1732 2695 1748 2711 ο

207 2774 374 2828 πάλιν
419 2774 676 2844 ἑσπέρας,
715 2773 790 2836 ὡς
845 2771 1150 2842 ἀνεχώρουν
1206 2771 1344 2841 μετά
1378 2771 1441 2824 τὸ
1481 2770 1748 2839 λυχνικὺν,

203 2866 379 2934 ἢπτον
401 2864 492 2916 τὸν
513 2863 724 2934 λύχνον,
757 2864 851 2916 καὶ
887 2863 1100 2915 ὲποίοκκ·
1137 2861 1242 2924 ἕως
1271 2860 1366 2915 τοῦ
1397 2861 1748 2930 μεσονυκτίου

205 2951 616 3021 ἀναγινώσκων,
646 2955 740 3008 καὶ
766 2953 934 3018 οὓτως
973 2956 1120 3025 ήμην
1169 2955 1251 3008 ὅτι
1297 2955 1397 3007 οὐκ
1439 2953 1753 3024 ᾐσθανόμην

204 3046 328 3108 οἰας
356 3044 555 3114 δήποτε
603 3045 862 3115 ἡδύτητος
887 3049 935 3100 εί
971 3045 1045 3115 μὴ
1067 3046 1132 3116 ἐκ
1152 3045 1259 3099 τῶν
1286 3046 1747 3116 ἀναγνωσμάτων.

209 3137 340 3190 ,οτε
369 3131 464 3189 οὖν
497 3131 660 3206 ἦλθον
687 3139 766 3201 είς
799 3137 858 3190 τδ
884 3138 1264 3208 μοναστήριον,
1297 3137 1480 3206 ἔλεγον
1508 3138 1748 3208 ἐμαυτῷ.

209 3243 231 3267 σ
258 3224 322 3277 Ei
345 3223 438 3276 ἐπὶ
459 3221 552 3276 τοῦ
581 3223 686 3290 ἔξω
706 3223 864 3292 λόγου
893 3225 1105 3292 ἐγένετο
1128 3225 1335 3279 τοιοῦτο
1351 3226 1520 3289 πάθος
1538 3221 1752 3280 καιτοι-

203 3313 343 3384 αὐτη
370 3312 642 3385 θέρμη.ὲκ
672 3312 763 3367 τοῦ
791 3315 1044 3384 σχολάσαι
1069 3307 1207 3366 τινα
1225 3316 1290 3383 τῇ
1319 3314 1616 3382 ἀναγνώσει
1653 3331 1746 3382 γε-

202 3404 461 3461 νέσθαιὲν
485 3404 594 3469 ἔξει
617 3405 811 3474 αὐτῆς,
833 3404 981 3474 πόσῳ
1008 3404 1200 3474 μᾶλλον
1225 3403 1321 3456 ἐπὶ
1345 3407 1441 3473 τῆς
1471 3405 1691 3474 ἀρετῆς;
1719 3422 1738 3455 ι

202 3499 299 3550 καὶ
332 3485 632 3566 ἐλάμϐανον
661 3496 856 3568 πολλὴν
891 3494 1118 3566 δύναμιν
1148 3498 1213 3549 ὲκ
1256 3496 1349 3549 τοῦ
1402 3497 1741 3568 πράγματος.

199 3587 392 3652 Οὕτως
416 3588 512 3642 ὲάν
542 3587 671 3658 θέλῃ
703 3606 788 3652 τις
838 3579 1137 3659 κτήσασθαι
1164 3590 1383 3660 ἀρετὴν,
1412 3589 1512 3643 οὐκ
1542 3589 1745 3658 ὀφείλει

201 3680 522 3751 ἀδιαφορεῖν
547 3680 665 3733 οὐδὲ
693 3671 1115 3751 μετεωρίζεσθαι
1140 3697 1155 3712 ·
1185 3682 1372 3751 ὥσπερ
1402 3686 1510 3755 γάρ
1539 3702 1623 3748 τις
1659 3684 1748 3738 θέ-

200 3772 316 3824 λων
345 3770 537 3840 μαθεῖν
562 3771 896 3842 τεκτονικὴν,
918 3774 978 3825 οὑ
1006 3776 1262 3846 προσέχει
1292 3776 1426 3847 ἄλλῃ
1451 3777 1634 3848 τέχνῃο
1652 3776 1747 3830 οὔ·

199 3877 313 3923 τως
337 3861 455 3913 ιστὶ
487 3860 580 3915 καὶ
608 3863 700 3915 ἐπὶ
724 3863 832 3915 τῶν
868 3863 1127 3918 θελόντων
1153 3867 1457 3937 κτήσασθαι
1487 3869 1746 3939 ἐργασίαν

202 3950 599 4018 πνευματικήν.
644 3950 760 4003 οὐκ
802 3950 1074 4020 ὀφείλουσι
1116 3955 1402 4025 προσέχειν
1448 3958 1591 4028 ἀλλφ
1636 3960 1746 4012 τινὶ

208 4039 520 4109 πράγματι,
551 4038 686 4092 ἀλλά
715 4040 905 4104 νυκτὸς
943 4041 1034 4093 καὶ
1067 4042 1277 4113 ἡμέρας
1300 4046 1530 4117 μιλετᾷν
1557 4048 1617 4100 ἐν
1641 4048 1744 4102 αὖ·

197 4131 294 4200 τῇ,
324 4128 439 4192 πιῖις
465 4128 729 4198 δυνηθῶσι
754 4131 1051 4199 κτήσασθαι
1078 4133 1265 4204 αὐτήν.
1295 4135 1359 4186 υἱ
1387 4135 1443 4188 δὲ
1469 4137 1544 4206 μὴ
1571 4137 1742 4201 οὕτως

198 4216 628 4287 προσερχόμενοι
661 4217 741 4287 τῷ
773 4220 1078 4289 πράγματι,
1124 4221 1183 4272 οὐ
1229 4221 1388 4291 μόνον
1428 4223 1490 4276 οὐ
1537 4225 1741 4294 προκό-

197 4325 446 4374 πτουσιν,
470 4308 608 4363 ἀλλά
633 4309 725 4362 καὶ
739 4310 1141 4380 συντρίϐονται,
1169 4310 1340 4375 οὕτως
1367 4313 1620 4379 ἀσκόπως
1647 4333 1743 4368 πε-

201 4405 567 4473 ριφερόμενοι.
615 4400 737 4454 Ἐὰν
762 4403 870 4471 γὰρ
895 4403 968 4472 μὴ
999 4404 1138 4475 νήφῃ
1168 4421 1252 4467 τις
1270 4406 1364 4458 καὶ
1386 4405 1737 4478 ἀγωνίζηται,

197 4491 439 4561 εὐχερῶς
487 4491 740 4546 ἐκπίπτει
786 4495 865 4556 είς
906 4493 1006 4557 τὰς
1052 4496 1419 4560 παοεκὸἀσεις
1466 4497 1574 4552 τῶν
1614 4499 1742 4572 ἀρε-

194 4598 329 4639 των.

1113 690 1214 755 ἔξω
1234 709 1272 741 τι
1295 693 1378 743 7:7?
1395 695 1498 752 ίαν,
1525 695 1749 746 ἐκοπίω-¹

1931 701 1990 754 ll.
2018 704 2151 757 Cum
2175 707 2238 758 ad
2265 709 2448 762 ludmn
2473 727 2744 782 pergerem
2768 719 3142 788 egressusiam
3166 735 3230 775 ex
3254 723 3443 791 epbe-.

1861 792 1960 854 bis,
1986 794 2325 863 invigilabam
2350 801 2639 856 admodum
2670 821 2698 858 a
2728 807 3022 876 principio;
3053 811 3138 863 ubi
3163 828 3287 865 vero
3311 830 3420 867 cm-

1862 879 1908 947 pi
1935 881 2000 932 ad
2031 883 2284 938 lettiones
2313 891 2604 944 ascendere
2627 902 2681 944 et
2709 893 2907 948 librum
2933 898 3164 965 aperire,
3197 900 3419 954 territus

1859 983 1993 1035 pene
2030 972 2407 1041 uill‘ugiebam,
2447 994 2706 1048 eramque
2744 992 2802 1035 ut
2835 984 2928 1052 qui
2969 986 3177 1054 agreste
3217 989 3416 1040 animal

1857 1059 2109 1116 formidat
2137 1067 2556 1135 continget-enm
2584 1071 2673 1124 ubi
2709 1088 2791 1126 me
2825 1074 3002 1143 ipsum
3036 1079 3207 1146 coegi,
3237 1089 3291 1130 et
3314 1083 3412 1131 du-

1859 1152 1968 1205 ravi
1998 1167 2223 1222 pergens
2252 1165 2310 1208 ut
2335 1164 2573 1220 poterant
2598 1199 2613 1222 ,
2652 1157 2795 1214 Deus
2820 1176 2976 1230 opem
3000 1165 3177 1217 attulit
3201 1209 3212 1226 ,
3251 1176 3304 1220 et
3338 1169 3417 1220 sic

1856 1240 1921 1292 ad
1955 1240 2191 1296 habitum
2226 1243 2525 1313 disciplinae
2561 1249 2777 1316 perveni
2809 1267 2822 1301 :
2874 1250 3054 1320 itaque
3101 1254 3416 1323 plerumque

1855 1325 2193 1384 distrahebar
2215 1331 2394 1386 studio
2418 1332 2556 1385 miro
2580 1344 2633 1385 et
2656 1336 2849 1388 ardore
2880 1336 3190 1402 lectionum,
3211 1352 3268 1394 ιιι
3285 1343 3413 1410 quid

1855 1418 2230 1485 comedissem,
2252 1419 2528 1484 bibissem,
2543 1421 2961 1489 obdormissem,
2981 1426 3247 1482 interdum
3273 1431 3416 1499 igno‘

1853 1521 2029 1562 rarem
2069 1509 2252 1578 Neque
2273 1509 2564 1580 aliquando
2584 1515 2828 1583 acquievi
2855 1524 2964 1569 uta
2987 1533 3257 1588 quoquam
3279 1522 3413 1574 ami-

1853 1614 2040 1655 corum
2068 1601 2122 1654 in
2145 1602 2455 1671 prandium,
2482 1606 2534 1658 in
2557 1606 2882 1676 symbolum,
2904 1609 3150 1665 lectionis
3175 1622 3414 1681 tempore

1853 1691 2113 1748 ducerer:
2149 1693 2434 1764 diligebam
2464 1705 2641 1751 tamen
2673 1700 2851 1754 socios
2878 1717 3046 1756 meos.
3083 1704 3218 1757 Cum
3251 1706 3415 1773 igitur

1802 1859 1806 1863 _
1855 1799 1953 1839 nos
1995 1780 2276 1858 dimiserat
2316 1787 2598 1857 sophista,
2646 1789 2903 1856 lavabar;
2941 1795 3237 1862 indigebant
3268 1798 3412 1850 enim

1853 1875 2162 1943 quotidiana
2189 1875 2416 1942 lotione,
2447 1894 2570 1932 cum
2591 1881 2828 1948 quotidie
2862 1883 2914 1936 in
2943 1886 3124 1938 studio
3153 1895 3206 1937 et
3233 1886 3414 1939 labore

1856 1967 2143 2019 lectionum
2189 1966 2532 2022 desudarem.
2569 1969 2941 2027 Concedebam
2988 1975 3112 2029 inde
3153 1975 3412 2040 domum,

1855 2057 1990 2110 nihil
2018 2072 2217 2110 curans
2245 2056 2374 2125 quid
2415 2058 2546 2111 mihi
2583 2058 2850 2114 edendum
2880 2072 3058 2126 esset.
3091 2079 3212 2117 cum
3238 2080 3413 2133 neque

1854 2147 1986 2201 mihi
2011 2148 2179 2202 otium
2202 2148 2269 2202 ad
2298 2149 2564 2216 parandos
2581 2150 2732 2205 cibos
2753 2162 3077 2221 suppeteret.
3101 2155 3293 2208 Aderat
3315 2172 3411 2208 au-

1853 2246 1956 2292 tem
1989 2239 2198 2291 amicus
2221 2247 2276 2292 ct
2303 2238 2587 2294 familiaris
2615 2257 2787 2306 meus,
2814 2243 2907 2312 qui
2938 2244 3068 2296 mihi
3100 2255 3335 2314 pararet,
3364 2249 3406 2299 si

1851 2328 1980 2398 quid
2017 2329 2330 2385 voluissem.
2377 2332 2718 2400 Accipiebam
2764 2334 3216 2405 igitur-quidquid
3252 2338 3320 2390 ab
3345 2332 3469 2390 en.’

1851 2428 2209 2488 przeparalum
2234 2419 2605 2486 offendissem,
2628 2423 2833 2480 habens
2849 2440 3061 2495 semper
3080 2442 3143 2480 ex
3163 2429 3411 2496 ορνοείιη

1851 2511 2106 2566 lectulum
2137 2529 2312 2566 meum
2339 2528 2465 2568 cum
2505 2515 2666 2571 libro.
2707 2515 3140 2589 lnclinabamque
3180 2533 3299 2589 post
3333 2523 3410 2575 ci-

1850 2603 2010 2668 bum,
2045 2615 2099 2658 et
2138 2621 2264 2660 cum
2307 2607 2588 2674 paululum
2632 2609 3023 2665 obdormissem
3066 2627 3189 2666 cum
3234 2614 3410 2667 vicino

1850 2707 1960 2747 sem
1970 2708 2061 2761 per
2074 2693 2230 2759 libro,
2249 2695 2561 2750 exsiliebam
2586 2696 2730 2750 illico
2749 2698 2817 2752 ad
2836 2700 3119 2755 lectionem
3138 2717 3168 2754 e
3192 2717 3407 2756 somno.

1852 2780 1977 2836 Item
1998 2793 2050 2836 et
2071 2784 2135 2836 ad
2161 2799 2439 2852 vesperam
2463 2801 2588 2839 cum
2616 2801 2646 2839 e
2671 2786 2796 2840 ludo
2818 2787 3172 2856 discederem,
3196 2807 3409 2859 semper

1849 2888 1972 2926 cum
1993 2872 2191 2927 lumine
2210 2874 2274 2928 ad
2291 2874 2522 2929 mediam
2545 2884 2753 2930 noctem
2769 2876 3007 2946 legebam
3029 2890 3082 2932 et
3097 2880 3404 2946 vigilabam.

1848 2962 2093 3032 Cumque
2134 2963 2205 3017 ita
2242 2979 2328 3018 me
2371 2964 2659 3032 haberem,
2697 2966 2898 3020 nullam
2945 2967 3116 3022 fateor
3158 2969 3407 3024 alicunde

1847 3053 2185 3108 dulcedinem
2217 3065 2311 3109 aut
2329 3056 2659 3127 voluptatem
2689 3057 2965 3127 capiebam
2994 3100 3011 3124 ,
3035 3059 3137 3114 nisi
3163 3075 3192 3114 a
3220 3061 3404 3114 lectio—

1852 3160 1937 3200 ne.
1963 3146 2154 3200 Postea
2184 3161 2346 3216 quam
2376 3147 2538 3216 igitur
2562 3147 2630 3204 ad
2654 3152 3042 3204 monasterium
3069 3151 3227 3214 veni,
3257 3153 3406 3207 dice-

1847 3236 1970 3289 bam
1993 3236 2124 3290 mihi
2150 3236 2252 3307 ipsi
2274 3252 2438 3306 quam
2460 3240 2764 3309 saepissime
2787 3259 2801 3293 :
2841 3260 2861 3291 ι
2889 3241 2943 3295 Si
2971 3251 3115 3296 tanta
3138 3244 3402 3312 cupiditas

1849 3321 1945 3380 tibi
1984 3324 2086 3380 fuit
2117 3325 2173 3380 in
2200 3326 2544 3397 adipiscenda
2571 3321 2874 3401 eloquentia
2893 3370 2911 3396 ,
2953 3333 2998 3387 si
3034 3343 3217 3389 tantus
3241 3336 3404 3390 ardor

1847 3417 2095 3473 lectionis
2110 3459 2125 3485 ,
2157 3428 2217 3473 ut
2233 3419 2298 3472 ad
2324 3420 2492 3489 ipsius
2513 3421 2751 3476 habitum
2776 3424 3142 3491 provehereris
3163 3443 3177 3491 ;
3201 3438 3404 3495 quanto

1847 3510 2017 3580 magis
2049 3511 2212 3565 debes
2237 3512 2450 3565 virtutis
2482 3512 2654 3582 gratia
2683 3513 3000 3568 elaborare!
3031 3533 3050 3566 ι
3094 3523 3150 3569 et
3187 3531 3252 3570 ex
3300 3516 3404 3573 hac

1844 3604 2167 3676 cogitatione
2187 3605 2496 3672 admodum,
2537 3605 2732 3672 fateor,
2757 3609 3123 3678 proliciebam.
3159 3609 3250 3665 Sic
3272 3626 3403 3682 ergo

1846 3713 1970 3752 cum
1999 3713 2188 3767 parare
2215 3699 2468 3754 virtutem
2494 3699 2764 3771 quispiam
2788 3701 3020 3757 voluerit
3045 3743 3061 3768 ,
3104 3702 3258 3758 decet
3293 3719 3402 3759 non

1844 3789 2072 3843 distrahi
2097 3789 2165 3844 ad
2186 3789 2398 3845 diversa
2417 3829 2435 3856 ,
2468 3807 2643 3862 neque
2672 3792 2992 3848 obliviosum
3017 3809 3138 3850 esse
3168 3812 3183 3849 :
3222 3805 3281 3850 ut
3307 3798 3402 3865 qui

1843 3888 2013 3934 artem
2036 3878 2279 3936 fabrilem
2302 3881 2511 3936 discere
2531 3882 2778 3950 voluerit,
2799 3870 2931 3938 nulli
2963 3885 3053 3940 alii
3081 3886 3155 3940 rei
3179 3901 3399 3955 operam

1843 3984 1997 4024 suam
2027 3980 2188 4024 navat
2227 3985 2390 4040 quam
2441 3971 2540 4025 illi.
2578 3971 2734 4038 Quod
2775 3982 2862 4027 est
2903 3975 2958 4028 in
3003 3976 3189 4045 primis
3213 3975 3283 4029 ab
3311 3975 3398 4030 his

1843 4059 2192 4116 factitandum
2221 4062 2313 4131 qui
2347 4061 2682 4132 spiritualem
2707 4073 2880 4120 artem
2913 4065 3106 4135 parare
3136 4066 3353 4122 student
3375 4106 3394 4131 ,

1841 4161 1901 4205 ut
1934 4151 2141 4207 scilicet
2169 4152 2302 4206 nulli
2337 4155 2562 4207 omnino
2596 4153 2676 4209 rei
2719 4165 3077 4226 praeterquam
3113 4159 3236 4211 huic
3264 4173 3392 4226 ope-

1840 4255 1956 4294 ram
1984 4241 2148 4296 dent:
2183 4251 2346 4313 atque
2375 4243 2430 4296 in
2459 4258 2521 4297 ea
2547 4243 2666 4300 dies
2695 4255 2989 4314 noctesque
3017 4247 3393 4316 cogitationem

1838 4347 2054 4386 omnem
2104 4348 2256 4388 suam
2305 4337 2507 4405 ligant,
2548 4335 2677 4390 dum
2722 4336 2788 4390 ad
2829 4337 2948 4408 ejus
2997 4339 3392 4407 possessionem

1839 4426 2165 4493 cooperante
2194 4423 2423 4480 Domino
2450 4425 2666 4481 tandem
2707 4429 3044 4497 perveniant.
3077 4428 3228 4495 Quod
3262 4443 3393 4482 sane

1839 4516 1932 4586 qui
1967 4532 2072 4570 non
2106 4515 2369 4583 fecerint,
2416 4532 2524 4571 non
2569 4518 2744 4571 solum
2779 4533 2885 4573 non
2930 4521 3248 4588 proficiunt,
3295 4519 3391 4571 sed

1841 4609 2005 4662 etiam
2046 4616 2260 4676 tempus
2291 4621 2452 4662 omne
2485 4614 2668 4660 terunt
2695 4623 2869 4676 usque
2905 4609 3040 4664 adeo
3077 4608 3391 4676 insipienter

197 4701 570 4794 οῖτουωάικξίί·
595 4701 708 4756 Νίεί
725 4705 866 4758 enim
883 4705 1003 4775 (Ιυίε
1017 4704 1217 4777 vigilet.
1240 4715 1514 4779 εετιειίιυε
1534 4728 1737 4784 secum,
1778 4721 1932 4778 facile
1963 4723 2019 4776 in
2073 4731 2312 4776 extrema
2369 4720 2646 4786 virtutum,
2671 4721 2777 4779 hoc
2794 4724 2952 4778 estin
2973 4723 3095 4794 vitia
3131 4722 3265 4790 ipsa,
3292 4720 3386 4778 de-

196 4793 362 4853 cidet.

198 4975 334 5046 περὶ
361 4969 428 5046 ἧς
455 4967 606 5053 εἶπεν
632 4974 661 5025 ὁ
681 4971 848 5040 ἅγιος.
865 4975 1043 5046 γέρων
1074 4979 1278 5042 ἐκεῖνος
1301 4997 1314 5010 ·
1358 5000 1379 5032 ι
1585 4987 1737 5057 βασι-

199 5069 328 5141 λαιῇ
359 5063 675 5138 πορεύεσθε,
704 5063 798 5117 καὶ
821 5065 888 5118 τὰ
917 5068 1065 5134 μίλια
1086 5073 1353 5141 μετρεῖτε.
1382 5092 1400 5123 ι
1426 5076 1602 5131 Μέσαι
1620 5076 1734 5144 οὖν,

195 5157 277 5220 ὡς
308 5153 479 5222 εἷπον,
507 5157 562 5208 αί
593 5154 806 5225 ἀρεταὶ,
841 5157 1152 5227 ὑπερϐολῶν
1182 5163 1276 5214 καὶ
1303 5163 1608 5234 ἐλλείψεων.
1641 5172 1738 5224 Διά

197 5244 361 5299 τοῦτο
390 5245 695 5316 γέγραπται
714 5260 730 5274 ·
758 5243 853 5312 Μὴ
882 5244 1164 5317 ἐκκλίνῃς
1187 5253 1272 5317 εις
1295 5253 1368 5306 τὰ
1387 5252 1737 5328 δεξιὰ,μηδὲ

197 5336 293 5399 εἰς
330 5337 401 5389 τὰ
423 5333 730 5405 ἀριστεράο
763 5335 919 5390 ἀλλὰ
955 5337 1082 5402 ὀδῷ.
1113 5341 1408 5412 ,ϐασιλικῇ
1458 5351 1733 5415 πορεύου.

199 5425 313 5478 Καὶ
339 5426 368 5478 ὁ
395 5428 546 5496 ἅγιος
592 5427 864 5491 Βασίλειος
898 5427 1045 5495 λέγει
1078 5448 1090 5460 ·
1142 5432 1315 5495 Εὐθύς
1353 5436 1467 5489 ἐστι
1495 5443 1559 5510 τῇ
1600 5459 1734 5512 καρ-

199 5514 295 5585 δίᾳ
318 5517 350 5568 6
376 5519 467 5570 τὸν
489 5519 742 5590 λογισμὸν
785 5518 859 5590 μὴ
890 5518 1025 5589 ἔχων
1057 5521 1289 5591 ῥέποντα
1327 5528 1407 5589 εἰς
1435 5529 1736 5602 ὑπερϐολὴν

204 5605 346 5676 μήτε
388 5606 640 5678 ἔλλειψιν,
696 5610 831 5665 ἀλλὰ
867 5610 1300 5683 ἀπευθυνόμενος
1329 5618 1461 5684 πρὸς
1487 5621 1546 5673 τὸ
1571 5622 1736 5691 μέσον

201 5695 301 5761 τῆς
319 5695 519 5767 ἀρετῆς
543 5717 556 5731 -
577 5692 688 5754 οἷόν
707 5721 757 5756 τι
783 5701 923 5771 λέγω
940 5720 953 5733 ·
989 5702 1052 5756 Ἢ
1077 5705 1234 5759 κακία
1262 5707 1382 5760 καθ’
1402 5709 1617 5780 ἑαυτὴν,
1638 5712 1726 5763 οὖ-

278 5807 296 5841 ¹
331 5804 484 5864 Deut.
521 5826 649 5878 xvu,
686 5815 766 5868 ll.

268 4883 344 4937 Γ.
361 4881 426 4934 Δί
446 4880 553 4952 γάρ
571 4882 762 4951 ἀρεταὶ
779 4883 939 4951 μέσαι
961 4885 1118 4950 εἰσὶν,
1139 4887 1172 4955 ἡ
1193 4886 1440 4959 βασιλικὴ
1463 4893 1580 4958 ὁδός
1606 4898 1740 4964 ἐστι,

1915 4892 2218 4966 ill._Med§-;e
2249 4903 2376 4947 sunt
2408 4909 2640 4962 namque
2677 4899 2902 4951 virtutes
2925 4935 2940 4956 .
2989 4903 3044 4949 et
3082 4897 3225 4966 regia
3259 4899 3342 4953 via
3363 4925 3384 4953 ν

1839 4986 1905 5039 de
1940 5001 2044 5054 qua
2077 4985 2270 5039 solitus
2296 4995 2414 5038 erat
2442 4987 2618 5042 dicere
2664 4988 3152 5052 sanctissimusjlle
3182 5004 3378 5046 senex:

1847 5094 1866 5125 ι
1894 5074 2055 5143 Regia
2083 5075 2166 5127 via
2195 5074 2425 5129 inceditc
2448 5115 2464 5140 ,
2503 5088 2555 5131 et
2589 5080 2640 5130 in
2673 5081 2782 5131 haec
2819 5077 2989 5130 stadia
3017 5082 3328 5144 percurrite.
3357 5100 3377 5132 ι

1839 5166 2021 5220 Mediae
2053 5166 2214 5234 igitur
2255 5179 2420 5231 sunt,
2457 5179 2516 5224 ut
2551 5171 2783 5224 diximus
2808 5209 2821 5227 .
2854 5169 3075 5223 virtutes
3113 5170 3252 5224 inter
3283 5187 3380 5226 ex-

1839 5273 2024 5310 cessus
2057 5269 2216 5324 atque
2246 5259 2506 5315 defectus.
2537 5263 2711 5325 Quare
2740 5259 2995 5343 scriptum
3021 5273 3101 5316 est
3135 5282 3146 5314 :
3179 5262 3257 5317 Ne
3285 5264 3381 5317 de-

1839 5346 1994 5398 clines
2025 5347 2091 5397 ad
2115 5346 2382 5407 dexteram
2406 5367 2564 5419 neque
2590 5349 2656 5400 ad
2677 5349 2942 5401 sinistram
2969 5391 2983 5412 ,
3013 5353 3099 5406 sed
3132 5357 3267 5422 regia
3296 5356 3378 5406 via

1839 5439 2009 5490 incede
2034 5437 2079 5488 ί.
2115 5437 2177 5490 Et
2200 5454 2418 5495 sanctus
2448 5440 2668 5494 Basilius
2691 5439 2765 5491 ait
2790 5457 2801 5492 :
2836 5461 2852 5492 ι
2884 5442 3104 5497 ﬂectunt
3131 5445 3255 5497 illud
3281 5455 3380 5499 cor

1837 5538 1950 5590 est,
1984 5530 2124 5597 quod
2148 5532 2524 5600 cogitationem
2557 5529 2744 5594 habet,
2774 5548 2944 5603 neque
2973 5539 3024 5588 in
3055 5548 3332 5589 excessum
3357 5573 3374 5598 ,

1838 5634 2010 5688 neque
2046 5622 2099 5674 in
2131 5622 2398 5677 defectum
2433 5621 2782 5678 declinantem
2813 5666 2826 5686 ,
2879 5627 2971 5680 sed
3018 5626 3271 5680 directam
3305 5629 3374 5683 ad

1838 5711 2048 5766 virtutis
2084 5716 2333 5769 medium.
2364 5733 2380 5763 ι
2405 5713 2654 5782 Exempli
2686 5717 2852 5784 gratia
2889 5737 2898 5770 :
2941 5717 3138 5772 Malitia
3178 5735 3373 5775 secun-
