4020 6340
208 501 339 566 1⁸129

1552 489 1922 552 DOCTRINA
1965 488 2036 548 Χ.

3266 487 3399 551 1730

205 631 305 671 σαν
329 612 507 681 ὀλίγον
537 614 631 666 καὶ
658 611 1012 682 ἐναπέμειναν
1032 625 1045 639 ·
1082 608 1227 666 ἄλλοι
1254 606 1332 659 ἔτι
1352 602 1567 675 μικρὸν,
1598 600 1746 655 ἄλλοι

1861 601 1940 654 sed
1971 598 2175 669 egressi
2196 614 2420 667 corpore
2444 608 2654 654 tantum
2682 614 2714 655 e
2747 601 2929 655 mundi
2957 600 3255 667 illecebris,
3282 605 3400 661 ani-

204 708 301 760 καὶ
329 706 431 768 ἕως
456 704 551 757 τοῦ
590 704 829 774 ἡμίσεως
865 699 959 757 τοῦ
989 702 1339 773 πράγματος,
1386 696 1480 749 καὶ
1516 692 1746 762 ἐστάθη-

203 813 308 851 σαν
326 814 339 828 ·
373 794 521 849 ἄλλοι
555 796 706 848 ούὸἐν
737 794 871 858 ὅλως
899 788 1421 863 κατώρθωσαν,ἁλλά
1442 785 1535 839 καὶ
1563 782 1747 847 ἔδοξαν

207 887 313 957 μὲν
332 884 561 950 ἐξελθεῖν
591 886 655 938 ἐκ
679 882 772 937 τοῦ
804 884 1029 953 κόσμου,
1075 881 1293 951 ἔμειναν
1339 878 1395 930 δὲ
1431 876 1511 937 εἰς
1551 872 1619 925 τὰ
1655 869 1747 923 τοῦ

204 978 409 1047 κόσμου
457 977 625 1048 πάθη,
669 978 760 1031 καὶ
792 979 871 1041 εἰς
915 976 1012 1046 τὴν
1055 971 1319 1027 δυσωδίαν
1364 966 1530 1022 αὐτοῦ
1560 985 1571 994 ο
1602 963 1749 1017 ἄλλοι

203 1068 535 1140 κατορθοῦσι
590 1068 781 1138 μικρὸν
835 1065 1027 1128 καλὸν,
1083 1062 1179 1117 καὶ
1228 1062 1386 1114 πάλιν
1427 1054 1748 1111 ἀναλύουσιν

203 1162 359 1215 αύτό.
392 1162 454 1214 Εἰ
479 1160 536 1214 δέ
566 1177 706 1222 τινες
739 1160 830 1212 καὶ
854 1157 1034 1210 πλεῖον
1062 1156 1119 1208 ού
1151 1150 1514 1223 κατώρθωσαν
1551 1141 1750 1202 ἀναλύ-

201 1270 385 1307 ουσιν·
419 1252 568 1307 ἄλλοι
598 1249 961 1321 κατώρθωσαν
988 1249 1085 1320 μὲν
1116 1247 1214 1309 τὰς
1254 1241 1470 1315 ἀρετὰς.
1502 1236 1658 1305 ἐσχον
1694 1231 1751 1285 δὲ

202 1344 580 1415 ὑπερηφανίαν
634 1344 726 1396 καὶ
770 1341 1111 1407 ἐξουδένωσιν
1152 1340 1259 1391 τῶν
1322 1330 1601 1403 πλησίων,
1652 1324 1749 1379 καὶ

204 1436 429 1506 ἔμειναν
477 1435 579 1498 ἐξω
629 1435 726 1505 τῆς
775 1434 998 1495 πόὶεως,
1046 1431 1142 1486 καὶ
1198 1421 1588 1493 ούκιείσῆλθον
1622 1417 1750 1481 ἔσω,

205 1531 307 1582 καὶ
336 1529 485 1596 ὅμως
543 1527 664 1580 οὐδὲ
693 1527 845 1581 αὐτοὶ
902 1526 1086 1596 ἔτυχον
1140 1521 1234 1575 τοῦ
1288 1516 1490 1573 σκοποῦ
1551 1508 1747 1566 αὐτοῦ’

1848 705 1937 745 mo
1968 693 2023 747 in
2055 691 2173 761 ejus
2212 692 2335 746 labe
2371 701 2426 746 et
2466 692 2744 748 affectibus
2784 702 3147 764 perseverant.
3172 693 3403 761 Quidam

1846 782 2008 838 etiam
2040 798 2161 837 cum
2186 783 2388 853 aliquid
2417 782 2543 837 boni
2560 785 2736 849 operis
2754 784 3051 850 effecerint,
3070 784 3199 839 illud
3222 789 3406 842 statim

1847 874 2150 932 dissolvunt
2166 882 2221 929 et
2252 876 2563 930 destruunt.
2592 876 2733 933 Sunt
2756 886 2812 933 et
2838 877 2926 933 alii
2951 879 3043 948 qui
3067 880 3189 948 plus
3209 880 3408 934 dissol-

1848 976 2000 1031 vunt,
2033 982 2193 1035 quam
2215 968 2386 1023 moliti
2407 970 2538 1026 sint.
2570 968 2826 1026 Nonnulli
2858 972 3081 1027 virtutes
3106 973 3408 1039 consecuti,

1847 1058 2064 1126 superbi
2113 1067 2166 1113 et
2209 1058 2532 1126 insolentes,
2579 1070 3084 1133 contemptoresque
3130 1064 3410 1131 proximo-

1850 1161 1969 1200 rum
2003 1156 2059 1201 et
2088 1146 2314 1206 fratrum
2347 1148 2477 1204 facti
2507 1158 2633 1206 sunt
2661 1191 2677 1216 ,
2707 1152 2800 1219 qui
2828 1161 2979 1205 extra
3004 1152 3224 1220 januam
3256 1167 3410 1205 man-

1855 1249 2083 1302 serunt,
2147 1253 2317 1309 neque
2370 1241 2426 1295 bi
2476 1256 2701 1311 scopum
2752 1256 2908 1295 suum
2966 1243 3200 1297 assecuti
3261 1252 3408 1297 sunt.

1858 1326 1992 1382 Nam
2035 1330 2136 1383 etsi
2182 1330 2246 1385 ad
2285 1329 2518 1387 civitatis
2556 1342 2764 1402 portam
2812 1334 3054 1402 perducti
3095 1349 3203 1388 non
3244 1343 3369 1389 sunt
3393 1375 3410 1399 .

1862 1428 2039 1472 tamen
2071 1420 2391 1487 intromissi,
2426 1423 2846 1495 decideruntque
2876 1424 3117 1481 infelices
3147 1442 3175 1480 a
3205 1442 3416 1496 propo-

1857 1517 1961 1561 SIlo
1988 1524 2107 1563 Stln.

200 1619 309 1676 κᾶν
339 1592 447 1692 γάρ
492 1618 727 1690 ἔφθασαν
756 1618 854 1690 τὴν
893 1592 1067 1689 πύλην
1099 1617 1210 1685 τῆς
1269 1614 1493 1673 πόλεως,
1558 1602 1696 1659 ἀλλὰ
1729 1598 1930 1663 ἔξωθεν
1991 1601 2211 1671 ἔμειναν
2239 1618 2252 1632 ’
2289 1603 2429 1657 ὥστε
2483 1607 2577 1658 καὶ
2627 1592 2781 1659 αύτοὶ
2850 1606 3110 1671 ἐξέπεσαν
3143 1608 3238 1662 τοῦ
3283 1610 3413 1663 ἰδίου

203 1713 434 1769 σκοποῦ.

272 1806 329 1861 Ε¹
346 1803 609 1867 Ἕκαστος
640 1799 731 1859 οὖν
756 1802 911 1873 ἡμῶν
942 1801 1083 1871 μάθῃ
1112 1798 1214 1853 ποῦ
1242 1800 1386 1852 ἐστιν
1408 1811 1421 1824 ·
1450 1797 1499 1848 εἰ
1521 1792 1680 1860 ἐξέϐη
1695 1789 1758 1841 ἐκ

1932 1775 1995 1830 ν.
2040 1777 2444 1848 Contempletur
2493 1780 2653 1851 igitur
2702 1798 3074 1853 unusquisque
3123 1793 3412 1850 nostrum,

199 1900 303 1969 τῆς
333 1900 470 1962 ιδίας
501 1898 726 1961 πόλεως,
770 1895 949 1966 ἔμεινε
974 1894 1030 1947 δὲ
1060 1893 1162 1957 ἔξω
1189 1893 1285 1962 τῆς
1324 1889 1497 1959 πύλης
1531 1888 1609 1947 εἰς
1655 1886 1752 1956 τὴν

198 1990 461 2047 δυσωδίαν
501 1990 598 2057 τῆς
630 1988 855 2053 πόλεως,
902 1988 935 2059 ἢ
980 1985 1182 2057 προέϐη
1222 1984 1436 2054 μικρὸν,
1467 1981 1502 2052 ἦ
1533 1979 1688 2041 πολὺ,
1716 1977 1749 2048 ἢ

202 2083 405 2153 ἔφθασε
437 2083 499 2136 τὸ
523 2083 694 2152 ἥμισυ
724 2081 824 2150 τῆς
866 2079 985 2132 ὁδοῦ
1007 2096 1022 2111 ο
1066 2079 1114 2132 εἰ
1150 2076 1242 2130 δύο
1278 2076 1429 2147 μελισ.
1462 2073 1624 2135 ποιεῖ,
1660 2070 1754 2123 καὶ

200 2173 423 2230 ἀναλύει
453 2173 522 2233 τὰ
548 2172 643 2226 δύο
662 2187 677 2201 ⁸
723 2172 770 2225 εἰ
804 2170 896 2225 δύο
922 2172 1062 2223 ποιεῖ
1088 2169 1180 2223 καὶ
1208 2166 1427 2223 ἀναλύει
1460 2164 1620 2218 πέντε
1650 2177 1665 2192 ’
1704 2161 1754 2212 ει

200 2263 437 2317 ὥδευσεν
463 2262 567 2326 ἓως
594 2262 690 2333 τῆς
714 2260 939 2325 πόλεως,
965 2259 1059 2312 καὶ
1090 2254 1301 2327 εἰσῆλθε
1329 2254 1407 2316 εἰς
1434 2250 1531 2321 τὴν
1562 2249 1755 2318 Ἰερου-

202 2355 422 2426 σαλήμ’
472 2353 552 2416 εἰς
578 2355 675 2423 τὴν
712 2351 866 2405 πόλιν
895 2349 990 2420 μὲν
1021 2347 1273 2417 ἔφθασεν·
1306 2341 1506 2396 ἔσωθεν
1533 2339 1587 2393 δέ
1613 2334 1751 2409 [καὶ]

200 2447 307 2501 οὐκ
350 2444 585 2516 ἠδυνήθη
635 2442 909 2498 εἰσελθεῖν.
958 2440 1221 2499 Ἕκαστος
1270 2433 1417 2506 μάθῃ
1459 2431 1553 2503 τὴν
1584 2428 1753 2482 κατά-

203 2554 397 2591 στασιν
425 2535 636 2594 ἐαυτοῦ,
666 2533 767 2587 ποῦ
800 2536 931 2586 ἐστι.
960 2530 1117 2600 Τρεῖς
1145 2525 1501 2585 καταστάσεις
1536 2522 1669 2574 εἰσὶν
1696 2521 1753 2572 ἐν

186 2629 285 2699 -τῷ
308 2627 576 2699 ἀνθρώπῳ
597 2643 612 2657 ο
641 2625 786 2677 ἐστιν
812 2623 841 2675 ὁ
874 2619 1109 2693 ἐνεργῶν
1135 2618 1197 2671 τὸ
1224 2615 1412 2681 πάθος,
1435 2614 1529 2668 καὶ
1557 2612 1702 2665 ἐστιν
1727 2613 1755 2663 ό

207 2722 375 2776 ἱστῶν
404 2718 553 2785 αὐτὸ,
583 2719 678 2773 καὶ
707 2716 852 2774 ἐστιν
878 2714 905 2766 ὁ
931 2710 1163 2786 ἐκριζῶν
1196 2708 1352 2764 αὐτόν
1387 2710 1415 2761 ὁ
1443 2705 1677 2777 ἐνεργῶν
1696 2709 1755 2757 τὸ

204 2809 381 2873 πάθος
407 2808 577 2875 ἐστὶν,
602 2810 630 2861 ὁ
659 2808 908 2878 πράττων
936 2803 1085 2868 αὐτὸ,
1125 2803 1154 2855 ὁ
1185 2798 1483 2859 ἐπεκδικῶν
1509 2798 1656 2851 αύτό.
1696 2797 1755 2850 '0

201 2903 265 2958 δὲ
292 2901 453 2956 ἱστῶν
480 2901 541 2955 τὸ
573 2899 739 2963 πάθος
768 2900 933 2959 ἐστὶν,
975 2899 1003 2951 ό
1033 2896 1167 2967 μήτε
1195 2891 1451 2963 ἐνεργῶν,
1495 2892 1629 2961 μήτε
1661 2890 1754 2942 ἐκ-

204 2996 423 3051 κόπτων
468 2993 617 3057 αὑτδ,
664 2992 797 3047 ἀλλὰ
842 2987 1141 3060 φιλοσοφῶν
1191 2986 1307 3056 μὲν,
1355 2985 1448 3037 καὶ
1494 2982 1755 3054 κατερχό-

208 3102 391 3157 μενος,
424 3084 562 3154 ἐχων
585 3082 644 3137 δὲ
671 3082 732 3135 τὸ
759 3081 926 3144 πάθος
952 3080 1009 3133 ἐν
1040 3076 1211 3147 ἐαυτῷ
1240 3093 1253 3107 ·
1292 3078 1318 3129 ὁ
1349 3074 1405 3128 δὲ
1437 3072 1670 3144 ἐκριζῶν
1698 3073 1757 3126 τὸ

1858 1868 2053 1924 fratres
2079 1912 2093 1936 ,
2132 1869 2290 1942 42],
2335 1872 2423 1926 ubi
2459 1872 2546 1927 sit.
2581 1870 2636 1926 Si
2665 1888 2787 1927 vere
2818 1890 3073 1945 egressus
3108 1884 3190 1929 est
3221 1891 3251 1930 e
3281 1874 3416 1930 αἰγίς

1858 1972 1968 2019 tate
1992 1979 2111 2031 sua,
2154 1965 2200 2021 si
2237 1975 2387 2021 extra
2418 1977 2625 2035 portam
2652 1966 2706 2020 in
2742 1965 2909 2022 fetore
2937 1969 3081 2023 illius
3102 1978 3157 2023 et
3184 1970 3302 2024 labe
3330 1985 3413 2024 re-

1858 2066 2076 2111 manet:
2117 2058 2160 2114 si
2188 2059 2466 2129 paululum
2499 2059 2763 2129 processit
2790 2069 2884 2113 aut
2912 2060 3175 2129 multum,
3216 2063 3260 2117 si
3292 2078 3416 2133 per-

1858 2154 2004 2207 venit
2023 2151 2091 2205 ad
2118 2150 2219 2205 viae
2243 2150 2517 2215 medium,
2551 2150 2598 2205 si
2626 2150 2715 2205 ubi
2746 2164 3065 2221 progressus
3086 2164 3169 2210 est
3206 2154 3271 2208 ad
3311 2155 3419 2209 duo

1860 2242 2115 2298 milliaria
2140 2280 2156 2305 ,
2192 2242 2411 2297 totidem
2444 2257 2721 2310 regressus
2754 2252 2833 2298 est
2862 2259 2878 2309 ;
2911 2258 2977 2296 an
3008 2258 3324 2314 progressus
3349 2246 3421 2302 ad

1857 2334 1985 2397 duo.
2009 2335 2249 2402 quinque
2280 2333 2455 2386 rediit.
2499 2333 2555 2386 Si
2576 2333 2829 2407 adusque
2855 2332 3127 2389 civitatem
3156 2338 3420 2406 pervenit,

1858 2426 1902 2480 si
1935 2433 2015 2480 est
2044 2423 2342 2479 Jerusalem
2374 2433 2618 2479 sanctam
2659 2424 2966 2495 ingressus,
3010 2443 3078 2482 an
3110 2427 3156 2481 si
3185 2428 3251 2484 ad
3288 2428 3423 2483 civi-

1858 2526 2021 2575 tatem
2052 2532 2223 2585 usque
2249 2518 2575 2587 perductus,
2625 2532 2732 2574 non
2772 2528 2854 2572 est
2901 2520 3192 2574 admissus.
3241 2519 3424 2576 Discat

1858 2606 2236 2676 unusquisque
2287 2615 2484 2667 statum
2535 2621 2693 2660 suum
2739 2607 2791 2660 in
2837 2622 2946 2677 quo
2971 2618 3072 2663 est.
3108 2609 3240 2665 Tres
3277 2610 3423 2665 enim

1862 2697 2101 2753 hominis
2126 2706 2302 2760 status
2332 2707 2477 2753 sunt.
2510 2699 2722 2755 Primus
2745 2700 2963 2769 quidem
2992 2700 3083 2770 qui
3114 2703 3421 2769 passionem

1859 2798 1911 2842 et
1935 2787 2124 2843 vitium
2153 2788 2219 2843 ad
2254 2790 2520 2844 actionem
2566 2791 2812 2860 perducit
2874 2789 3153 2846 Secundus
3196 2792 3290 2860 qui
3325 2792 3425 2846 in-

1860 2890 2045 2937 natum
2077 2880 2264 2935 vitium
2298 2891 2587 2954 expugnat,
2622 2869 2885 2953 sistitque
2907 2872 3038 2937 illud
3068 2890 3124 2938 et
3156 2885 3422 2950 refrenat,
3458 2899 3469 2909 ·

1861 2988 1929 3029 ne
1955 2974 2019 3028 ad
2051 2984 2229 3037 actum
2256 2984 2594 3046 prorumpat.
2618 2973 2834 3032 Tertius
2860 2977 2951 3046 qui
2979 2976 3203 3032 omnino
3233 2976 3285 3031 id
3308 2991 3424 3032 era-

1861 3063 2005 3121 rlicat
2042 3076 2098 3122 et
2139 3066 2337 3122 evellit.
2369 3066 2472 3134 Qui
2514 3067 2821 3138 passionem
2864 3068 3102 3123 innatam
3134 3081 3424 3143 operatur;

204 3141 400 3243 ἓιάθοξ,
453 3141 600 3230 ἐστὶν
624 3141 1076 3243 όάγωνιζόμενος
1123 3141 1217 3224 καὶ
1261 3169 1427 3221 ποιῶν
1452 3141 1521 3220 τά
1545 3166 1759 3218 ἐναντία

1864 3160 1910 3214 is
1937 3169 2022 3213 est
2054 3160 2140 3228 qui
2168 3159 2354 3215 vitium
2382 3159 2524 3229 quod
2557 3159 2608 3212 in
2634 3175 2692 3215 se
2719 3159 2902 3225 fuerit,
2927 3160 2991 3215 ad
3018 3166 3197 3218 actum
3224 3141 3426 3232 perdu-

204 3269 303 3324 τοῦ
338 3268 558 3331 πάθους.
590 3268 808 3337 Ἔχουσι
830 3258 837 3263 ’
862 3265 919 3317 δέ
943 3265 1001 3316 αἱ
1030 3264 1175 3333 τρεῖς
1212 3259 1571 3320 καταστάσεις
1603 3251 1759 3310 αὗται

205 3360 348 3415 πολὺ
374 3359 573 3422 πλάτος
597 3374 613 3389 ’
663 3351 772 3410 οἷόν
800 3374 851 3410 τι
881 3355 1105 3421 εἴπατεἰ
1126 3348 1236 3406 οἷον
1261 3351 1450 3403 Θέλετε
1483 3346 1650 3409 πάθος
1669 3347 1761 3399 καὶ

218 3451 587 3526 ουμνώσωμεν
634 3450 763 3504 αὐτό
801 3467 815 3512 ;
880 3446 1071 3501 Θέλετε
1125 3445 1362 3515 εἴπωμεν
1416 3441 1543 3512 περὶ
1592 3440 1759 3511 ὑπερ-

204 3546 482 3620 ηφανίαςς
515 3544 695 3599 θέλετε
740 3544 977 3613 εἴπωμεν
1022 3540 1149 3611 περὶ
1180 3536 1471 3609 πορνείας;
1518 3533 1762 3606 ἠθέλετε

209 3638 413 3711 μᾶλλον
444 3637 691 3707 λέγωμεν
738 3636 864 3705 περὶ
910 3631 1247 3697 κενοδοξίαςς
1294 3629 1367 3683 Ού
1414 3625 1633 3682 δύναταί
1681 3640 1764 3687 τις

206 3731 441 3787 ἀκούσαι
469 3731 616 3803 ῥῆμα
642 3727 750 3783 ἀπὸ
774 3726 869 3789 τοῦ
894 3722 1117 3793 ἀδελφοῦ
1147 3722 1333 3777 αὐτοῦ.
1361 3720 1545 3774 Ἔστιν
1566 3712 1658 3771 οὖν
1682 3732 1766 3780 τις

207 3825 305 3878 ὅτε
326 3821 514 3879 ἀκούει
541 3821 599 3874 ἓν
631 3819 780 3890 ῥῆμα
808 3818 900 3871 καὶ
928 3817 1277 3887 ταράσσεται,
1310 3813 1402 3867 καὶ
1433 3811 1577 3880 λέγει
1605 3808 1764 3863 πέντε

210 3914 514 3988 ρήματα,ἢ
547 3915 640 3967 καὶ
667 3911 798 3965 δέκα
824 3908 946 3972 ἀντὶ
976 3908 1092 3971 ἐνὸς
1122 3909 1382 3977 ῥήματος,
1411 3904 1505 3957 καὶ
1536 3902 1763 3975 μάχεται

209 4008 308 4064 καὶ
353 4009 709 4080 ταράσσεται,
754 4003 847 4065 καὶ
898 3998 1033 4071 μετὰ
1086 3999 1146 4052 τὸ
1202 3996 1509 4053 παύσασθαι
1561 3998 1625 4049 ἐκ
1669 3995 1766 4064 τῆς

214 4101 427 4175 μάχης.
475 4098 623 4170 μένει
668 4092 1009 4165 λογιζόμενος
1055 4092 1147 4145 καὶ
1193 4089 1332 4165 κατὰ
1382 4088 1475 4141 τοῦ
1525 4087 1767 4148 εῑτώντος

210 4191 365 4264 αύτῷ
401 4190 460 4245 τὸ
505 4189 653 4261 ῥῆμα
694 4187 885 4248 ἐκεῖνο,
933 4184 1024 4238 καὶ
1067 4178 1413 4253 μνησικακῶν
1458 4176 1625 4246 αύτῷ,
1674 4176 1767 4231 καὶ

211 4283 546 4357 λυπούμενος
585 4279 667 4332 ὅτι
701 4278 801 4331 οὐκ
827 4271 948 4331 εἶπε
992 4275 1152 4329 πλέον
1192 4264 1267 4326 ὧν
1299 4264 1440 4335 εἶπε,
1488 4268 1584 4322 καὶ
1626 4268 1767 4320 ἐτοι-

215 4378 381 4450 μάζει
430 4372 603 4445 ἐαυτῷ
646 4372 862 4444 ῥήματα
904 4368 983 4422 ἔτι
1029 4368 1303 4437 δεινότερα
1357 4364 1438 4428 εις
1482 4363 1543 4417 τὸ
1594 4363 1768 4415 εἰπεῖν

1860 3250 1966 3313 cit,
2000 3258 2340 3304 consummat
2372 3258 2426 3304 et
2466 3250 2695 3320 perficit.
2727 3250 2829 3316 Qui
2858 3267 2987 3306 vero
3016 3267 3134 3309 eam
3165 3253 3312 3308 sistit
3333 3293 3347 3316 ,
3380 3254 3427 3310 is

1857 3349 1942 3396 est
1964 3339 2056 3410 qui
2097 3355 2271 3406 neque
2296 3339 2483 3393 vitium
2518 3350 2792 3410 cperatur,
2828 3356 3000 3410 neque
3026 3350 3271 3410 amputat
3293 3343 3424 3397 illud

1860 3443 1890 3481 a
1920 3443 2000 3492 se,
2030 3428 2121 3482 sed
2145 3426 2555 3496 philOsopbatur
2576 3438 2629 3482 et
2658 3428 3049 3497 transgreditur
3077 3430 3290 3497 ipsum,
3322 3429 3425 3483 etsi

1861 3518 1914 3572 in
1944 3533 2003 3573 se
2029 3528 2309 3586 conservet
2332 3527 2384 3572 et
2411 3526 2605 3572 teneat.
2641 3516 2743 3583 Qui
2778 3527 2958 3573 autem
2988 3520 3227 3574 eradicat
3250 3521 3424 3575 vellit-

1862 3624 1967 3680 que
1994 3610 2331 3679 passionem,
2371 3609 2421 3665 is
2448 3618 2530 3665 est
2561 3608 2653 3679 qui
2687 3616 2857 3663 certat
2887 3607 3141 3672 viriliter,
3184 3616 3240 3663 et
3266 3610 3425 3680 quid-

1862 3702 1991 3771 quid
2020 3693 2149 3763 vitio
2178 3718 2279 3759 suo
2303 3703 2649 3774 passionique
2669 3701 3001 3757 contrarium
3032 3703 3429 3758 animadverte-

1864 3796 1961 3864 rit,
1996 3797 2049 3854 id
2080 3796 2205 3852 totis
2238 3797 2444 3853 viribus
2477 3795 2787 3867 aggreditur
2820 3803 2874 3850 et
2910 3804 3179 3863 operatur.
3218 3792 3432 3850 Habent

1864 3904 2041 3950 autem
2085 3892 2139 3947 bi
2180 3899 2289 3945 tres
2320 3898 2492 3946 status
2532 3872 2798 3952 summam
2827 3886 3186 3941 latitudinem.
3230 3886 3428 3953 Quam,

1864 4000 1981 4049 oro,
2013 3984 2066 4041 in
2091 3982 2245 4036 vobis
2280 3979 2589 4049 passionem
2627 3973 2910 4041 habuistis,
2944 3985 3106 4045 atque
3133 3976 3275 4030 illius
3310 3979 3429 4032 am-

1864 4073 2114 4147 putandae
2145 4071 2376 4131 studiosi
2410 4068 2628 4147 fuistis!
2662 4066 2839 4121 Vultis
2866 4065 3115 4120 dicamus
3142 4066 3208 4121 de
3234 4082 3427 4134 super-

1864 4146 1973 4231 bia,
1997 4166 2062 4224 de
2083 4162 2457 4228 fornicatione,
2483 4146 2549 4217 an
2570 4160 2747 4231 potius
2761 4159 2828 4214 de
2849 4158 2994 4215 inani
3018 4155 3211 4227 gloria,
3237 4174 3266 4211 a
3294 4173 3428 4228 qua,

1865 4271 1925 4317 ut
1952 4260 2268 4331 plurimum,
2292 4270 2483 4312 omnes
2512 4268 2832 4324 superamur.
2854 4260 2906 4306 et
2922 4250 3227 4305 vincimur?
3248 4251 3431 4307 Inanis

1867 4352 2036 4425 gloria
2065 4359 2149 4407 est
2175 4366 2296 4420 qua:
2326 4364 2432 4403 non
2461 4346 2692 4402 sustinet
2720 4342 2906 4397 audire
2937 4343 3162 4398 verbum
3200 4344 3283 4397 vel
3321 4342 3427 4397 mi-

212 4434 387 4538 διΰέῷ.
419 4434 512 4522 καὶ
538 4434 625 4520 ἀεὶ
646 4434 798 4531 ’λέγει
825 4477 839 4489 ·
898 4479 915 4512 ι
936 4457 1032 4511 Διὰ
1062 4458 1113 4511 τί
1137 4434 1248 4510 ούκ-
1270 4450 1419 4509 εἷπον
1451 4450 1599 4524 αύτῷ
1626 4450 1759 4517 τόδε,

1869 4448 2073 4503 nimum
2103 4461 2134 4500 a
2165 4442 2331 4499 fratre
2360 4457 2481 4499 suo.
2502 4438 2616 4493 Hoc
2641 4443 2746 4502 est,
2771 4450 2894 4491 cum
2925 4436 3049 4507 quis
3073 4435 3234 4492 unico
3262 4434 3429 4487 verbo

212 4560 313 4617 καὶ
336 4558 441 4630 ἔχω
469 4559 639 4611 εἰπεῖν
666 4554 811 4626 αὐτῷ
838 4552 955 4616 τόδε
979 4568 995 4619 ;
1025 4569 1043 4601 ι
1077 4550 1171 4604 καὶ
1196 4549 1284 4608 ἀεὶ
1317 4548 1588 4619 μαίνεται.
1635 4544 1765 4599 Ἰδοὺ

218 4654 320 4726 μία
356 4650 685 4713 κατάστασις
712 4666 728 4681 ·
782 4646 919 4718 αὕτη
964 4644 1107 4698 ἐστὶν
1146 4643 1183 4712 ἡ
1230 4643 1287 4703 ἐν
1314 4640 1425 4706 ἐξει
1468 4641 1662 4711 ἔχουσα
1705 4636 1768 4692 τὸ

215 4745 405 4801 κακόν.
435 4742 496 4797 '0
516 4739 645 4804 Θεὸς
665 4738 885 4810 ῥύσεται
904 4736 1049 4808 ἡμᾶς
1077 4733 1184 4797 άπὸ
1201 4731 1298 4802 τῆς
1326 4730 1577 4802 τοιαύτης
1602 4747 1767 4786 κατα-

217 4837 461 4899 στάσεως
484 4851 501 4868 ’
560 4832 596 4904 ἡ
642 4829 749 4901 γὰρ
796 4829 1015 4895 τοιαύτη
1068 4823 1395 4885 κατάστασις
1416 4860 1433 4885 ,
1480 4822 1767 4876 ὑπόκειται

216 4931 435 4989 πάντως
477 4928 546 4998 τῇ
593 4923 834 4980 κολάσει·
896 4920 1041 4973 πᾶσα
1087 4916 1195 4986 γάρ
1237 4916 1273 4986 ἡ
1318 4914 1440 4967 κατ’
1488 4912 1768 4983 ἐνέργειαν

216 5022 462 5097 ἁμαρτία
506 5017 613 5073 ὑπὸ
642 5018 735 5078 τὸν
778 5014 909 5089 ᾇῆην
949 5010 1129 5064 ἐστίν’
1183 5008 1317 5064 ἀλλὰ
1364 5004 1466 5058 κᾶν
1498 5004 1709 5097 θελήσοι
1738 5006 1767 5057 ὁ

216 5095 460 5173 τοιοῦτος
489 5098 954 5183 μετανοῆσαι,²ρύκ
989 5100 1158 5172 ἰσχύει
1200 5099 1357 5171 μόνος
1386 5095 1765 5166 περιγενέσθαι

218 5204 317 5267 τοῦ
346 5201 570 5263 ⁸πάθους,
603 5200 653 5252 εἰ
702 5198 777 5270 μὴ
828 5193 924 5257 καὶ
971 5192 1221 5265 βοήθειαν
1261 5191 1362 5260 σχῇ
1412 5187 1563 5258 παρά
1605 5203 1767 5242 τινων

218 5296 409 5365 ἁγίων,
442 5287 620 5354 καθὼς
649 5290 745 5344 καὶ
772 5290 820 5343 οἱ
852 5287 1089 5357 Πατέρες
1132 5280 1282 5338 εἶπον
1306 5296 1321 5309 ο
1370 5278 1458 5334 διὰ
1483 5277 1640 5341 τοῦτο
1679 5281 1769 5368 ἀεὶ

220 5389 370 5455 λέγω
390 5386 536 5457 ὑμῖν,
560 5378 884 5444 σπουδάζετε
914 5376 1073 5447 κόψαι
1101 5374 1170 5439 τά
1193 5373 1340 5442 πάθη
1370 5370 1498 5441 πρὶν
1517 5370 1767 5439 γενέσθαι

221 5484 283 5537 ἐν
304 5478 415 5545 ἔξει
445 5473 624 5538 αὐτῶν
642 5488 655 5502 ·
686 5472 832 5531 ἐστιν
857 5470 1012 5532 ἄλλος
1039 5471 1126 5532 ᾶτε
1143 5465 1353 5533 ﬂaccet"
1372 5464 1521 5536 ῥῆμα
1552 5466 1646 5519 καὶ
1674 5482 1769 5521 τα·-

223 5573 482 5644 ράσσιται
516 5567 613 5640 μὲν
637 5563 734 5619 καὶ
771 5560 915 5630 λέγει
956 5561 1051 5616 καὶ
1070 5560 1237 5624 ἀύτδς
1275 5558 1433 5613 πέντε
1461 5557 1701 5629 ῥήματα,
1731 5559 1767 5631 ἢ

218 5665 321 5724 καὶ
343 5662 477 5729 δέκα
500 5660 622 5724 ἀντὶ
663 5656 800 5721 ἐνὸς,
842 5654 936 5709 καὶ
958 5653 1198 5717 θλίϐεται
1224 5654 1305 5717 δτι
1326 5652 1427 5725 οὐκ
1459 5647 1613 5713 εἷπεν
1636 5652 1769 5719 sua

217 5754 533 5832 τρισχειρω,
585 5755 677 5809 καὶ
714 5751 959 5805 λυπεῖται
988 5750 1081 5801 καὶ
1123 5734 1462 5820 μνησικακεῖ.
1516 5746 1667 5800 Ποιεῖ
1710 5745 1767 5801 δὲ

1871 4542 2107 4614 quinque
2133 4538 2216 4593 vel
2240 4536 2423 4592 decem
2450 4532 2607 4602 plena
2635 4530 2783 4584 omni
2808 4529 3172 4592 tribulatione,
3200 4541 3425 4595 νεβροί..

1871 4638 1983 4700 det.
2005 4632 2382 4702 contenditque
2410 4635 2465 4682 et
2492 4623 2684 4677 turbas
2708 4622 2857 4679 facit.
2888 4622 3131 4691 Cumque
3164 4618 3427 4688 quieverit

1872 4747 1902 4786 a
1931 4729 2293 4793 contentione,
2330 4738 2437 4779 non
2471 4728 2651 4778 cessat
2686 4728 2871 4778 tamen
2899 4718 3059 4777 etiam
3091 4713 3329 4783 cogitare
3356 4711 3426 4767 de

1871 4821 1964 4881 illo
2011 4802 2155 4891 quod
2194 4812 2487 4879 audiverit,
2530 4808 2890 4880 irasciturque
2936 4818 3152 4886 secum,
3194 4811 3248 4857 et
3280 4800 3426 4856 dolet

1870 4912 2017 4985 quod
2056 4927 2161 4965 non
2207 4907 2362 4977 plura
2402 4911 2457 4958 et
2492 4902 2705 4960 acriora
2738 4900 2903 4957 verba
2950 4892 3225 4957 retulerit;
3268 4902 3323 4946 et
3366 4910 3425 4949 se

1871 5007 2108 5077 disponit
2128 5005 2486 5069 etpraaparat,
2511 4996 2557 5052 si
2586 4996 2689 5050 alia
2719 4993 2921 5048 incidat
2940 4986 3175 5048 occasio,
3205 4985 3270 5039 ad
3299 5002 3425 5055 gra-

1844 5095 2019 5156 'viora
2052 5096 2105 5149 in
2130 5108 2255 5148 eum
2281 5091 2614 5157 emovenda,
2646 5102 2678 5141 a
2706 5100 2817 5156 quo
2846 5080 3063 5136 unicum
3100 5077 3325 5148 accepit.
3360 5077 3426 5133 Et

1871 5201 2080 5259 semper
2104 5187 2157 5239 in
2180 5198 2242 5238 ea
2264 5182 2587 5253 cogitatione
2606 5187 2715 5232 est:
2746 5193 2765 5226 ι
2788 5173 2901 5229 Hoc
2921 5180 2980 5223 et
3005 5167 3104 5239 hoc
3127 5166 3202 5221 illi
3225 5167 3423 5234 dicam,

1871 5300 1977 5340 non
1999 5278 2186 5337 evadet
2211 5276 2432 5346 impune
2458 5295 2472 5329 :
2512 5293 2530 5326 ι
2569 5272 2757 5341 sicque
2780 5265 2923 5319 velut
2948 5277 3135 5318 amens
3160 5271 3424 5333 perpetuo

1871 5377 2020 5437 furit.
2056 5374 2132 5437 En
2169 5354 2401 5443 primum
2439 5376 2639 5422 statum
2673 5362 2767 5432 qui
2804 5356 2929 5412 mali
2970 5355 3215 5410 habitum
3248 5354 3419 5425 gerit,

1872 5486 1904 5529 a
1934 5482 2043 5539 quo
2068 5446 2257 5527 liberet
2287 5477 2388 5518 nos
2430 5460 2571 5519 Deus
2594 5454 2952 5521 omnipotens.
2979 5448 3030 5506 ls
3064 5450 3207 5504 enim
3250 5453 3423 5500 status

1870 5562 2129 5635 gehennae
2166 5554 2445 5626 proximus
2480 5558 2591 5617 est,
2632 5546 2758 5618 quia
2790 5560 2952 5600 omne
2988 5552 3420 5635 peccatumcum

1872 5628 1939 5713 ad
1972 5659 2150 5713 actum
2196 5647 2441 5709 venerit,
2490 5644 2787 5722 gehennam
2836 5645 3007 5708 parat.
3058 5632 3163 5688 Nec
3200 5628 3322 5685 talis
3358 5643 3421 5683 e-

1873 5744 1998 5799 tiam
2032 5740 2107 5814 (l)
2132 5780 2149 5807 ,
2182 5739 2225 5797 si
2256 5736 2497 5810 voluerit.
2516 5730 2883 5804 paenitentiam
2917 5740 3103 5798 agere,
3143 5722 3289 5777 solus
3322 5734 3422 5791 pu-

293 5902 371 5976 (l)
400 5897 572 5958 Caute
589 5898 893 5971 legjemam
920 5893 1178 5966 frequens
1206 5903 1291 5952 est
1348 5894 1402 5955 in
1461 5891 1565 5949 ista
1611 5854 1714 5951 non
1778 5904 1911 5951 satis
1981 5896 2094 5943 tuta
2149 5883 2433 5949 sententia,
2480 5879 2697 5950 aliquos
2744 5880 3058 5947 peccatores
3100 5861 3207 5924 aen
3254 5881 3421 5939 posse

3104 6028 3137 6052 ,η
