4020 6340
684 538 811 598 1731

1878 536 1935 591 S.
1974 534 2355 595 DOROTHEI
2394 536 2703 595 ABBATIS

3747 533 3865 600 1732

678 652 801 706 terit
836 651 1140 720 passionem
1173 664 1462 718 superare,
1504 650 1594 703 sed
1624 651 1800 702 crit-ci
1836 666 1970 718 opus
2005 650 2220 720 alicujus

2330 652 2513 719 ὀλίγας
2540 653 2767 721 ἡμέρας.
2804 652 2894 706 καὶ
2928 649 3314 721 μεταϐάλλεται
3338 667 3350 680 ·
3385 652 3542 715 ἄλλος
3574 652 3720 704 ποιεῖ
3741 653 3865 708 ἐϐδοὲ

677 743 850 795 sancti
903 742 1002 795 viri
1049 742 1307 795 auxilium
1355 741 1684 809 implorare,
1728 751 1785 793 ut
1814 740 1998 795 l’atres
2040 757 2227 795 omnes

674 834 873 887 dixere.
915 835 1092 898 Quare
1130 834 1395 886 admoneo
1442 847 1536 885 νινε
1584 846 1798 901 semper
1840 844 1893 887 et
1936 834 2117 886 hortor
2164 833 2230 886 ad

674 926 910 978 studium
945 934 998 977 ct
1024 924 1351 992 diligentiam
1386 922 1727 977 abscindendi
1771 939 1799 976 a
1836 924 1987 978 vobis
2018 924 2229 992 passio-

675 1030 789 1073 IIPS,
816 1015 1127 1081 priusquam
1164 1014 1216 1065 in
1248 1012 1491 1065 habitum
1526 1022 1814 1066 transeant.
1854 1015 2004 1069 Alius
2032 1024 2113 1069 est
2139 1012 2229 1085 qui

673 1105 893 1155 verbum
920 1102 1135 1169 quidem
1170 1116 1293 1153 cum
1337 1099 1602 1153 audiverit
1625 1140 1640 1162 ,
1680 1101 1962 1165 irascitur,
1991 1113 2044 1157 et
2070 1092 2233 1157 unico

2333 743 2475 813 μάδα
2496 743 2554 793 tv
2580 741 2809 805 τούτοις,
2838 744 2932 794 καὶ
2958 741 3343 811 μεταϐάλλεται
3362 758 3377 773 ⁸
3405 741 3564 804 ἄλλος
3582 743 3730 794 ποιεί
3751 744 3864 812 μίαν

2326 833 2558 903 ἡμέραν.
2591 833 2687 886 καὶ
2716 831 3103 901 μεταϐάλλεται
3132 849 3148 863 ⁸
3183 832 3337 893 ἄλλος
3364 832 3597 903 ὑϐρίζει,
3631 834 3860 902 μάχεται.

2326 927 2694 994 ταράσσεται,
2754 925 3011 995 ταράσσει
3074 925 3167 977 καὶ
3218 924 3415 985 εὐθέως
3467 923 3855 995 μεταϐάλλεται.

2339 1014 2470 1068 Ἰδοὺ
2515 1014 2676 1069 πόσαι
2722 1015 2968 1084 διαφοραὶ
3016 1016 3417 1077 καταστάσεων,
3465 1016 3560 1067 καὶ
3592 1016 3740 1083 ὅμως
3773 1014 3863 1066 ὑπὸ

2327 1102 2419 1155 τὸν
2451 1102 2585 1174 ᾇδην
2609 1103 2746 1156 είσὶν
2770 1098 2913 1157 οὗτοι
2946 1104 3143 1167 πάντες
3180 1104 3263 1172 ἐφ’
3293 1104 3413 1156 ὅσον
3441 1102 3769 1174 ἐνεργοῦσιν.

672 1198 911 1263 quinque
946 1197 1024 1249 vel
1058 1198 1241 1250 decem
1282 1195 1601 1262 respondet,
1643 1194 1893 1263 doletque
1937 1197 2077 1265 quod
2117 1197 2218 1250 tria
2258 1198 2441 1265 pejora
2483 1197 2568 1251 vel
2601 1198 2811 1251 acriora
2850 1213 2957 1251 non
3026 1198 3308 1252 addiderit.
3347 1195 3478 1253 Post
3545 1200 3664 1253 dies
3701 1206 3858 1251 autem

670 1306 871 1353 paucos
899 1289 962 1340 ad
990 1304 1046 1339 se
1074 1286 1231 1340 redit.
1267 1285 1418 1338 Alius
1472 1296 1587 1353 post
1630 1299 1788 1338 unam
1813 1286 2224 1350 hebdomadam,
2266 1288 2407 1341 alius
2436 1297 2557 1356 post
2616 1303 2777 1342 unam
2835 1266 2985 1343 diem,
3006 1291 3184 1343 atatim
3214 1289 3501 1359 resipiscit.
3521 1288 3676 1344 Alias
3696 1291 3864 1343 convi-

672 1380 862 1441 riatur,
896 1378 1189 1441 contendit,
1225 1377 1557 1430 turbationes
1588 1386 1785 1439 movet,
1817 1379 1909 1433 sed
1964 1378 2106 1431 illico
2136 1378 2497 1447 paenitentiam
2547 1379 2676 1450 agit.
2716 1378 2808 1435 Hae
2880 1388 3007 1436 sunt
3070 1389 3309 1435 statuam
3368 1378 3720 1449 dilerentiz,
3756 1397 3864 1451 qua

676 1465 848 1523 'amen
879 1485 1067 1523 omnes
1097 1470 1160 1521 ad
1195 1468 1296 1520 iter
1335 1472 1592 1531 geheiuue
1620 1469 1864 1530 tendunt,
1919 1469 1963 1521 si
1990 1470 2053 1521 ad
2082 1468 2261 1523 actum
2303 1472 2635 1540 perveniant.
2863 1492 2867 1555 ι

748 1560 827 1611 \'|.
873 1561 1123 1613 Dicamus
1147 1570 1198 1611 ct
1232 1561 1295 1609 dc
1333 1557 1415 1609 liis
1442 1558 1531 1624 qui
1563 1558 1840 1624 passiones
1874 1558 2093 1611 sistunt.
2120 1560 2229 1611 Au-

669 1654 747 1705 dit
783 1653 902 1719 quis
938 1654 1157 1703 verbum
1191 1660 1242 1702 et
1287 1650 1530 1702 turbatur
1580 1649 1633 1700 in
1686 1664 1745 1702 se
1785 1649 1936 1715 ipso,
1980 1650 2231 1719 doletque

670 1745 873 1805 Statim.
910 1758 1014 1795 non
1046 1742 1187 1810 quod
1220 1741 1413 1807 injuria
1442 1740 1669 1794 allectus
1699 1740 1787 1804 sit,
1817 1741 1908 1795 sed
1939 1741 2084 1810 quod
2108 1755 2229 1795 eam

669 1836 778 1906 pati
804 1851 910 1888 non
940 1834 1191 1903 quiverit.
1231 1833 1278 1887 ls
1308 1835 1358 1909 in
1392 1842 1534 1886 statu
1563 1833 1991 1886 concertantium
2015 1842 2133 1897 est,
2172 1832 2227 1887 in

2398 1563 2487 1628 ς’.
2528 1562 2784 1630 Εἴπωμεν
2817 1562 2908 1614 καὶ
2952 1562 3079 1633 περὶ
3118 1561 3225 1614 τῶν
3272 1561 3538 1615 ἱστώντων
3569 1561 3634 1615 τὸ
3666 1561 3859 1625 πάθος⁸

2326 1652 2407 1705 ὅτι
2436 1652 2550 1703 ἐστι
2581 1668 2665 1714 τις
2692 1652 2781 1705 ὅτε
2817 1652 3005 1705 ἀκούει
3042 1656 3190 1725 ρἦα
3217 1653 3311 1706 καὶ
3341 1652 3578 1708 θλίϐεται
3622 1654 3721 1724 μὲν
3754 1652 3864 1706 καθ’

2327 1742 2552 1795 ἑαυτόνο
2602 1742 2739 1811 πλὴν
2785 1742 3031 1796 λυπεῖται
3077 1744 3175 1813 οὑχ
3222 1744 3303 1796 ὅτι
3348 1743 3598 1813 ὑϐρίσθη,
3642 1744 3755 1798 ἀλλ’
3789 1745 3863 1797 ὅτι

2324 1835 2420 1905 οὑχ
2442 1832 2745 1905 ὑπήνεγκεν
2764 1853 2779 1867 ο
2805 1828 2957 1899 οὗτος
2978 1837 3078 1906 τῆς
3102 1836 3478 1899 καταστάσεως
3498 1835 3609 1889 τῶν
3626 1835 3865 1903 ἀγωνιζο-

669 1937 865 1980 statum
904 1941 1093 1979 eorum
1135 1924 1225 1993 qui
1262 1924 1566 1993 passionem
1611 1923 1829 1978 sistunt.
1856 1922 2040 1978 Certat
2087 1925 2220 1979 alius

2334 1926 2509 1995 μένων
2539 1926 2655 1980 ὶστί
2686 1942 2700 1955 ο
2751 1925 2859 1979 τῶν
2885 1927 3151 1980 ἱστώντων
3195 1926 3256 1980 τὸ
3292 1925 3461 1990 πάθος
3486 1925 3652 1980 ἐστίν.
3682 1926 3862 1991 ’Δλλος

669 2017 981 2083 laboratque
1008 2015 1097 2067 diu
1134 2030 1146 2064 :
1172 2022 1224 2065 et
1246 2014 1457 2069 tandem
1488 2014 1537 2067 vi
1563 2013 1830 2082 passionis
1866 2021 2153 2083 superatur
2176 2018 2228 2066 et

668 2107 915 2161 vincitur.
951 2105 1065 2158 Non
1110 2107 1222 2158 vult
1281 2105 1421 2159 alius
1444 2104 1583 2159 male
1640 2103 1996 2174 respondere,
2052 2102 2145 2157 sed
2197 2118 2226 2157 a

670 2212 830 2267 prava
849 2197 1235 2250 consuetudine
1261 2196 1509 2249 trahitur.
1533 2194 1684 2247 Alius
1706 2202 1877 2247 certat
1901 2194 2115 2262 quidem
2141 2208 2227 2246 se-

669 2306 790 2341 cum
820 2328 833 2347 ,
885 2305 949 2340 ue
975 2287 1100 2353 quid
1143 2285 1268 2338 mali
1291 2284 1514 2337 omnino
1544 2285 1793 2352 loquatur
1818 2300 1831 2348 ;
1860 2283 2005 2337 dolet
2044 2292 2224 2338 tamen

670 2388 885 2445 propter
917 2374 1168 2443 iujuriam
1204 2385 1257 2427 et
1288 2373 1692 2436 contumeliam,
1725 2381 1779 2425 et
1815 2386 1937 2426 cum
1972 2387 2089 2427 sese
2120 2386 2222 2424 no-

668 2469 739 2520 rit
775 2466 843 2519 ob
874 2465 975 2519 hoc
1012 2465 1186 2531 ipsum
1228 2464 1414 2517 dolere
1437 2505 1452 2528 ,
1489 2465 1598 2532 agit
1638 2463 2033 2532 ptenitentiam.
2074 2462 2224 2517 Alius

668 2570 773 2606 nou
800 2553 941 2607 dolet
973 2553 1185 2621 quidem
1228 2552 1370 2619 quod
1404 2552 1727 2604 contumelia
1755 2550 1979 2604 allectus
2013 2550 2102 2613 sit,
2132 2551 2224 2603 sed

669 2662 839 2714 neque
870 2647 1029 2696 etiam
1051 2644 1283 2712 gaudere
1313 2650 1508 2710 potest.
1541 2641 1607 2695 lli
1640 2657 1827 2696 onmes
1856 2642 2018 2697 variis
2049 2641 2224 2697 modis

665 2737 944 2804 passiones
977 2748 1104 2787 suas
1138 2733 1336 2787 sistunt
1358 2740 1412 2785 et
1434 2732 1728 2799 cohibent;
1762 2731 2017 2787 dill'erunt
2040 2741 2219 2787 tamen

665 2828 822 2896 primi
850 2827 956 2881 duo
994 2841 1024 2880 a
1054 2826 1299 2894 reliquis.
1327 2823 1430 2889 Qui
1463 2825 1668 2879 scilicet
1694 2834 1983 2893 superatur
2017 2826 2073 2878 in
2102 2839 2221 2879 cer-

667 2919 887 2979 tamine,
918 2926 972 2969 et
1005 2917 1097 2984 qui
1121 2914 1356 2971 trajiitur
1391 2913 1579 2966 uolens
1611 2930 1642 2966 a
1667 2912 2055 2966 consuetudine
2077 2951 2092 2973 .
2127 2926 2222 2967 co-

666 3006 979 3076 gnoscitque
1009 3003 1170 3074 622
1205 3018 1264 3057 se
1294 3003 1491 3070 ipsum,
1529 3000 1672 3069 quod
1702 3000 1952 3069 injuriam
1985 3015 2092 3054 non
2132 3009 2222 3055 tu-

667 3099 787 3151 lerit
836 3112 959 3151 cum
1010 3097 1306 3163 gratiarum
1350 3091 1582 3146 actione.
1660 3089 1871 3159 Reliqui
1927 3099 2104 3144 autem
2165 3091 2219 3144 in

666 3190 859 3241 timore
901 3195 1027 3239 sunt
1055 3194 1107 3237 et
1141 3182 1378 3253 periculo
1416 3182 1775 3251 operantium.
1811 3178 2011 3234 Dicunt
2038 3186 2218 3235 autem

2328 2016 2650 2081 ἀγωνίζεται
2696 2019 2787 2071 καὶ
2830 2019 3016 2089 κοπιᾷ,
3052 2018 3275 2086 ὔστερον
3310 2018 3365 2072 6t
3411 2020 3624 2072 νικᾶται
3668 2018 3733 2071 ἐκ
3777 2017 3863 2070 τοῦ

2329 2106 2610 2177 βαρεῖσθαι
2634 2107 2797 2159 αὑτὸν
2827 2108 2931 2161 ὑπὸ
2953 2107 3047 2161 τοῦ
3072 2108 3292 2172 πάθους.
3315 2108 3505 2172 Ἀλλος
3527 2109 3588 2162 οὑ
3609 2108 3751 2162 θέλει
3775 2107 3864 2179 μιν

2328 2196 2686 2267 ἀποκριθῆναι
2706 2197 2909 2261 κακῶς,
2923 2200 3032 2252 ἀπὸ
3044 2201 3330 2270 συνηθείας
3352 2201 3409 2254 δὲ
3437 2198 3859 2272 συναρπάζεται·

2326 2286 2481 2350 ἄλλος
2522 2289 2843 2355 ἀγωνίζεται
2880 2290 2976 2358 μὲν
3008 2290 3082 2359 μὴ
3127 2289 3356 2359 λαλῆσαι
3398 2290 3534 2353 ὅλως
3569 2307 3627 2343 τι
3673 2291 3857 2344 κακάν*

2326 2382 2569 2437 λυπεῖται
2617 2383 2674 2436 δὲ
2705 2383 2787 2436 ὅτι
2819 2382 3047 2453 ὑϐρίσθη
3071 2397 3086 2412 °
3133 2381 3267 2452 πλὴν
3310 2382 3443 2435 ἀλλὰ
3474 2380 3859 2451 καταγινώσκει

2325 2474 2523 2528 ἑαυτοῦ
2557 2476 2635 2528 ὅτι
2664 2474 2909 2528 λυπεῖται
2944 2476 3036 2528 καὶ
3070 2476 3316 2545 μετανοεί
3344 2474 3470 2541 περὶ
3502 2473 3692 2527 τούτου
3720 2490 3736 2505 ⁶
3776 2473 3859 2528 άλ-

2324 2566 2413 2628 λος
2437 2568 2497 2618 οὑ
2526 2566 2770 2619 λυπεῖται
2817 2567 2915 2637 μὲν
2961 2566 3042 2619 ὅτι
3088 2565 3335 2637 ὑϐρίσθη,
3381 2563 3497 2618 ἀλλ’
3521 2563 3643 2618 οὑδὲ
3671 2563 3856 2634 χαίρει.

2336 2656 2464 2710 Ἰδοὺ
2513 2649 2662 2708 οὑτοι
2705 2656 2908 2719 πάντες
2956 2658 3006 2708 οί
3057 2656 3307 2719 ίστῶντες
3351 2654 3414 2707 τὸ
3472 2653 3647 2717 πάθος
3694 2652 3855 2706 εἰσίν*

2323 2744 2505 2817 έχουσι
2546 2745 2602 2797 δὲ
2627 2746 2687 2797 tv
2720 2746 2927 2809 ἑαυτοῖς
2953 2745 3214 2816 διαφοράν
3241 2749 3291 2799 οί
3318 2745 3411 2799 δύο
3443 2746 3578 2817 πρὸς
3608 2746 3733 2808 τοὺς
3758 2745 3856 2797 λοι·-

2322 2839 2476 2901 ποὺς,
2522 2840 2551 2892 6
2597 2834 2904 2908 ἡττώμενος
2945 2839 3004 2889 tv
3044 2836 3122 2907 τῷ
3149 2837 3523 2905 ἀγωνίζεσθαι,
3570 2838 3663 2891 καὶ
3691 2839 3722 2890 ὁ
3747 2853 3858 2890 συν-

2321 2929 2696 2999 αρπαζόμενος
2740 2929 2853 2983 άπΰ
2892 2929 3202 3000 συνηθείας,
3256 2932 3347 2982 καὶ
3381 2930 3410 2982 ὁ
3446 2917 3856 2998 καταγινώσκων

2321 3020 2531 3084 ἑαυτοῦ,
2554 3023 2634 3075 ὅτι
2652 3023 2750 3092 οὑχ
2777 3020 3049 3093 ὑπήνεγκε
3076 3020 3190 3092 μετ’
3210 3021 3554 3093 εὐχαριστίας
3574 3020 3671 3099 τὴν
3692 3020 3852 3088 ὑϐρινο

2319 3114 2368 3165 oi
2397 3112 2453 3166 δὲ
2481 3111 2654 3165 λοιποὶ
2681 3114 2739 3165 tv
2767 3112 2917 3182 φόϐῳ
2945 3113 3052 3165 είσὶ
3072 3112 3165 3165 τοῦ
3196 3111 3437 3171 κινδύνου
3461 3111 3569 3165 τῶν
3593 3110 3857 3181 ἐνεργούν-

2320 3220 2428 3257 των
2450 3218 2465 3232 ’
2498 3198 2650 3256 εἷπον
2679 3202 2737 3256 δὲ
2765 3202 2961 3265 αὑτοὺς
2986 3199 3096 3255 τῶν
3129 3200 3394 3254 ἱστώντων
3418 3200 3477 3253 τὸ
3498 3200 3667 3263 πάθος
3688 3194 3821 3253 εἶναι
3839 3214 3852 3229 ⁸

668 3280 764 3331 hos
807 3277 859 3329 ir.
902 3291 1091 3330 eorum
1138 3284 1280 3329 statu
1304 3288 1466 3335 esse.
1516 3272 1609 3342 qui
1658 3272 1963 3342 passionem
2005 3272 2219 3342 quidem

2320 3298 2386 3366 τῇ
2416 3294 2521 3368 γὰρ
2551 3293 2787 3349 διαθέσει
2814 3293 3053 3364 ἔστησαν
3081 3292 3142 3346 τὸ
3171 3292 3359 3355 πάθος.
3393 3292 3486 3346 καὶ
3523 3292 3585 3358 οὑ
3624 3291 3856 3345 θιλουσιν

665 3383 827 3437 quam
864 3368 915 3420 in
957 3367 1139 3421 habitu
1167 3367 1390 3426 habent.
1416 3365 1613 3419 sistunt
1633 3404 1647 3429 ,
1680 3364 1969 3434 noluntque
1990 3364 2219 3433 operari,

664 3464 845 3515 dolent
871 3472 1047 3513 tamen
1098 3461 1151 3512 in
1200 3458 1513 3513 certamine.
1563 3456 1631 3509 At
1660 3454 1846 3510 Patres
1877 3456 2045 3511 nostri
2074 3457 2222 3510 dixe-

666 3562 790 3605 runt
814 3552 1128 3604 diuturnum
1155 3564 1275 3603 esse
1302 3563 1406 3602 non
1441 3562 1602 3617 posse
1623 3546 1883 3616 quidquid
1918 3546 2096 3601 anima
2126 3561 2224 3601 no-

668 3643 843 3695 luerit.
871 3640 1217 3695 Coutrecteut
1239 3648 1416 3693 autem
1448 3652 1508 3692 se
1545 3638 1692 3704 ipsos
1717 3644 1772 3690 et
1797 3636 2072 3689 excutiant
2100 3634 2225 3689 dili-

665 3742 888 3800 genter;
923 3740 977 3783 et
1008 3729 1051 3782 si
1081 3728 1385 3798 passionem
1422 3728 1591 3795 ipsam
1632 3725 1821 3780 ulcisci
1860 3725 2220 3795 nequiverint,

664 3842 859 3881 causas
906 3823 1175 3895 passionis
1221 3822 1575 3884 abscindant,
1618 3820 1855 3874 netrahi
1882 3820 2090 3889 possint
2122 3820 2221 3874 ali-

663 3918 882 3989 quando
927 3926 981 3972 et
1028 3914 1292 3985 superari.
1330 3913 1547 3969 Certant
1578 3911 1665 3966 alii
1700 3912 2008 3981 passionem
2033 3912 2222 3969 sistere

664 4016 831 4067 altera
876 4010 1126 4080 passione
1158 4026 1171 4060 :
1215 4018 1377 4077 atque
1408 4004 1758 4061 taciturnitati
1791 4005 1973 4071 studet
2003 4005 2125 4076 quis
2154 4004 2221 4060 ob

667 4107 879 4158 inanem
903 4103 1149 4174 gloriam,
1176 4101 1314 4153 alius
1344 4098 1413 4151 ob
1442 4097 1731 4151 humanam
1755 4096 2217 4167 complacentiam.

666 4198 728 4252 lli
787 4212 971 4251 omnes
1023 4194 1165 4248 maio
1210 4191 1493 4246 medentur
1544 4189 1707 4243 malo.
1774 4187 1994 4243 Dicebat
2038 4198 2217 4243 autem

665 4291 830 4344 abbas
875 4288 1067 4343 Pastor
1108 4284 1252 4355 quod
1304 4284 1503 4338 malitia
1560 4296 1899 4351 nequaquam
1956 4282 2217 4335 malitiam

665 4382 891 4436 tolleret.
918 4381 1055 4433 Sunt
1086 4394 1213 4433 vero
1242 4376 1315 4442 hi,
1340 4376 1439 4429 etsi
1471 4390 1575 4427 non
1616 4374 1839 4429 credant
1869 4375 2215 4446 rideantque,

664 4476 802 4530 inter
832 4481 1165 4543 operatores.

734 4568 840 4623 Vll.
895 4565 1184 4622 Dicendum
1223 4574 1278 4619 et
1305 4564 1371 4619 de
1400 4564 1482 4619 his
1511 4562 1604 4633 qui
1638 4564 1916 4633 passiones
1957 4561 2210 4617 evellant.

663 4661 868 4715 Gaudet
903 4659 1099 4729 aliquis
1124 4673 1244 4711 cum
1280 4656 1514 4711 al‘licitur
1537 4655 1859 4711 contumelia
1881 4694 1896 4719 ,
1934 4670 2001 4709 eo
2034 4664 2211 4708 tamen

664 4755 843 4807 animo
875 4764 931 4807 ut
966 4750 1264 4807 mercedem
1310 4750 1549 4818 recipiat.
1596 4749 1645 4804 Is
1678 4748 1731 4803 in
1775 4763 1959 4801 eorum
1996 4760 2218 4801 numero

662 4856 743 4901 est
772 4846 859 4914 qui
885 4845 1161 4899 eradicant
1186 4843 1401 4912 quidem
1434 4848 1733 4911 passiOnes,
1759 4856 1865 4895 non
1892 4850 2065 4893 tamen
2093 4854 2215 4893 cum

662 4942 904 4996 scientia.
935 4940 1141 4993 Gaudet
1181 4940 1319 4993 alius
1351 4937 1575 4993 allectus
1618 4935 1942 4991 contumelia
1967 4976 1981 4997 ,
2020 4946 2073 4988 et
2104 4950 2220 4987 cer-

663 5050 774 5088 ium
803 5033 981 5095 habet,
1012 5032 1257 5085 allectum
1299 5044 1418 5086 sese
1456 5031 1779 5084 contumelia
1814 5028 2007 5083 merito
2033 5068 2048 5091 ,
2089 5026 2216 5095 quia

662 5143 881 5181 Causam
924 5122 1148 5179 dederit.
1208 5123 1306 5178 llic
1356 5137 1479 5177 cum
1531 5122 1754 5175 scientia
1798 5130 1853 5175 et
1892 5118 2216 5193 cogitatione

660 5217 967 5285 passionem
1007 5215 1225 5271 educit:
1260 5210 1583 5268 contumelia
1616 5211 1757 5265 enim
1790 5209 1945 5275 allici,
1979 5218 2032 5263 et
2071 5210 2123 5263 in
2158 5222 2216 5263 se

664 5311 837 5378 ipsum
866 5324 1084 5362 causam
1112 5305 1405 5361 transferre
1425 5345 1441 5369 ,
1480 5314 1533 5359 et
1564 5312 1621 5357 ut
1656 5317 1685 5355 a
1716 5317 1774 5357 se
1802 5302 2064 5364 venientia
2093 5316 2213 5354 om-

660 5408 747 5459 nia
797 5406 1107 5472 suscipere.
1151 5404 1253 5455 hoc
1302 5399 1487 5467 utique
1533 5396 1771 5453 scientia:
1812 5408 1896 5451 est
1942 5396 2208 5449 maximae.

658 5499 975 5567 Quicunque
1017 5503 1193 5549 autem
1241 5510 1270 5547 a
1322 5491 1552 5545 Domino
1597 5489 1767 5559 poscit
1816 5488 2163 5542 humilitatem
2190 5525 2205 5550 ,

658 5591 795 5646 sciat
818 5605 875 5643 se
904 5600 1124 5657 poscere
1149 5586 1381 5653 aliquem
1410 5581 1476 5635 ad
1504 5596 1561 5635 se
1583 5579 1859 5643 dominari,
1884 5595 1914 5633 a
1938 5593 2047 5649 quo
2077 5592 2206 5632 eon-

658 5682 891 5737 tumeliis
934 5687 989 5734 et
1029 5676 1242 5745 injuriis
1277 5662 1571 5738 afﬁciatur;
1620 5686 1849 5739 cumque
1881 5685 1974 5723 eas
2007 5667 2205 5739 pariter

2320 3387 2630 3458 ἐνεργῆσαι,
2658 3384 2794 3440 ἀλλά
2826 3384 2920 3439 καὶ
2945 3383 3233 3438 λυποῦνται
3278 3382 3654 3451 ἀγωνίζοντες.
3702 3380 3855 3435 Εἶπον

2319 3479 2375 3533 δὲ
2407 3480 2455 3532 οί
2486 3478 2715 3550 Πάτρες,
2744 3478 2828 3531 ὅτι
2860 3478 2968 3531 πᾶν
3012 3477 3240 3547 πρᾶγμα
3269 3475 3298 3527 ὃ
3330 3476 3405 3543 μὴ
3447 3474 3586 3528 θέλει
3629 3476 3663 3545 ἠ
3698 3473 3853 3545 ψυχὴ.

2320 3570 2676 3640 ὁλιγοχρόνιόν
2722 3570 2886 3621 ἔστιν.
2926 3567 3220 3634 Ὀφείλουσι
3246 3564 3302 3617 δὲ
3328 3563 3581 3636 ψηλαφᾷν
3620 3568 3834 3629 ἑαυτοὺς

2323 3662 2400 3732 μή
2423 3677 2537 3723 πως
2570 3659 2673 3713 κᾶν
2719 3658 2791 3730 μὴ
2821 3658 2949 3711 αὑτὸ
2981 3657 3040 3710 τὸ
3074 3657 3261 3721 πάθος,
3305 3657 3440 3711 ἀλλά
3460 3674 3511 3709 τι
3542 3656 3651 3709 τῶν
3677 3656 3852 3711 αίτίων

2318 3751 2411 3805 τοῦ
2439 3750 2643 3814 πάθους
2674 3748 3035 3812 ὲπεκδικοῦσι,
3084 3750 3176 3802 καὶ
3202 3747 3289 3802 διὰ
3334 3747 3491 3802 τοῦτο
3530 3747 3791 3818 ἡττῶνται
3817 3745 3848 3814 ἢ

2322 3832 2771 3913 συναρπάζονται.
2818 3841 2938 3895 Εἰσὶ
2966 3841 3022 3895 δέ
3049 3859 3212 3906 τινες,
3248 3842 3432 3912 φησὶν,
3477 3840 3849 3910 ἀγωνιζόμενοι

2321 3936 2510 4005 στῆσαι
2543 3935 2602 3988 τὸ
2628 3933 2815 3997 πάθος,
2841 3931 2973 3987 άλλά
2999 3932 3136 3987 κατὰ
3170 3932 3358 3997 πάθος.
3394 3932 3452 3987 '0
3483 3933 3581 4003 μιν
3602 3932 3711 4003 γὰρ
3732 3948 3848 3985 σιω·

2319 4028 2399 4097 πᾷ
2418 4026 2506 4079 διὰ
2538 4024 2839 4092 κενοδοξίαν
2862 4040 2876 4055 ⁸
2912 4026 2941 4078 6
2969 4025 3044 4091 δὲ,
3071 4026 3140 4080 δι’
3167 4025 3701 4096 άνθρωπαρέσκειαν,
3731 4024 3763 4095 ἢ
3786 4022 3846 4077 δι’

2317 4118 2444 4173 ἄλλο
2472 4110 2581 4170 οἷον
2603 4118 2799 4186 δήποτε
2848 4118 3036 4181 πάθος.
3087 4112 3244 4173 Οὗτοι
3272 4117 3426 4187 κακῷ
3458 4118 3519 4170 τδ
3542 4119 3708 4171 κακὸν
3740 4117 3848 4169 ἰῶν-

2316 4227 2423 4263 ται.
2456 4204 2591 4263 Εἶπε
2616 4209 2673 4261 δὲ
2699 4212 2728 4263 ὁ
2754 4208 2926 4272 άϐϐᾶς
2957 4209 3183 4277 Ποιμὴν,
3227 4208 3309 4260 ὅτι
3346 4207 3574 4278 πονηρία
3611 4204 3846 4276 οὐδαμῶς

2318 4302 2576 4371 πονηρίαν
2601 4302 2830 4371 ἀναιρεῖ.
2879 4292 3036 4353 Οὗτοι
3063 4299 3199 4369 μετὰ
3230 4298 3339 4353 τῶν
3374 4299 3731 4371 ἐνεργούντων
3750 4294 3845 4349 sict

2317 4394 2421 4446 κᾶν
2448 4390 2835 4461 χλευάζωνται.

2388 4575 2461 4626 Ζ’.
2500 4571 2735 4642 Θέλομεν
2760 4570 2943 4623 λοιπὸν
2977 4570 3167 4630 εἰπεῖν,
3194 4567 3287 4621 καὶ
3310 4567 3565 4639 περὶτῶν
3586 4566 3842 4639 ἔκριζοὺν-

2312 4682 2419 4718 των
2439 4665 2499 4715 τὸ
2522 4663 2711 4725 πάθος.
2743 4663 2896 4718 Ἔστι
2919 4678 2999 4724 τις
3021 4661 3108 4713 ὅτε
3134 4659 3309 4729 χαίρει
3337 4662 3434 4731 μὲν
3452 4659 3582 4712 ἐπάν
3602 4659 3836 4731 ὑϐρισθῇ,

2312 4756 2447 4810 ἀλλὰ
2476 4755 2561 4808 διὰ
2610 4756 2669 4809 τὸ
2715 4756 2857 4825 ἔχειν
2905 4752 3112 4823 μισθόν.
3154 4746 3330 4816 Οὗτος
3362 4752 3466 4805 τῶν
3502 4752 3838 4820 ὲκριζοὺντων

2312 4847 2564 4910 τὸπάθος
2598 4849 2765 4910 ἐστὶν,
2816 4845 2928 4899 ἀλλ’
2972 4844 3031 4897 οὑ
3084 4845 3219 4913 μετὰ
3264 4843 3535 4913 γνώσεως.
3579 4845 3760 4906 ’Δλλος
3786 4842 3835 4895 δὲ

2314 4940 2493 5010 χαίρει
2528 4939 2894 5013 ὑϐριζόμενος,
2926 4938 3020 4990 καὶ
3042 4936 3153 5007 ἔχει
3179 4940 3260 4992 ὅτι
3291 4938 3553 5007 χρεωστεί
3586 4934 3832 5008 ὑϐρισθῆ-

2314 5049 2421 5091 ναι,
2450 5030 2524 5093 ώς
2548 5032 2628 5085 ὅτι
2655 5031 2816 5093 αὑτὸς
2837 5029 3001 5090 ἔδωκε
3029 5030 3126 5100 τὴν
3150 5031 3346 5083 αἰτίαν.
3379 5024 3542 5094 Οὗτος
3567 5030 3699 5101 μετὰ
3720 5026 3834 5094 γνὼ-

2316 5138 2452 5182 σεως
2483 5120 2688 5190 ὲκριζοί
2712 5119 2772 5171 τὸ
2802 5119 2968 5183 πάθος
2992 5138 3005 5152 ·
3031 5121 3092 5173 τὸ
3118 5121 3225 5191 γάρ
3258 5119 3570 5193 ὑϐρισθῆναι
3598 5137 3731 5181 τινα,
3751 5118 3831 5169 καὶ

2314 5214 2496 5284 φέρειν
2522 5214 2641 5268 καθ’
2667 5211 2857 5265 ἑαυτοῦ
2882 5212 2977 5283 τὴν
2999 5214 3197 5274 αἰτίαν,
3218 5212 3311 5265 καὶ
3341 5211 3605 5285 δέχεσθαι,
3636 5213 3708 5275 ώς
3737 5211 3829 5264 ibi:

2312 5303 2379 5357 τά
2409 5305 2747 5376 ἐπερχόμενα
2775 5303 2941 5375 αὑτῷ,
2974 5303 3223 5373 γνώσεώς
3258 5306 3423 5360 ἐστιν.
3458 5306 3715 5367 Ἕκαστος
3736 5303 3829 5373 γάρ

2311 5394 2593 5463 εὐχόμενος
2618 5393 2694 5460 τῷ
2723 5391 2860 5462 Θεῷ,
2900 5392 3089 5464 Κύριε,
3120 5392 3205 5457 δός
3231 5410 3321 5464 μοι
3347 5396 3683 5455 ταπείνωσιν,
3695 5392 3828 5461 ὀφείο

2310 5487 2390 5540 λει
2424 5486 2620 5540 εἰδέναι
2659 5486 2738 5539 ὅτι
2763 5485 2918 5539 τοῦτό
2946 5486 3091 5537 ἐστιν
3118 5484 3147 5538 ὃ
3176 5486 3335 5549 αίτεῐ,
3372 5486 3458 5538 ἵνα
3489 5484 3670 5557 πέμψῃ
3698 5483 3826 5553 αὑτῷ

2306 5595 2427 5631 τινα
2454 5576 2671 5645 ὑϐρίσαι
2699 5577 2843 5648 αὑτῷ
2861 5593 2875 5606 ·
2917 5577 3041 5628 ὅταν
3068 5575 3337 5648 ὑϐρίζεται
3367 5578 3469 5630 ὑπό
3496 5594 3653 5641 τινος,
3692 5576 3824 5646 ὀφεί-

2308 5669 2388 5723 λει
2410 5670 2502 5722 καὶ
2529 5668 2688 5731 αὑτὸς
2713 5668 2899 5723 ἑαυτὸν
2924 5667 3179 5740 ὑϐρίζειν,
3203 5670 3297 5739 καὶ
3324 5667 3609 5732 ἐξουδενείν
3633 5670 3708 5742 τῷ
3727 5668 3825 5737 ίδῖφ

662 5858 1029 5925 pmnitenttam
1063 5866 1239 5923 agere,
1275 5850 1375 5905 nisi
1412 5864 1507 5905 cos
1549 5846 1780 5916 alicujus
1810 5846 1981 5903 sancti
2028 5846 2200 5901 oratio
2239 5845 2475 5917 adjuvet.
2508 5844 2596 5902 Sic
2658 5846 2797 5902 enim
2855 5845 3032 5903 dicere
3054 5845 3264 5901 videtur
3280 5844 3333 5901 in
3354 5845 3593 5916 proxime
3611 5856 3821 5919 sequel-

663 5924 824 5991 tibus,
858 5936 905 5979 et
950 5924 1072 5977 alibi
