4020 6340
217 526 338 591 1733
1553 506 1779 567 DOCTB

1884 506 1921 560 Α
1978 503 2070 561 XI.
2666 526 2667 529 η
2786 552 2791 557 .
3281 492 3417 557 1734

212 635 464 708 λογισμῷ,
487 635 575 689 ἴνα
605 634 808 694 ἐκείνος
844 648 942 701 μεν
972 625 1218 682 ταπεινοῖ
1243 622 1401 678 αὑτὸν
1431 618 1650 682 ἔξωθεν,
1673 615 1766 668 καὶ

1881 616 2005 665 erat
2039 626 2196 680 aequo
2237 612 2417 663 animo
2456 616 2870 676 contcrnnatque
2902 622 2961 661 se
3005 610 3178 674 ipsum
3212 607 3264 662 in
3293 625 3413 663 cor-

212 698 373 793 αὑτδς.
410 698 602 780 ἐαυτὸν
638 698 859 777 ἔσωθεν.
895 722 1079 774 Ἔστιν
1120 717 1276 779 ἄλλος
1323 716 1411 768 ὅτε
1457 713 1518 763 οὑ
1578 709 1754 778 χαίρει

1881 705 1963 767 le,
2014 712 2072 754 ut
2115 711 2166 755 et
2201 698 2336 754 foris
2370 709 2423 752 et
2466 700 2611 752 intus
2662 700 2861 766 pariter
2910 698 3238 751 humilictur.
3271 700 3421 752 Alius

216 823 365 893 μόνον
398 817 767 888 ὑϐριζόμενος,
802 814 895 865 καὶ
941 810 1128 866 ἑαυτὸν
1162 809 1439 863 αἰτιᾶται·
1499 803 1631 856 ἀλλὰ
1664 800 1758 853 καὶ

1881 809 1970 847 non
2022 794 2194 847 solum
2241 791 2438 861 gaudet
2480 790 2705 845 allectus
2747 790 3109 852 contumelia,
3156 801 3209 861 ct
3259 792 3311 844 in
3365 808 3423 846 se

212 915 453 967 λυπεῖται
490 911 578 964 διὰ
604 912 703 979 τὴν
730 906 973 979 ταραχὴν
998 904 1090 959 τοῦ
1121 902 1439 973 ὑϐρίσαντος
1477 896 1636 951 αὑτόν
1665 912 1674 920 ·
1730 897 1759 947 ὁ

1883 900 2040 955 psum
2071 899 2291 939 causam
2322 882 2610 944 transfert,
2638 882 2731 936 sed
2765 884 2929 936 etiam
2963 883 3108 935 dolet
3135 884 3276 951 quod
3307 894 3423 937 tur-

212 1007 338 1068 Θεὸς
384 992 605 1071 ἐνέγκοι
646 1003 793 1073 ἡμᾶς
836 1002 917 1062 εἰς
966 1000 1065 1069 τὴν
1114 995 1367 1064 τοιαύτην
1412 992 1754 1045 κατάστασιν.

214 1095 441 1148 Βλέπετε
476 1094 639 1146 πόσον
676 1093 792 1144 ἐστὶ
826 1091 1021 1151 πλάτος
1053 1090 1132 1152 εἰς
1174 1086 1273 1149 τὰς
1313 1086 1458 1155 τρεῖς
1486 1080 1757 1135 καταστά-

214 1202 341 1249 σεις.
370 1183 635 1245 Ἕκαστος
660 1178 752 1235 οὖν
782 1180 958 1250 ήμῶν,
987 1178 1064 1241 ώς
1090 1173 1261 1237 εἶπον,
1287 1174 1433 1245 μάθῃ
1463 1172 1617 1233 ποίας
1648 1169 1762 1222 ἐστὶ

214 1276 591 1337 καταστάσεως
615 1290 628 1302 ·
681 1273 777 1325 ἐάν
809 1271 976 1325 θέλων
1017 1267 1199 1338 ἀκμὴν
1235 1265 1446 1335 ἐνεργεῖ
1475 1263 1535 1315 τὺ
1571 1261 1758 1323 πάθος,

213 1370 304 1422 καὶ
321 1366 609 1430 ἐπεκδικεῇ
633 1364 665 1434 ἢ
696 1365 863 1417 θέλων
894 1364 990 1433 μὲν
1015 1363 1076 1415 οὑ
1100 1361 1242 1414 ποιεῖ
1265 1375 1279 1389 ⁸
1308 1356 1601 1426 νικώμενος
1630 1354 1703 1418 δὲ,
1729 1355 1762 1423 ἧ

213 1460 320 1515 άπὸ
367 1458 650 1527 συνηθείας
695 1454 1169 1526 συναρπαζὸμενος
1226 1452 1437 1523 ἐνεργεῖ
1473 1448 1622 1511 αὑτὸ,
1672 1448 1765 1498 καὶ

214 1552 354 1622 μετὰ
381 1550 442 1603 τὸ
470 1548 784 1620 ἐνεργῆσαι,
823 1546 1064 1600 θλίὸεται
1094 1545 1186 1598 καὶ
1222 1542 1470 1613 μετανοεῖ
1498 1541 1578 1593 ὃτι
1609 1540 1767 1609 ἐνήρ-

214 1660 397 1715 γησεν,
439 1642 474 1712 ἢ
525 1640 849 1709 ἀγωνίζεται
876 1638 1070 1707 στῆσαι
1100 1637 1163 1690 τὸ
1193 1635 1359 1698 πάθος
1402 1635 1459 1686 ἐν
1491 1631 1704 1701 γνώσει,
1732 1630 1764 1700 ἢ

213 1735 352 1790 κατᾶ
381 1734 508 1787 ἄλλο
537 1733 707 1796 πάθος
733 1730 1075 1799 ἀγωνίζεται,
1103 1729 1289 1797 ὥσπερ
1314 1727 1558 1794 εἴπομεν.
1584 1724 1769 1775 Ἔστιν

213 1828 304 1882 ὅτε
339 1828 516 1897 σιωπᾷ
545 1842 629 1889 τις
668 1826 703 1894 ἢ
737 1822 875 1877 κατὰ
914 1820 1237 1886 κενοδοξίαν,
1262 1818 1303 1889 ἢ·
1337 1816 1477 1872 κατὰ
1520 1815 1771 1885 ἀνθρωπο

218 1919 523 1989 αρέσκειαν,
554 1917 588 1986 ἢ
641 1914 826 1977 ἁπλῶς
875 1913 1046 1965 εἰπεῖν
1080 1912 1222 1964 κατά
1248 1927 1366 1962 τινα
1394 1908 1648 1977 Λογισμὸν
1675 1907 1771 1959 άν-

216 2009 502 2079 θρώπινον,
531 1998 624 2059 καὶ
652 2005 852 2077 ἤρξατο
880 2002 1129 2070 ἐκριζοῦν
1157 2002 1218 2054 τὸ
1242 2000 1432 2064 πάθος.
1464 2000 1573 2055 Καὶ
1594 2000 1642 2051 εἰ
1674 1998 1771 2066 μὲν

217 2100 355 2170 μετὰ
391 2098 643 2168 γνώσεως
681 2097 921 2167 ἐκριζοῖ,
973 2094 1068 2147 καὶ
1120 2095 1263 2147 ποιεῖ
1298 2091 1368 2146 τά
1418 2088 1634 2143 ἐναντία
1679 2085 1773 2139 τοῦ

213 2189 419 2253 πάθους
441 2207 457 2222 ο
503 2190 730 2251 ἕκαστος
769 2188 917 2259 μάθῃ
956 2183 1058 2238 ποῦ
1097 2185 1242 2238 ἐστιν
1265 2200 1280 2215 ο
1313 2185 1359 2236 εί
1380 2184 1394 2202 ⁹
1424 2182 1572 2233 ποῖον
1601 2177 1774 2249 μίλιόν

215 2285 364 2337 ἐστιν
385 2298 399 2314 ·
430 2282 490 2335 οὐ
523 2281 684 2351 μόνον
705 2281 814 2350 γὰρ
842 2270 1127 2347 ὀφείλομεν
1154 2276 1274 2329 καθ’
1302 2272 1517 2344 ἡμέραν
1549 2270 1775 2339 ἐρευνᾷν

216 2371 631 2444 ἑαυτοὺς,,άλλὰ
665 2372 760 2423 καὶ
806 2370 945 2423 κατὰ
976 2368 1165 2439 καιρὸν
1189 2368 1283 2419 καὶ
1312 2364 1451 2417 κατὰ
1481 2362 1648 2431 μῆνα,
1682 2359 1777 2410 rat

216 2464 342 2518 καθ’
377 2459 666 2530 ἑϐδομάδα,
714 2459 807 2513 καὶ
856 2457 1035 2525 λέγειν
1082 2457 1180 2526 τὴν
1227 2453 1447 2524 πρώτην
1484 2449 1773 2518 ἑϐδομάδα,

216 2553 439 2608 τοιῶσδε
466 2550 779 2621 ἐδαρούμην
798 2550 875 2610 είς
906 2547 1024 2599 τόδε
1052 2546 1114 2598 τὸ
1148 2546 1313 2607 πάθος
1336 2558 1349 2571 ⁶
1378 2544 1483 2612 ἄρα
1510 2542 1634 2612 ἄρτι
1662 2539 1778 2602 πῶς

217 2646 372 2715 είμι;
431 2640 663 2711 ἴομοίως
692 2640 786 2691 καὶ
826 2635 968 2690 κατὰ
999 2633 1187 2705 καιρὸν
1225 2631 1422 2699 λέγειν,
1466 2631 1548 2683 ὅτι
1582 2629 1777 2697 πέρυσι

216 2734 441 2789 τοιῶσδε
474 2731 750 2800 ἐνικώμην
778 2728 882 2781 ὑπό
911 2726 1066 2780 τοῦδε
1108 2725 1201 2778 τοῦ
1235 2724 1466 2785 πάθως’
1515 2723 1640 2791 ἄρτι
1663 2720 1778 2782 πῶς

218 2826 388 2895 ἔχως·
413 2821 524 2875 Καὶ
564 2819 737 2883 οὕτως
770 2818 892 2872 καθ’
923 2817 1161 2885 ἑκάστην
1206 2812 1499 2883 γυμνάζειν
1532 2810 1779 2872 ἑαυτοὺς,

217 2920 273 2972 εί
302 2914 680 2988 προκόψαμεν
726 2911 937 2982 μικρὸν,
969 2912 1003 2981 ἢ
1043 2912 1100 2962 ἐν
1144 2910 1254 2969 τοῖς
1302 2907 1483 2966 αὑτοῖς
1529 2900 1779 2972 ἐσμεν,ἢ

124 3020 127 3021 ⁷
217 3010 304 3072 είς
336 3008 398 3059 τὸ
424 3007 607 3076 χεῖρον
650 3002 966 3072 ἐγενόμεθα.
1018 3000 1074 3052 '0
1106 2999 1235 3059 Θεὸς
1272 2996 1432 3049 δώσει
1462 2995 1591 3065 ἡμῖν
1622 2992 1781 3044 δύνα-

221 3119 337 3171 μιν,
373 3101 461 3152 ἵνα
487 3097 628 3159 τέως
657 3094 761 3149 κᾶν
798 3092 873 3164 μὴ
901 3090 1204 3162 ἐκριζῶμεν
1231 3089 1291 3142 τί,
1316 3086 1507 3152 πάθος,
1542 3084 1657 3137 ἀλλ’
1691 3076 1785 3134 οὖν

220 3189 302 3261 μὴ
336 3188 669 3259 ἐνιργῶμεν,
697 3185 814 3239 ἀλλ’
839 3183 1069 3253 ἱστῶμεν
1094 3180 1245 3233 αὑτό.
1282 3180 1487 3240 Ὄντως
1511 3176 1620 3246 γάρ
1648 3173 1783 3243 βαρὺ

1803 1972 1845 2026 Β

1867 984 2024 1038 batus
2056 983 2125 1037 sit
2152 982 2246 1051 qui
2287 981 2540 1049 injuriam
2583 981 2778 1034 intulit.
2815 980 3051 1037 Utinam.
3084 978 3297 1046 fratres,
3327 996 3427 1034 nos

1866 1072 2005 1129 Deus
2050 1076 2100 1128 in
2154 1073 2297 1126 hunc
2342 1082 2541 1128 statum
2590 1073 2841 1125 adducat.
2898 1071 3083 1125 Videte
3120 1082 3318 1138 quanta
3356 1075 3427 1125 sit

1865 1165 2027 1219 trium
2069 1164 2262 1218 horum
2299 1174 2537 1218 statuum
2569 1163 2813 1217 latitudo.
2852 1162 3030 1216 Discat
3072 1162 3233 1230 igitur
3261 1180 3427 1216 unus

1866 1262 2094 1330 quisque
2130 1261 2283 1326 cujus
2316 1260 2387 1313 sit
2429 1259 2546 1327 ipse
2588 1267 2801 1321 status;
2839 1259 2921 1311 vel
2952 1274 3139 1311 eorum
3172 1259 3264 1327 qui
3299 1275 3429 1327 ope—

1869 1365 2074 1417 rantur,
2100 1364 2151 1407 et
2179 1354 2509 1406 ulciscuntur
2538 1352 2855 1421 passiones;
2890 1353 2969 1405 vel
2996 1369 3184 1405 eorum
3211 1355 3300 1422 qui
3335 1371 3433 1406 no-

1870 1445 2039 1498 lentes
2070 1444 2284 1512 quidem
2319 1452 2373 1495 et
2405 1442 2557 1495 inviti
2594 1452 2919 1511 superantur
2950 1458 2978 1495 a
3018 1445 3431 1506 consuetudine,

1870 1549 1920 1591 et
1960 1540 2024 1591 ad
2072 1554 2208 1607 opus
2241 1537 2565 1598 trahuntur,
2624 1545 2744 1605 post
2778 1551 2914 1605 Opus
2946 1546 3124 1590 autent
3161 1548 3390 1591 mam-nt
3414 1578 3432 1602 ,

1871 1632 2199 1700 alniguntur,
2225 1639 2279 1683 et
2306 1629 2508 1694 dolent,
2541 1638 2813 1697 aguntque
2835 1630 3224 1698 pmnitentiam.
3259 1631 3438 1684 Dim-at

1874 1723 1917 1778 si
1952 1723 2003 1774 in
2034 1737 2221 1775 eorum
2256 1735 2485 1773 numero
2519 1720 2588 1774 sit
2622 1721 2714 1786 qui
2757 1720 3038 1785 passiones
3076 1720 3279 1773 sistunt
3311 1735 3435 1772 cum

1874 1814 2098 1869 scientia
2133 1822 2187 1867 et
2224 1813 2583 1881 cogitatione,
2612 1811 2692 1865 vel
2737 1812 2782 1865 si
2819 1822 2988 1865 certat
3034 1823 3131 1879 ,ιιι
3170 1812 3438 1875 diximus)

1878 1906 2179 1975 passionem
2214 1902 2397 1956 tollere
2423 1902 2696 1970 passione.
2723 1900 2835 1955 lloc
2865 1911 2974 1964 est,
3000 1903 3043 1955 si
3072 1903 3196 1971 quis
3225 1902 3440 1956 silentio

1873 1998 2051 2053 studet
2077 1997 2147 2050 ob
2174 1997 2386 2049 inanem
2411 1993 2663 2065 gloriam,
2690 1994 2761 2047 ob
2787 1994 3078 2047 humanam
3105 1994 3441 2062 complacen-

1874 2096 2035 2157 tiam,
2081 2103 2176 2146 aut
2224 2092 2514 2145 humanam
2563 2100 2619 2144 et
2647 2089 2995 2157 temporalem
3036 2090 3437 2157 cogitationem.

1874 2187 2056 2240 Discat
2085 2185 2132 2239 si
2159 2185 2321 2255 caspit
2343 2185 2571 2238 evellere
2601 2185 2903 2251 passionem
2932 2201 2943 2235 :
2977 2183 3263 2251 evellitque
3292 2182 3438 2235 illam

1873 2294 1996 2331 cum
2012 2277 2258 2340 scientia,
2279 2286 2333 2330 et
2352 2278 2462 2346 agit
2476 2292 2596 2346 quae
2613 2275 2804 2329 viderit
2822 2275 3061 2343 passioni
3089 2289 3209 2329 esse
3225 2284 3440 2329 contra-

1874 2370 1955 2423 ria
1994 2365 2563 2438 Discatunusquisque
2582 2370 2672 2422 ubi
2690 2370 2777 2433 sit,
2802 2377 2895 2423 aut
2928 2370 2980 2421 in
3011 2382 3120 2438 quo
3151 2368 3290 2421 libro
3308 2368 3443 2421 scri-

1874 2469 2016 2530 ptus.
2041 2458 2303 2513 Debemus
2326 2459 2471 2512 enim
2498 2475 2604 2512 non
2628 2460 2801 2513 solum
2829 2474 2926 2514 nos
2952 2473 3045 2528 per
3063 2459 3178 2513 dies
3199 2457 3444 2527 singulos

1877 2552 2166 2615 discutere,
2191 2550 2282 2606 sed
2314 2566 2408 2620 per
2422 2551 2676 2620 quaelibet
2698 2560 2962 2620 tempora,
2982 2567 3076 2620 per
3093 2565 3328 2614 menses,
3348 2565 3444 2619 per

1878 2642 2263 2706 hebdomadas,
2296 2658 2359 2696 ac
2388 2644 2546 2697 nobis
2567 2643 2700 2711 ipsis
2726 2643 2940 2696 dicere:
2978 2661 2996 2694 ι
3028 2642 3208 2697 Prima
3242 2641 3445 2695 hebdo-

1878 2737 2034 2790 mada
2064 2720 2435 2803 hujuscemodi
2463 2735 2715 2802 passione
2744 2734 2970 2788 aﬂ'ectus
2999 2748 3089 2796 cs,
3131 2746 3275 2786 nunc
3303 2746 3443 2799 quo-

1880 2826 2039 2880 modo
2086 2827 2252 2879 habes
2269 2826 2292 2877 ‘!
2336 2844 2354 2875 ι
2399 2824 2526 2878 Item
2581 2843 2599 2875 ι
2644 2840 2738 2893 per
2769 2833 2982 2892 tempus
3010 2823 3266 2891 quodque
3298 2835 3445 2875 anno

1882 2923 2156 2969 transacto
2192 2917 2362 2969 victus
2394 2930 2453 2968 es
2474 2955 2490 2979 ,
2519 2923 2574 2968 et
2602 2922 2886 2982 superatus
2916 2913 2985 2967 ab
3017 2912 3115 2966 hac
3147 2912 3401 2980 passione
3429 2952 3445 2977 ,

1882 3023 2025 3061 nunc
2065 3006 2339 3076 quomodo
2386 3006 2588 3060 habes?
2624 3024 2643 3056 ι
2687 3015 2739 3058 et
2775 3006 2846 3059 ita
2899 3004 3139 3073 quotidie
3168 3000 3449 3074 diligenter

1882 3100 2169 3169 inspicere,
2197 3098 2241 3152 si
2266 3098 2394 3168 quid
2417 3113 2446 3150 a
2475 3099 2631 3153 nobis
2656 3098 3029 3152 abscinditnus
3048 3113 3112 3151 ex
3146 3096 3274 3161 illis,
3296 3112 3362 3151 an
3394 3096 3447 3148 in

1882 3190 2085 3245 eisdem
2114 3189 2382 3243 volvimur
2404 3190 2485 3243 vel
2508 3173 2560 3243 in
2591 3188 2859 3243 deteriora
2884 3189 3090 3257 delapsi
3114 3204 3324 3243 sumus.
3352 3188 3451 3243 Det

217 3280 458 3350 πρᾶγμα
488 3277 549 3330 τὸ
578 3277 841 3345 ἐνεργεῖν,
892 3273 984 3326 καὶ
1035 3273 1110 3342 μὴ
1161 3271 1314 3339 ίστᾷν
1354 3268 1415 3321 τὸ
1447 3264 1634 3327 πάθος.
1675 3262 1779 3373 Καί

1885 3280 2042 3333 nobis
2073 3278 2213 3333 Deus
2240 3278 2494 3333 virtutem
2522 3288 2577 3334 et
2602 3288 2941 3347 potestatem,
2974 3278 3019 3332 si
3053 3293 3159 3333 non
3184 3278 3449 3334 evellendi

218 3369 368 3437 λέγω
408 3370 535 3439 ὑμῖν
578 3366 881 3435 ὑπόδειγμα
929 3363 981 3416 τί
1020 3364 1049 3415 ὁ
1088 3359 1326 3431 ἐνεργῶν
1368 3360 1432 3410 τὸ
1473 3356 1643 3414 πάθος
1690 3351 1783 3406 καὶ

218 3458 529 3516 ἐπεκδικῶν
553 3459 623 3511 αὑ
638 3458 685 3510 .6
713 3474 727 3489 ο
780 3455 965 3526 ὅμοιός
1016 3454 1162 3506 ἐστιν
1193 3449 1465 3522 ἀνθρώπῳ
1491 3461 1783 3502 κατατετο-

220 3553 475 3624 ξευμὲνῳ
520 3552 625 3604 ὑπὸ
667 3547 761 3602 τοῦ
808 3546 1002 3618 ἐχθροῦ
1031 3542 1218 3604 αὑτοῦ.
1251 3544 1343 3596 καὶ
1368 3541 1638 3611 δεχομένῳ
1665 3539 1783 3602 ταῖς

218 3645 416 3719 χερσὶν
460 3642 625 3697 αὑτοῦ
661 3641 732 3694 τὰ
758 3639 905 3710 βέλη,
950 3626 1044 3691 καὶ
1087 3634 1380 3704 πηγνὺοντι
1412 3630 1551 3685 αὑτὰ
1580 3632 1658 3693 είς
1686 3628 1785 3698 τὴν

212 3725 457 3807 ⁸καρδίαν
501 3731 720 3788 ἐαυτοῦ.
768 3731 827 3784 '0
854 3730 912 3783 δέ
952 3728 1113 3782 ἱστῶν
1148 3729 1209 3779 τὸ
1243 3726 1432 3787 πάθος,
1459 3722 1640 3792 ὅμοιός
1666 3721 1786 3771 ἐστι

217 3828 310 3899 τῷ
351 3822 858 3893 κατατετοξευμένῳ
904 3819 1017 3874 ὑπδ⁴
1032 3818 1126 3873 τοῦ
1172 3815 1367 3887 ἐχθροῦ
1399 3812 1583 3880 αὑτοῦ,
1628 3827 1788 3881 περι-

158 3980 161 3981 ν
184 3960 187 3961 ν
220 3920 550 3989 διελημένῳ
566 3917 624 3970 δὲ
643 3914 888 3984 θώρακα,
917 3915 1011 3966 καὶ
1030 3913 1129 3965 οὑκ
1154 3910 1509 3979 είσδεχομένῳ
1532 3906 1592 3960 τὸ
1616 3905 1784 3975 βέλος·

218 4013 254 4066 ὁ
278 4010 338 4063 δέ
365 4006 602 4078 ἐκριζῶν
619 4004 682 4057 τὸ
713 4003 900 4065 πάθος,
921 3994 1104 4071 apud;
1135 4002 1251 4052 ἐστι
1282 3996 1791 4063 κατατετοξευμένῳ

220 4100 330 4154 καὶ
358 4097 631 4166 δεχομένῳ
654 4086 725 4147 τὰ
755 4092 884 4163 βέλη
903 4091 1005 4144 καὶ
1035 4087 1369 4157 συντρίϐοντι
1406 4085 1565 4150 αὑτὰ,
1598 4085 1632 4154 ἢ
1657 4086 1791 4136 ἀπο-

225 4188 523 4261 στρέφοντι
551 4186 689 4239 αὑτά
714 4188 794 4247 εἰς
822 4184 920 4254 τὴν
945 4181 1170 4254 καρδίαν
1192 4178 1286 4231 τοῦ
1313 4176 1526 4247 ἐχθροῦ,
1547 4177 1620 4238 ὠς
1644 4173 1790 4242 λέγει

197 4284 293 4336 ‘tv
319 4278 399 4349 τῷ
421 4275 651 4348 ψαλμῷ·
696 4275 758 4328 Ἠ
775 4273 1041 4343 ῥομφαία
1068 4267 1262 4325 αὐτῶν
1290 4265 1547 4321 εισέλθοι
1573 4267 1659 4329 είς
1687 4262 1793 4329 τὰς

220 4369 481 4440 καρδίας
506 4366 751 4431 ἑαυτῶν,
796 4363 895 4419 καὶ
926 4364 998 4416 τὰ
1028 4362 1173 4426 τόξα
1214 4358 1409 4413 αὐτῶν
1434 4355 1790 4424 συντριϐειη.

224 4462 634 4529 Σπουδάσωμεν
663 4453 755 4511 οὖν
799 4456 897 4509 καὶ
929 4456 1109 4525 ἡμεῖς,
1151 4452 1386 4521 ἀδελφοὶ,
1420 4449 1523 4503 κᾶν
1552 4449 1612 4502 οὐ
1638 4446 1795 4500 δυνάο

228 4553 385 4628 μεθα
410 4554 545 4614 τέως
581 4548 917 4620 ἀποστρέψαι
946 4548 1043 4617 τὴν
1082 4546 1350 4618 ῥομφαίαν
1378 4542 1554 4599 αὐτῶν
1585 4544 1661 4604 είς
1698 4541 1795 4603 τὰς

1884 3368 2198 3438 passiones,
2229 3368 2416 3422 saltem
2451 3383 2558 3422 non
2601 3368 2890 3437 oper-andi,
2944 3375 3106 3438 atque
3135 3369 3356 3424 sistendi
3394 3379 3452 3423 et

1881 3460 2270 3530 comprimendi
2293 3476 2406 3515 eas.
2436 3460 2829 3515 Gravissimum
2852 3458 2997 3515 enim
3029 3469 3113 3515 est
3142 3461 3447 3530 passionem

1894 3552 1947 3606 in
1976 3562 2152 3606 actum
2200 3551 2440 3621 proferre
2461 3593 2475 3613 ,
2509 3566 2684 3619 neque
2714 3567 2831 3605 eam
2861 3552 3235 3620 comprimere.
3278 3551 3455 3619 Suhji-

1883 3646 2021 3698 ciam
2052 3643 2202 3698 vobis
2231 3642 2660 3705 similitudinem.
2691 3642 2847 3711 cujus
2877 3642 3220 3712 potissimum
3257 3642 3454 3697 similis

1886 3736 1949 3788 sit
1976 3732 2066 3804 qui
2096 3733 2401 3802 passionem
2423 3741 2636 3787 exercet
2664 3743 2718 3787 et
2748 3733 3049 3787 ulciscitur.
3084 3731 3297 3786 llomini
3324 3716 3461 3801 puto‘

1886 3826 2119 3880 similem
2168 3823 2361 3894 sagitta
2402 3823 2471 3877 ab
2519 3824 2672 3877 hoste
2716 3837 2973 3892 percusso
2999 3862 3015 3887 ,
3060 3825 3153 3894 qui
3199 3825 3449 3893 sagittam

1888 3916 2002 3971 suis
2032 3916 2283 3969 manibus
2310 3914 2579 3992 arripiens
2602 3957 2618 3977 ,
2667 3914 2817 3967 cordi
2868 3914 3088 3983 proprio
3116 3913 3308 3982 inﬁgit.
3344 3913 3449 3980 Qui

1887 4023 2016 4063 vero
2042 4007 2345 4077 passionem
2366 4005 2692 4073 comprimit,
2722 4003 2917 4057 similis
2943 4012 3026 4058 est
3042 4018 3297 4077 percusso
3324 4005 3452 4075 qui-

1889 4098 2009 4152 dem
2046 4097 2241 4176 sagitta
2287 4096 2356 4150 ah
2406 4095 2561 4149 hoste
2583 4134 2602 4161 ,
2638 4094 2733 4149 sed
2767 4109 3037 4163 nusquam
3071 4094 3353 4150 vulnerato
3382 4095 3456 4151 ob

1890 4194 2166 4247 thoracem
2198 4205 2305 4259 quo
2347 4188 2566 4243 indutus
2603 4196 2707 4243 est.
2754 4186 2855 4253 Qui
2891 4197 3072 4241 autem
3114 4187 3354 4241 eradicat
3388 4197 3453 4241 et

1890 4281 2037 4336 vellit
2068 4282 2371 4352 passionem
2392 4323 2407 4345 ,
2443 4278 2637 4334 similis
2661 4288 2743 4333 est
2772 4292 3029 4347 percusso
3056 4278 3273 4346 quidem
3304 4317 3319 4339 ,
3358 4278 3455 4331 sed

1892 4371 2115 4441 sagittas
2164 4380 2407 4439 arreptas
2450 4370 2700 4424 manibus
2733 4367 3117 4437 confringenti,
3154 4366 3316 4438 523
3359 4376 3457 4421 aut

1893 4464 2012 4520 illas
2033 4466 2085 4518 in
2117 4465 2287 4519 hostis
2306 4478 2399 4517 cor
2418 4460 2777 4531 detorquenti,
2799 4466 2859 4511 ut
2883 4445 3097 4512 canitur
3120 4457 3173 4510 in
3201 4454 3449 4511 Psalmo:

1894 4556 2116 4612 Gladius
2139 4565 2319 4609 ‘eorum
2351 4556 2510 4607 intret
2536 4552 2591 4605 in
2618 4550 2780 4603 corda
2805 4549 3035 4617 ipsorum
3055 4589 3072 4610 ,
3101 4558 3147 4601 et
3180 4563 3335 4601 arcus
3364 4565 3457 4602 eo-

228 4644 472 4715 καρδίας
495 4641 703 4696 αὑτῶν·
735 4640 849 4694 ἀλλ’
877 4635 970 4693 οὖν
998 4640 1133 4709 μήτε
1156 4635 1429 4706 δεξώμεθα
1451 4636 1520 4689 τά
1547 4634 1671 4704 βέλη
1700 4635 1779 4685 κατ

1896 4667 2008 4705 rem
2032 4649 2394 4717 confringatur
2418 4656 2467 4698 ιι.
2502 4642 2827 4696 Studeamus
2853 4656 3006 4711 ergo,
3038 4640 3251 4707 fratres,
3267 4643 3311 4696 si
3346 4655 3452 4695 non

228 4737 503 4807 πήξωμεν
550 4732 691 4786 αὐτὰ
736 4733 815 4794 είς
855 4730 952 4793 τὰς
998 4729 1219 4801 καρδίας
1272 4725 1469 4796 ἡμῶν·
1523 4724 1659 4778 ἀλλὰ
1703 4724 1796 4776 καὶ

229 4824 763 4900 περιθωρακίσωμεν
812 4823 1059 4887 ἑαυτοὺς,
1113 4822 1199 4874 ίνα
1241 4818 1318 4890 μὴ
1364 4815 1655 4887 πληγῶμεν
1706 4815 1797 4867 ὑπ’

228 4921 445 4979 αὐτῶν.
490 4918 546 4970 '0
570 4914 699 4977 Θεὸς
730 4915 760 4966 6
799 4912 998 4981 ἀγαθὸς
1026 4908 1273 4982 σκεπάσῃ
1305 4910 1452 4980 ἡμᾶς
1476 4907 1570 4960 ἀπ’
1596 4904 1796 4967 αὐτῶν,

233 5016 346 5071 καὶ
366 5010 513 5083 δώσῃ
536 5010 671 5079 ,ἡμῖν
697 5004 876 5076 νῆψιν,
902 5005 995 5058 καὶ
1018 5005 1260 5075 ὁδηγήσει
1292 5002 1436 5074 ἡμᾶς
1465 5002 1543 5061 εἰς
1568 4998 1664 5069 τὴν
1685 4997 1801 5051 ὁδὸν

234 5103 443 5162 αὑτοῦ.

764 5394 1165 5452 ΔΙΔΔΣΚΔΛΙΔ
1200 5394 1302 5450 ιΑσ.

244 5539 407 5610 Περὶ
433 5538 539 5594 τοῦ
567 5531 918 5610 σπουδάζειν
956 5528 1186 5610 ταχέως,
1207 5530 1515 5610 saxaque
1544 5529 1614 5584 τὰ
1632 5528 1808 5610 ,πάθη

372 5610 485 5677 πρὸ
510 5606 618 5662 τοῦ
641 5610 711 5661 ἐν
731 5606 852 5669 ἕξει
879 5600 1028 5668 κακῇ
1055 5598 1328 5669 γενέσθαι
1348 5601 1460 5667 τὴν
1478 5599 1709 5669 ψυχήν.

332 5697 565 5757 Δκθὲτι
595 5698 687 5751 τὸν
722 5695 843 5751 νοῦν
869 5691 1040 5762 ὑμῶν,
1082 5689 1317 5759 ἀδελφοὶ,
1343 5690 1417 5753 ὡς
1444 5693 1523 5756 εις
1551 5692 1618 5743 τά
1648 5688 1818 5759 πράγ-

338 5899 365 5927 ιι
407 5883 552 5942 Psal.
593 5897 778 5952 xxxvr,
828 5882 913 5937 i5.

1878 4730 2190 4813 possumus
2235 4747 2590 4802 contorquere
2630 4733 2864 4803 gladium
2920 4734 3160 4804 ipsorum
3200 4735 3253 4788 in
3288 4730 3453 4807 corda

1901 4848 2110 4893 eorum.
2140 4844 2249 4883 non
2268 4827 2553 4895 suscipere
2574 4827 2763 4882 saltem
2792 4828 3016 4899 sagittas
3041 4827 3252 4882 illorum
3274 4864 3289 4887 ,
3308 4831 3373 4877 et
3399 4823 3453 4876 in

1904 4922 2157 4977 cordibus
2195 4918 2395 4972 nostris
2424 4917 2657 4988 deligere
2686 4935 2700 4972 ι
2735 4918 3114 4985 armemusque
3142 4917 3318 4985 potius
3353 4929 3456 4967 nos

1904 5017 2122 5067 thorace
2146 5054 2161 5077 ,
2198 5026 2265 5064 ne
2302 5011 2670 5079 percutiamur
2723 5022 2781 5066 et
2818 5010 3160 5064 vulnerenmr
3205 5007 3273 5059 ab
3322 5005 3453 5061 illis.

1905 5105 2045 5160 Deus
2100 5104 2337 5172 optimus
2391 5112 2636 5174 protegat
2693 5119 2797 5159 nos
2858 5102 2927 5156 ab
2981 5100 3061 5154 eis
3092 5140 3106 5162 ,
3158 5092 3456 5169 largiatur-

1904 5214 2009 5269 que
2046 5197 2295 5251 virtutem
2332 5196 2518 5260 nobis,
2552 5197 2849 5267 dirigatque
2890 5193 3005 5262 ipse
3061 5206 3161 5247 nos
3206 5191 3259 5245 in
3310 5193 3454 5248 viam
3542 5184 3545 5185 ν

1907 5304 2079 5344 suam.

2378 5434 2383 5437 -
2445 5397 2786 5457 DOCTRINA
2823 5395 2916 5451 XI.

1949 5515 2017 5571 Ut
2047 5514 2347 5569 stndeamus
2373 5532 2406 5568 a
2438 5513 2585 5566 nobis
2612 5507 2890 5578 praecidere
2928 5511 3105 5564 statim
3131 5509 3418 5575 passiones,

2098 5586 2403 5654 priusquam
2428 5586 2481 5637 in
2511 5583 2744 5635 habitum
2766 5579 2958 5633 anima:
2992 5587 3279 5632 transeant.

1952 5679 2023 5746 ,1.
2058 5678 2325 5757 Advertite
2347 5677 2607 5739 animum,
2634 5670 2849 5735 fratres,
2884 5670 2950 5726 ad
2972 5682 3321 5741 quascunque
3346 5684 3455 5735 res,
