4020 6340
755 427 884 488 17ίέ3

1937 421 1994 479 S.
2040 416 2419 478 [ιυιιοτιιΕι
2459 417 2770 478 ABBATIS

3836 416 3945 484 17a
4001 377 4003 380 ⁴

2855 494 2888 508 J

751 541 912 607 igitur
940 545 996 592 et
1024 537 1207 590 labore
1229 546 1280 590 ct
1309 535 1623 605 :egritudine
1652 531 1829 587 vicina
1864 533 2062 584 mirum
2095 529 2149 583 in
2183 543 2294 581 mo-

2398 526 2471 586 ὡς
2507 527 2582 597 μὴ
2613 528 2750 597 ἔχων
2791 529 3002 586 ἑαυτὸν.
3052 533 3457 603 ’Λπεκρινάμην
3498 531 3596 588 οὖν
3622 530 3775 604 αὐτῷ
3801 553 3944 594 κατα·

747 630 878 681 ιΙιιιιι
908 626 1170 690 del'chus,
1205 627 1555 693 calcltamque
1585 623 1850 676 interdum
1890 619 2112 674 alternis
2134 618 2299 672 febri-

749 721 870 778 lnts,
897 723 955 768 ιιι
982 717 1065 768 vix
1099 731 1185 769 me
1214 716 1390 784 ipsum
1418 714 1626 783 erigere
1665 725 1902 782 possem.
1941 708 2016 765 Ita
2059 722 2189 762 vero
2219 707 2299 761 illi

748 807 1135 874 respomlebam
1157 845 1173 870 ,
1227 804 1406 876 utqui
1454 813 1597 859 esset
1626 818 1659 856 a
1692 815 1888 856 somno
1923 814 2218 870 oppressus
2246 809 2300 852 et

748 884 856 950 alio
885 897 1178 952 translatus
1210 914 1223 950 :
1265 918 1282 946 ι
1321 896 1462 950 liene
1509 895 1669 948 faciat
1696 894 1794 948 tibi
1836 893 1998 958 Deus,
2029 891 2214 955 frater,
2247 901 2301 944 et

753 986 1038 1040 (‘ltal'ilalis
1056 995 1162 1055 tua:
1185 1001 1391 1038 memor
1409 986 1481 1038 sit
1507 1003 1518 1037 :
1546 999 1613 1036 en
1645 994 1702 1038 ut
1727 983 1959 1052 jnssisti,
1979 995 2237 1052 propero.
2276 1001 2295 1032 ι

747 1076 994 1143 Cumque
1031 1085 1150 1144 post
1200 1077 1311 1128 lticc
1345 1075 1705 1132 discessisset,
1760 1071 1958 1131 invitus
2013 1080 2068 1124 et
2111 1069 2299 1124 nolens

751 1168 943 1220 iterum
970 1165 1372 1218 olulortuiebam
1397 1181 1412 1216 :
1444 1165 1624 1233 usque
1640 1163 1774 1218 adeo
1797 1173 1976 1217 autem
2007 1161 2300 1230 pmttiteltat

750 1268 841 1311 me“
871 1258 1092 1311 desidia:
1123 1268 1178 1310 et
1220 1255 1556 1325 negligentiae
1581 1270 1734 1317 mete.
1764 1269 1887 1309 cum
1927 1252 2174 1306 videbam
2214 1267 2300 1304 me

754 1368 858 1403 non
894 1351 1204 1404 interfuisse
1231 1349 1448 1414 vigiliis,
1480 1363 1578 1402 nec
1619 1347 1708 1401 ille
1737 1361 1823 1401 me
1847 1347 2029 1399 denuo
2065 1344 2303 1398 excitas-'

751 1453 851 1505 set,
888 1451 949 1495 nt
975 1440 1170 1496 fratres
1198 1444 1334 1496 duos
1360 1441 1683 1510 rogaverim,
1708 1439 1935 1493 alterum
1958 1450 2016 1492 ut
2040 1452 2123 1491 me
2153 1438 2298 1491 exci-

754 1541 889 1584 taret
923 1532 976 1584 in
1028 1542 1288 1600 tempore,
1337 1534 1566 1585 alterum
1609 1540 1668 1585 ιιι
1721 1545 1807 1583 me
1863 1544 1969 1583 non
2026 1537 2297 1598 pateretur

751 1621 1045 1676 dormitare
1067 1621 1372 1691 vigiliarum
1391 1630 1650 1690 tempore.
1677 1620 1742 1673 Et
1768 1618 1920 1680 milii.
1942 1633 2059 1682 oro,
2075 1619 2294 1682 credite,

2407 620 2704 687 φερόμενος
2734 619 2926 673 ὕπνου·
2952 641 2970 672 ι
3007 622 3224 688 Καλῶς,
3247 623 3394 694 κῦρι.
3421 626 3688 701 μνησθείη
3722 632 3758 702 ἡ

2409 711 2438 760 ὸ
2477 708 2628 771 θεὸς,
2675 709 2783 779 δῴη
2834 729 2915 764 σοι
2957 712 3046 765 τὸν
3102 713 3310 783 μισθὸν,
3349 716 3666 783 ἐκέλευσας,
3717 722 3942 794 ἔρχομαι,

2408 799 2552 870 κῦρι.
2635 817 2655 852 ι
2731 797 2862 854 Εἶτα
2917 805 2993 867 ὡς
3049 805 3356 875 ἀπήρχετο,
3421 808 3581 862 πάλιν
3655 813 3942 884 άπειωιμὼ-

2408 909 2516 961 μην
2539 908 2553 923 ·
2607 893 2749 945 πάνυ
2803 894 2861 946 δὲ
2904 895 3196 966 ἐθλιδόμην
3256 897 3340 951 ὅτι
3384 896 3674 968 ἐϐράδυνον
3727 904 3937 977 ἁναπῆ-

2404 1000 2492 1036 ναι
2546 986 2625 1047 εἰς
2678 985 2777 1054 τὴν
2827 985 3153 1056 ἐκκλησίανο
3211 989 3307 1041 καὶ
3356 988 3539 1062 ἐπειδὴ
3597 993 3700 1062 οὐχ
3754 995 3936 1068 ὑπήντα

2409 1073 2526 1136 πῶς
2573 1074 2766 1144 ἐκείνῳ
2812 1079 3387 1150 προσκαρτερήσαιμι,
3443 1081 3619 1152 ᾔτησα
3663 1084 3760 1136 δύο
3810 1089 3937 1151 τινὰς

2403 1163 2512 1214 τῶν
2579 1163 2850 1233 ἀδελφῶν,
2911 1166 3002 1219 τὸν
3064 1169 3162 1236 μὲν
3204 1169 3332 1235 ἕνα,
3387 1171 3473 1224 ἶνα
3536 1172 3796 1246 ἐξυπνίζῃ
3848 1195 3934 1244 με,

2405 1253 2496 1304 τὸν
2526 1253 2582 1306 δὲ
2618 1255 2797 1317 ἄλλον,
2829 1255 2916 1307 ἵνα
2944 1256 3020 1326 μὴ
3044 1256 3154 1328 ἁφῇ
3186 1274 3252 1328 με
3277 1261 3533 1326 νυστάεαι
3550 1263 3632 1325 είς
3661 1265 3760 1334 τὴν
3794 1271 3936 1335 ἀγρυ-

2406 1343 2586 1396 πνίαν.
2607 1345 2714 1398 Καὶ
2743 1345 3066 1435 πιστεύεηατέ
3095 1363 3204 1416 μοι,
3236 1347 3472 1416 ἀδελφοὶ,
3490 1350 3668 1414 οὕτως
3691 1353 3935 1422 ἐσεεόμην

2405 1436 2624 1514 αὐτοὺς.
2667 1437 2743 1499 ὡς
2786 1438 2872 1489 ὅτε
2919 1433 2988 1490 δι’
3014 1437 3191 1490 αὐτῶν
3221 1433 3291 1508 ἦν
3330 1441 3365 1508 ἠ
3412 1441 3654 1512 σωτηρία
3695 1460 3822 1512 μου,
3859 1447 3937 1496 καὶ

2404 1526 2589 1596 σχεδὸν
2645 1527 2918 1596 ἐσεΰόμην
2976 1527 3190 1592 αὐτούς.
3248 1529 3431 1593 οὕτως
3486 1527 3580 1584 οὖν
3645 1535 3763 1586 xci-
3803 1534 3937 1604 ὑμεξ

2401 1616 2640 1684 ὀφείλετε
2665 1618 2971 1672 διακεῖσθαι
3004 1620 3140 1691 πρὸς
3183 1613 3314 1684 τοὺς
3353 1620 3665 1692 ἐγείροντας
3695 1623 3835 1694 ὑμᾶς
3871 1627 3937 1686 εἰς

751 1714 819 1764 ita
860 1712 982 1765 illos
1015 1711 1288 1774 amabam,
1323 1710 1644 1773 venerabar,
1674 1709 1918 1781 colebam
1955 1719 2010 1762 ut
2039 1725 2068 1762 a
2099 1707 2294 1778 quibus

2399 1708 2492 1760 τὸν
2537 1709 2736 1761 κανόνα
2775 1712 2876 1780 τῆς
2928 1708 3244 1779 ἐκκλησίας,
3301 1711 3395 1764 καὶ
3441 1714 3522 1775 εἰς
3565 1713 3677 1766 πᾶν
3725 1715 3936 1784 πρᾶγμα

749 1804 896 1856 salus
927 1817 1044 1856 mea
1099 1803 1420 1871 dependeret
1458 1810 1700 1856 etesset.
1737 1801 1896 1856 Tales
1937 1811 1988 1856 et
2040 1817 2134 1854 vos
2178 1815 2294 1854 esse

2402 1799 2625 1866 ἀγαθόν.
2655 1800 2854 1865 Καθὼς
2897 1797 2993 1856 οὖν
3017 1801 3297 1873 ἐλέγομεν,
3349 1803 3552 1873 ὀφείλει
3601 1820 3688 1868 τις
3732 1805 3937 1876 ἔρευνᾷν

747 1894 900 1946 decet
931 1908 1057 1960 erga
1085 1893 1386 1948 excitantes
1417 1907 1514 1947 vos
1550 1892 1618 1946 ad
1649 1893 1882 1961 vigilias,
1908 1893 1976 1945 ad
2012 1891 2174 1944 horas
2201 1904 2294 1945 ea-

2404 1890 2518 1954 πῶς
2553 1891 2798 1962 παρῆλθε
2837 1892 2935 1962 τὴν
2980 1892 3190 1964 ἡμέραν
3215 1895 3309 1946 καὶ
3350 1893 3450 1965 τὴν
3486 1893 3687 1947 νύκτα’
3721 1895 3772 1947 εί
3817 1893 3937 1962 μετὰ

750 1985 974 2038 nonicas
999 1996 1053 2038 et
1081 1984 1146 2037 ad
1171 2001 1330 2038 Olltllc
1356 1983 1499 2038 aliud
1528 1999 1666 2054 opus
1690 1985 1910 2037 bonum.
1938 1980 2294 2050 Habendaque

2399 1980 2614 2050 νήψεως
2647 1982 2832 2035 ἵστατο
2868 1984 2949 2046 εἰς
2981 1983 3079 2054 τὴν
3107 1983 3442 2054 ψαλμῳδίαν,
3479 1986 3574 2038 καὶ
3608 1986 3690 2049 εἰς
3736 1985 3832 2054 τὴν
3856 1985 3934 2037 εὖ·

747 2085 828 2127 ι-μι
863 2079 943 2142 (ιιι
969 2074 1226 2139 diximus)
1262 2090 1292 2127 a
1329 2061 1490 2128 nobis
1518 2075 1776 2141 temporis
1811 2073 1973 2134 ratio,
2005 2072 2294 2141 exquiren-

2398 2071 2498 2142 χὴν
2529 2072 2928 2143 ᾐχμαλωτίσθη
2964 2073 3070 2126 ὑπὸ
3105 2073 3379 2143 λογισμῶν
3407 2075 3693 2144 ἔμπαθῶν,
3728 2077 3764 2146 ἢ
3801 2092 3931 2130 νων·

745 2168 982 2235 dumque
1013 2175 1071 2219 ιιι
1097 2167 1238 2220 diem
1269 2175 1590 2235 noctemque
1617 2165 2073 2234 transegerimus:
2103 2163 2149 2218 si
2171 2178 2294 2217 eum

2398 2164 2535 2232 εχῶς
2567 2163 2768 2232 ἤκουσε
2796 2163 2906 2216 τῶν
2931 2162 3092 2217 θείων
3118 2165 3578 2232 ἀναγνωσμάτων,
3608 2166 3641 2235 ἦ
3678 2167 3754 2235 μὴ
3775 2167 3930 2236 ἀφῆκε

747 2258 1042 2311 reverentia
1077 2267 1128 2312 et
1160 2257 1451 2312 attentione
1482 2257 1546 2310 ad
1588 2257 1964 2326 psalmodiam,
1992 2255 2058 2310 ad
2089 2256 2294 2310 oratio-

2398 2255 2492 2325 τὴν
2541 2254 2879 2326 ψαλμῳδίαν,
2920 2255 3015 2309 καὶ
3065 2254 3288 2326 ἐξῆλθεν
3343 2252 3446 2318 ἔξω
3499 2255 3599 2324 τῆς
3658 2257 3931 2327 ἐκκλησίας

745 2365 891 2410 ιιι-ιιι,
926 2349 1256 2412 steterimus,
1297 2363 1397 2402 nec
1427 2348 1572 2417 passi
1608 2348 1870 2402 fuerimus
1913 2347 2152 2415 captivos
2196 2360 2294 2400 nos

2398 2343 2884 2415 μετεωριζόμενον·
2917 2342 3012 2398 ἐὰν
3039 2342 3211 2407 οὕτως
3258 2342 3455 2413 ἐρευνᾷ.
3483 2359 3570 2406 τις
3607 2343 3798 2396 ἑαυτὸν
3824 2345 3927 2396 καθ’

745 2438 883 2488 Ιι·;ιηί
929 2453 958 2489 a
1007 2436 1426 2504 cogitationibus
1467 2444 1522 2488 et
1569 2433 1914 2502 passionibus
1961 2434 2164 2488 nostris
2197 2451 2211 2486 :
2248 2433 2293 2486 si

2398 2435 2652 2506 ἑκάστην,
2683 2435 2774 2488 καὶ
2806 2434 3093 2498 σπουδάζει
3135 2435 3412 2506 μετανοεῖν
3441 2433 3582 2502 ὑπὲρ
3610 2429 3686 2487 ὧν
3713 2434 3928 2504 ἥμαρτε,

743 2538 973 2580 attentas
1001 2542 1160 2581 aures
1193 2525 1601 2595 praestiterimus
1624 2524 1822 2579 divinis
1852 2524 2172 2580 lectionibus
2203 2541 2216 2577 :
2245 2523 2288 2578 si

2398 2526 2492 2578 καὶ
2531 2524 2872 2597 διορθοῦσθαι
2897 2527 3107 2590 ἑαυτὸν,
3136 2525 3362 2596 ἄρχεται
3394 2523 3581 2595 μειοῦν
3601 2526 3700 2596 την
3731 2525 3924 2586 κακίαν,

747 2619 1189 2687 intertuperiums
1227 2617 1582 2686 psalmodiam
1631 2617 1864 2671 inaniter
1919 2625 2072 2672 extra
2121 2617 2292 2670 eccle-

2398 2618 2488 2669 καὶ
2523 2617 2575 2669 εί
2603 2616 2776 2669 ἐποίει
2805 2617 2980 2678 ἐννέα,
3009 2619 3154 2670 ποιεῖ
3181 2615 3346 2683 ὀκτὼ,
3375 2616 3470 2670 καὶ
3509 2616 3682 2679 οὕτως
3714 2617 3810 2668 σὺν
3829 2614 3928 2682 θεῷ

742 2709 876 2760 siam
907 2717 962 2762 et
985 2710 1212 2762 chorum
1235 2708 1436 2760 educti.
1463 2707 1520 2758 Si
1543 2722 1662 2761 sese
1683 2707 1912 2776 quisque
1934 2721 2028 2775 per
2051 2705 2293 2774 singulos

2398 2708 2537 2762 κατὰ
2568 2706 2764 2778 μικρὸν
2797 2707 3140 2777 προκόπτων,
3193 2707 3293 2759 οὐκ
3327 2707 3392 2777 ἑᾷ
3423 2706 3493 2760 τὰ
3537 2705 3684 2776 πάθη
3721 2721 3926 2775 στερεωο

743 2801 858 2852 dics
887 2801 956 2852 ita
988 2799 1244 2851 disuttiat
1275 2807 1504 2866 agatque
1530 2797 1902 2866 pmnitentiam
1935 2795 1992 2849 in
2018 2809 2128 2864 quo
2157 2794 2292 2848 deli-

2398 2797 2554 2866 θῆναι
2592 2796 2713 2850 κατ’
2745 2795 2930 2849 αὑτοῦ.
2961 2795 3151 2864 Μέγας
3179 2796 3288 2866 γάρ
3315 2795 3557 2860 κίνδυνος
3597 2797 3659 2848 τὸ
3693 2797 3927 2866 ἐμπεσεῖν

742 2890 923 2956 quisse
979 2905 1035 2942 se
1095 2887 1525 2956 depreltcmlcrit,
1579 2887 1870 2956 statimque
1902 2896 2025 2957 post.
2083 2887 2292 2956 lapsum

2398 2903 2515 2939 τινα
2550 2887 2628 2948 είς
2654 2887 2765 2952 ἕξιν
2795 2887 3018 2950 πάθους.
3054 2886 3293 2958 Ἐπειδὴ,
3328 2887 3511 2952 καθὼς
3543 2891 3791 2958 εἴπομεν,
3822 2888 3926 2940 οὕτε

743 2991 924 3047 surgat
965 2980 1320 3043 eun-inlatus,
1375 2978 1694 3047 incipiemus
1740 2977 2000 3032 malitiam
2051 2988 2291 3032 nostram

2398 2977 2488 3030 ἐὰν
2525 2975 2653 3047 θέλῃ
2688 2978 2717 3028 ό
2746 2976 3003 3040 τοιοῦτος,
3053 2978 3276 3039 δυνατός
3318 2979 3435 3031 ἐστι
3477 2979 3634 3048 μόνος
3665 2981 3925 3049 περιγενέ-

742 3070 942 3122 ειηιδὶιιι
975 3070 1252 3127 tttinttcrt‘,
1286 3079 1340 3120 et
1384 3067 1526 3134 quod
1575 3064 1762 3119 novies
1799 3065 1940 3118 male
1975 3064 2290 3133 agebamus.

2398 3067 2520 3121 σθαι
2575 3067 2668 3120 τοῦ
2701 3066 2926 3132 πάθους,
2977 3067 3073 3121 ἑὰν
3123 3066 3200 3137 μὴ
3229 3070 3331 3141 σχῇ
3381 3068 3475 3122 καὶ
3498 3069 3754 3139 βοήθειαν
3797 3070 3928 3141 παρά

743 3163 827 3212 \ix
871 3160 979 3228 jam
1028 3161 1196 3214 octies
1240 3175 1483 3228 agetnus.
1533 3157 1728 3227 Sicque
1772 3157 2133 3226 coopitulante
2181 3155 2291 3213 Deo

2398 3176 2552 3213 τινων
2589 3159 2777 3227 ἁγίων.
3918 3223 3926 3232 0

743 3250 1102 3320 proﬁciemus,
1131 3261 1312 3305 etnon
1371 3259 1622 3320 poterunt
1682 3251 1735 3304 in
1798 3248 1959 3305 nobis
2016 3249 2298 3318 passiones
2323 3250 2620 3306 oblirmari.
2654 3249 3024 3306 Periculosum
3073 3253 3218 3308 enim
3264 3250 3418 3307 valde
3469 3261 3554 3308 est
3601 3252 3656 3307 in
3701 3251 3925 3310 habitat-

742 3345 1050 3412 passionmn
1077 3354 1131 3396 et
1159 3344 1408 3396 vitiorum
1447 3343 1704 3408 incidere,
1735 3356 1874 3412 quas
1908 3341 2004 3412 (ut
2029 3343 2286 3422 diximus)
2323 3359 2447 3398 cum
2516 3344 2745 3398 voluerit
2805 3345 2969 3399 homo
3003 3360 3111 3399 non
3142 3344 3311 3414 pessit
3339 3343 3507 3410 ,solus
3536 3359 3813 3414 superare,
3844 3361 3925 3419 δαί

740 3452 877 3504 opus
901 3435 970 3487 sit
995 3444 1304 3488 sanctorum
1331 3435 1573 3488 virorum
1605 3433 1868 3486 auxilium
1903 3433 2213 3500 implorare.

814 3525 947 3578 \‘Ill.
985 3523 1137 3577 Libet
1191 3540 1415 3578 narrare
1461 3523 1616 3577 vobis
1649 3522 1717 3577 de
1753 3523 1985 3592 quodam
2022 3525 2291 3578 confratrc

741 3610 950 3676 nostro,
977 3615 1068 3680 qui
1102 3613 1266 3666 miser
1293 3621 1346 3666 et
1396 3610 1576 3665 infelix
1628 3611 1680 3665 in
1731 3610 1974 3665 habitum
2025 3611 2291 3681 passionis

743 3708 926 3773 lapsus
947 3701 1106 3774 427
1139 3706 1274 3756 erat.
1304 3701 1542 3771 Accipite
1573 3717 1683 3755 rem
1711 3701 2131 3771 lacrymabilcm.
2156 3701 2290 3756 Cum

740 3809 912 3850 t'SSL‘m
944 3795 996 3846 in
1032 3794 1303 3858 cmuobio,
1336 3802 1728 3847 consueverant
1760 3796 1953 3846 tratres
1979 3808 2167 3848 omnes
2195 3808 2290 3846 eo-

743 3886 1026 3953 eitatiuncs
1067 3899 1194 3936 suas
1225 3885 1292 3936 ad
1330 3898 1414 3937 me
1441 3881 1674 3945 deferre,
1717 3883 1803 3936 vel
1849 3899 1941 3953 per
1977 3884 2159 3953 iocum
2209 3882 2291 3933 vel

742 3991 836 4045 :n'l‘
865 3973 1153 4042 quamdam
1199 3971 1636 4040 simplicitatem;
1687 3972 1762 4026 ita
1811 3984 1871 4025 ut
1914 3975 2077 4026 etiam
2123 3972 2293 4026 abbas

745 4073 882 4122 hanc
934 4067 1064 4122 mllti
1113 4081 1299 4120 curam
1355 4066 1629 4120 seniorum
1680 4067 1910 4121 consilio
1973 4069 2286 4137 imponeret.

743 4162 837 4212 Die
861 4160 1025 4229 igitur
1050 4159 1280 4227 quadam
1311 4156 1378 4210 ad
1410 4171 1496 4210 me
1523 4159 1669 4212 venit
1698 4173 1839 4212 unus
1869 4173 1901 4213 e
1931 4158 2204 4225 fratribus,
2239 4167 2293 4214 et

741 4252 877 4304 dixit
907 4250 1036 4304 mihi
1063 4267 1076 4302 :
1109 4267 1128 4300 ι
1180 4249 1252 4304 Da
1284 4248 1413 4302 mihi
1440 4249 1673 4314 veniam,
1698 4250 1947 4314 obsecro,
1981 4261 2034 4306 et
2061 4266 2156 4305 ora
2189 4267 2288 4321 pro

743 4359 829 4397 me
855 4342 1110 4412 quoniam
1140 4349 1193 4393 et
1233 4341 1416 4394 furtim
1451 4340 1727 4409 subripior
1749 4350 1805 4395 et
1849 4341 2094 4396 comedo.
2137 4361 2157 4393 ι
2187 4343 2290 4408 Qui

744 4456 773 4489 ιι
813 4449 896 4496 me
927 4435 1301 4500 interrogatus
1337 4446 1505 4501 quare
1531 4431 1582 4484 id
1617 4439 1819 4500 ageret.
1849 4434 2121 4501 respondit
2151 4433 2292 4487 tante

2461 3521 2540 3574 Μ’.
2582 3517 2773 3572 Θέλετε
2818 3519 3166 3588 διηγήσωμαι
3211 3519 3339 3589 ὑμῖν
3370 3518 3499 3590 περί
3545 3535 3695 3584 τινος
3733 3519 3922 3591 Ima;

2390 3612 2595 3674 πάθους
2622 3612 2703 3663 -ὲν
2755 3608 2892 3678 ἕξεις
2945 3611 3214 3664 ἀκούσατε
3254 3595 3496 3680 ’πρᾶγμα
3545 3609 3696 3675 ἄξιον
3751 3611 3922 3665 πολλώ

2391 3701 2692 3772 κλαυθμοῦ.
2722 3701 2849 3769 τοτε
2881 3702 3031 3772 ήμην
3057 3703 3141 3765 είς
3163 3701 3227 3754 τὸ
3252 3697 3536 3763 κοινόόιον.
3565 3703 3667 3754 οὐκ
3695 3698 3808 3756 οἶδα
3821 3702 3920 3765 πῶς

2388 3794 2572 3854 ἁπλῶς
2601 3775 2946 3862 ἐχλευάζοντο
2987 3793 3038 3844 oi
3079 3791 3300 3860 ἀδελφοὶ
3342 3791 3638 3848 ἀναθέσθαι
3689 3811 3782 3864 μοι
3814 3794 3921 3856 τοὺς

2390 3886 2680 3954 λογισμοὺς
2723 3884 2919 3938 αὐτῶν.
2959 3884 3127 3954 Φησὶν
3168 3884 3226 3938 δὲ
3283 3885 3376 3939 καὶ
3415 3887 3444 3938 ὁ
3477 3885 3648 3951 άϐὁᾶς
3701 3887 3792 3941 καὶ
3830 3889 3913 3940 ἐπι

2376 3967 2587 4046 Ὓὲτρεπέ
2627 3993 2717 4046 μοι
2763 3976 2904 4030 κατὰ
2921 3975 3148 4046 γνώμην
3176 3976 3286 4031 τῶν
3326 3978 3594 4049 γερόντων
3628 3979 3733 4050 τὴν
3773 3996 3916 4048 φρον-

2390 4066 2507 4118 τίδα
2535 4066 2724 4119 τούτου
2765 4067 3031 4121 ποιεῖσθαι
3075 4065 3168 4119 τοῦ
3197 4066 3416 4138 μέρους.
3458 4067 3544 4120 Ἐν
3579 4070 3677 4139 μιᾷ
3707 4063 3797 4122 οὖν
3827 4065 3916 4118 τῶν

2391 4157 2634 4230 ἡμερῶν,
2682 4156 2899 4228 ἔρχεταί
2928 4173 3013 4220 τις
3052 4156 3160 4210 τῶν
3196 4155 3461 4226 ἀδελφῶν,
3498 4159 3590 4211 καὶ
3620 4157 3766 4225 λέγει
3807 4171 3912 4225 μοι·

2396 4273 2414 4304 ι
2456 4251 2812 4323 Συγχὼρησόν
2842 4267 2952 4320 μοι,
2990 4252 3104 4323 ,καὶ
3147 4247 3307 4321 εὖχου
3343 4252 3487 4323 ὑπὲρ
3513 4250 3672 4322 ἐμοῦ,
3707 4252 3786 4305 ὅτι
3813 4251 3916 4305 κλέ-

2387 4360 2506 4394 πτω
2547 4343 2641 4394 καὶ
2675 4339 2890 4412 τρώγω.
2930 4359 2950 4391 ι
2983 4341 3142 4408 Λέγω
3167 4340 3346 4416 αὐτῷ’
3386 4359 3407 4392 ι
3437 4341 3536 4395 Διὰ
3573 4341 3626 4394 τε
3661 4341 3910 4412 ﬁnd“;

2391 4437 2498 4488 Καὶ
2539 4432 2688 4501 λέγει
2723 4448 2843 4504 μοι⁹
2898 4450 2918 4484 ι
2966 4433 3096 4495 Ναὶ,
3133 4433 3232 4486 οὐκ
3275 4431 3551 4504 ἀρκοῦμαι
3590 4436 3652 4506 τῇ
3695 4430 3915 4503 τραπέζῃ

742 4542 860 4579 sese
901 4523 1157 4586 cruciari,
1197 4537 1294 4575 nec
1343 4538 1501 4591 posse
1543 4525 1598 4579 in
1652 4536 1839 4578 mensa
1892 4537 2016 4576 eum
2067 4523 2290 4592 reliquis

2398 4527 2496 4577 τῶν
2524 4526 2784 4594 ἀδελφῶν,
2820 4525 2913 4579 καὶ
2939 4525 3000 4578 οὐ
3021 4525 3254 4596 δύναμαι
3278 4524 3516 4595 αἰτῆσαι.
3545 4545 3564 4578 ι
3584 4525 3743 4591 Λέγω
3757 4522 3911 4590 αὐτῷ’

743 4614 991 4679 satnrari,
1022 4617 1102 4667 vel
1142 4611 1335 4666 adduci
1382 4622 1438 4665 ut
1481 4613 1735 4682 quiddam
1785 4611 1928 4665 aliud
1972 4612 2287 4679 postularet.

2399 4639 2416 4668 ι
2455 4619 2550 4672 Διά
2577 4619 2629 4670 τί
2665 4621 2740 4690 μὴ
2769 4619 2997 4687 ὑπάγεις
3024 4618 3301 4682 ἀνατιθεὶς
3334 4617 3413 4689 τῷ
3443 4617 3616 4688 ἁὸβᾷ;
3673 4634 3696 4667 ι
3739 4616 3910 4682 Λέγει·

744 4706 1006 4762 llortabar
1041 4715 1099 4758 nt
1140 4706 1244 4759 hoc
1275 4704 1452 4756 abbati
1487 4703 1808 4763 insinuaret.
1846 4702 1935 4756 ille
1976 4712 2157 4754 autem
2193 4715 2290 4770 pu-

2398 4731 2414 4762 ι
2465 4689 2814 4782 Αἰσχύνομαι.
2865 4730 2884 4764 ι
2921 4713 3078 4778 Λέγω
3119 4711 3300 4782 αὐτῷ·
3341 4730 3359 4761 ι
3401 4689 3524 4770 Καὶ
3553 4708 3723 4772 θέλεις
3762 4708 3912 4776 άπέρο

721 4802 871 4850 'dorc
901 4797 1067 4849 teneri
1111 4812 1226 4848 sese
1264 4794 1493 4848 diccbat.
1540 4793 1650 4863 Ego
1688 4795 1848 4865 igitur
1893 4792 2164 4855 abbatem,
2199 4793 2288 4847 illo

2398 4819 2571 4872 κωμαι
2595 4803 2738 4870 ὲγώ;
2771 4821 2790 4854 ι
2820 4802 2930 4856 Καὶ
2951 4801 3097 4867 λέγει
3127 4819 3216 4871 μοι
3235 4818 3250 4831 ·
3278 4821 3297 4852 ι
3337 4800 3426 4862 Ὠς
3452 4797 3716 4862 κελεύεις,
3737 4796 3905 4867 κῦρι.»

709 4901 711 4903 ί
745 4887 970 4948 \uletttc,
1011 4883 1140 4946 adii,
1186 4883 1369 4938 fratris
1396 4882 1734 4953 fragilitatem
1768 4884 1992 4952 aperui,
2037 4882 2286 4950 quimibi

2405 4889 2666 4960 ’Λπῆλθον
2699 4887 2792 4944 οὖν
2839 4891 2934 4942 καὶ
2979 4885 3136 4943 εἷπον
3160 4889 3239 4959 τῷ
3282 4888 3446 4957 άόεᾷ,
3481 4885 3580 4940 καὶ
3621 4888 3762 4955 λέγει
3804 4897 3908 4954 μοι·

743 4992 956 5030 ιιιιιιιειιι
985 4976 1104 5044 ejus
1148 4989 1330 5027 curam
1374 4973 1665 5038 commisit,
1697 4984 1757 5026 ut
1795 4989 1919 5026 eunt
1959 4972 2166 5026 scilicet
2190 4989 2288 5025 cu-

2398 5001 2416 5032 ι
2457 4981 2685 5052 Ποίησον
2718 4983 2940 5050 ἀγάπην
2965 4981 3060 5033 καὶ
3089 4982 3372 5052 φρόντισον
3395 4977 3584 5046 αὐτοῦ,
3610 4979 3687 5041 ὡς
3710 4973 3862 5035 οἶδας.
3891 4991 3906 5021 ι

745 5084 940 5131 mrem,
975 5078 1034 5121 ut
1066 5067 1192 5118 mihi
1227 5066 1398 5118 visum
1439 5074 1607 5138 esset.
1654 5064 1868 5116 Accessi
1902 5077 1934 5116 e
1969 5061 2195 5130 vestigio
2219 5061 2287 5115 ad

2398 5065 2520 5125 Τότε
2572 5071 2829 5142 λαμϐάνω
2873 5070 3054 5136 αὑτὸν,
3082 5070 3192 5124 ’καὶ
3232 5069 3376 5136 λέγω
3404 5067 3483 5139 τῷ
3518 5066 3800 5136 κελλαρίτη
3836 5062 3909 5114 ἐπὶ

742 5171 1103 5218 monimntum,
1159 5155 1525 5223 itnperavique
1557 5153 1655 5213 illi.
1694 5160 1753 5204 ut
1775 5165 2100 5224 quacunque
2154 5151 2286 5205 liora

2398 5165 2554 5218 αὑτοῦ
2573 5182 2585 5193 ·
2611 5186 2628 5216 ι
2656 5165 2880 5234 Ποίησον
2895 5161 3134 5233 ἀγάπην,
3149 5161 3242 5214 καὶ
3256 5159 3374 5214 οἵαν
3393 5162 3540 5232 ὥραν
3557 5159 3768 5229 ἔρχεται
3781 5150 3908 5212 οὗτος

743 5255 907 5300 frater
936 5247 1093 5298 edere
1130 5243 1307 5306 vellet,
1341 5245 1471 5296 nihil
1507 5245 1554 5297 ei
1587 5250 1826 5312 negaret,
1857 5244 2039 5295 omnia
2068 5252 2288 5310 praesta-

2398 5255 2418 5305 ὁ
2443 5251 2664 5320 ἁδελφὸς
2682 5250 2815 5320 πρὸς
2831 5248 2910 5312 σὲ,
2922 5249 3008 5312 δὸς
3029 5248 3176 5319 αὐτῷ
3188 5249 3288 5302 ὅσα
3303 5248 3462 5314 θέλει,
3475 5251 3571 5302 καὶ
3589 5245 3748 5317 μηδὲν
3761 5243 3906 5297 κωλύ-

743 5349 840 5390 ιοιι.
891 5335 1091 5405 Sicque
1134 5347 1193 5388 ut
1224 5337 1631 5404 imperaveram,
1682 5332 2060 5404 agebat.'lties
2103 5333 2284 5400 itaque

2398 5359 2490 5415 ςῃς
2505 5342 2687 5396 αὑτοῦ.
2719 5361 2736 5392 ι
2756 5338 3016 5404 Ἀκούσας
3031 5343 3060 5394 ὂ
3079 5337 3415 5410 κελλαρίτης,
3429 5340 3576 5407 λέγει
3596 5354 3682 5406 μοι
3696 5353 3710 5366 ⁸
3735 5356 3753 5388 ι
3780 5334 3906 5389 '31:!-

741 5431 947 5497 aliquot
995 5429 1138 5483 cavit
1187 5443 1217 5479 a
1260 5427 1404 5481 furto
1458 5427 1667 5481 frater:
1700 5426 1908 5481 scilicet
1959 5442 2064 5478 nott
2118 5426 2286 5478 multo

2398 5436 2611 5500 λευσας,
2639 5433 2809 5494 οὕτως
2845 5431 3003 5485 ποιῶ.
3043 5451 3062 5484 ι
3086 5432 3237 5484 Ποιεῖ
3259 5432 3429 5494 οὕτως
3468 5431 3654 5498 ὀλίγας
3679 5425 3904 5500 ἡμέρσςό

741 5521 864 5587 post
894 5519 961 5572 ad
987 5524 1075 5572 me
1108 5518 1252 5571 venit
1283 5534 1404 5571 cum
1448 5517 1698 5588 laerymis
1743 5516 1968 5570 dicens:
2009 5534 2028 5566 ι
2066 5516 2288 5585 ιειιοδοο

2399 5519 2621 5588 ἀδελφὸς
2650 5519 2851 5580 ἐκεῖνος
2869 5535 2883 5548 ·
2932 5519 3026 5570 καὶ
3053 5518 3266 5590 ἔρχεται
3294 5519 3466 5587 λέγων
3503 5534 3628 5588 μοι·
3666 5537 3682 5568 ι
3717 5512 3902 5585 Συγχῶ-

743 5608 899 5673 mihi,
936 5607 1169 5674 domine,
1199 5609 1325 5677 quia
1353 5607 1528 5660 adlmc
1556 5611 1622 5661 ad
1651 5607 1850 5660 furtum
1886 5605 2170 5674 pristinum
2204 5621 2287 5660 re-

2398 5608 2558 5676 ρησόν
2603 5606 2714 5677 μοί,
2758 5605 2905 5677 κῦρι,
2951 5607 3033 5660 ὅτι
3079 5608 3333 5678 ἠρξάμην
3381 5606 3544 5662 πάλιν
3592 5607 3840 5660 κλέπτειν.
3879 5617 3894 5649 ι

744 5703 840 5755 dii.
879 5719 898 5753 ι
939 5699 1016 5754 Ad
1052 5699 1194 5764 hunc
1236 5714 1335 5767 ego
1369 5713 1683 5758 conversus.
1717 5697 2032 5751 sciscitabar
2060 5712 2158 5750 cur
2188 5699 2289 5750 hoc

2398 5700 2551 5766 Λέγω
2578 5697 2756 5766 αὐτῷ·
2797 5716 2817 5748 ι
2850 5697 2950 5751 Διά
2989 5699 3042 5751 τί
3085 5702 3146 5752 οὐ
3184 5699 3410 5768 παρέχει
3450 5714 3532 5751 σοι
3563 5699 3594 5751 ὁ
3621 5693 3901 5766 κελλαρίτης

745 5793 968 5855 laceret,
997 5798 1091 5843 aut
1129 5792 1174 5846 si
1202 5799 1474 5859 pateretur
1507 5787 1770 5856 repulsam
1819 5787 1980 5842 ullam
2027 5789 2094 5843 ab
2139 5803 2285 5842 ωρο-

2398 5793 2445 5842 εῖ
2471 5809 2522 5843 τι
2551 5789 2752 5854 θέ>.εις;
2783 5807 2802 5841 ι
2841 5788 2979 5844 Ναί·
3015 5789 3384 5861 συγχώρησον,
3413 5789 3513 5843 ὅσα
3543 5789 3681 5845 θέλω
3712 5780 3900 5856 παρίκει
