4020 6340
43 452 182 515 Ῑῗςὶἷ)

1406 455 1777 516 DOCTRINA
1811 457 1938 519 XII.

3194 449 3297 520 750

42 582 97 620 το
129 572 645 642 παραμυθήσασθαί
675 590 743 643 με
767 572 960 643 μικρδν
997 575 1305 642 ἀπαγαγεῖν
1333 579 1397 628 ἐκ
1416 574 1509 626 τοῦ
1537 572 1633 624 πό-

1748 573 1993 637 irhitror,
2021 589 2087 626 ex
2112 573 2215 627 hoc
2246 572 2460 636 facturi,
2490 579 2544 625 et
2577 585 2661 624 me
2703 567 2956 623 amictum
3008 581 3073 620 ex
3111 566 3300 620 dolore

42 679 159 721 νου,
219 663 320 716 καὶ
341 663 402 715 τὸ
426 662 610 716 δοῦναι
644 664 897 735 ἀφορμὴν
936 665 1162 733 λαλῆσαι
1193 666 1374 729 αὐτοῖς
1400 683 1453 718 τι
1501 666 1629 735 περὶ

40 744 333 810 ἀφελείας.
397 746 538 798 Ἀλλ’
577 747 766 817 ἐπειδὴ
807 749 865 800 οὺ
913 750 1210 819 συνεχώρει
1266 766 1354 818 μοι
1397 750 1426 800 ό
1472 752 1629 812 πόνος

42 833 287 902 λαλῆσαι
330 834 459 904 ὑμῖν
505 837 557 890 εῐ
589 854 645 890 τι
702 837 890 907 ἤθελον
924 839 1065 904 τότε,
1120 839 1281 909 χρεία
1316 841 1462 892 ἐστὶν
1506 839 1631 910 ἄρτι

44 923 287 977 ἀκοῦσαι
347 926 472 995 περὶ
522 927 711 980 τούτου
762 945 775 958 ·
843 928 958 981 ἔστι
1016 931 1125 1000 γὰρ
1164 930 1260 983 καὶ
1321 930 1528 1001 τερπνὴ
1595 930 1630 1000 ἡ

45 1014 309 1084 διήγησις
331 1016 433 1084 τῆς
464 1016 697 1087 θλίψεως
731 1020 869 1088 μετά
902 1019 1000 1090 τὴν
1048 1019 1246 1090 θλίψιν.
1280 1021 1391 1075 Καὶ
1423 1023 1504 1084 είς
1534 1020 1634 1090 τὴν

45 1104 359 1166 θάλασσαν,
412 1110 501 1161 ὅτε
557 1110 908 1180 ἐπεγείρεται
972 1108 1147 1180 ζάλη,
1214 1113 1300 1166 ἀεὶ
1360 1112 1636 1166 θλίϐονται

51 1198 262 1262 πάντες
287 1216 302 1228 ·
358 1202 497 1268 μετᾶ
524 1201 586 1254 τὸ
612 1201 899 1272 παρελθεῖν
931 1204 1030 1276 τὴν
1069 1205 1261 1274 ζάλην.
1298 1203 1434 1275 μετὰ
1464 1205 1638 1276 χαρᾶς

51 1290 138 1342 ἀεὶ
181 1292 505 1361 διηγοῦνται
551 1293 798 1365 ἀλλήλοις
851 1297 1175 1367 τερπόμενοι
1217 1297 1287 1349 τὰ
1333 1294 1636 1365 συμϐάντα.

55 1383 168 1435 Καὶ
202 1384 373 1436 καλὸν
428 1385 595 1449 ἐστιν,
642 1385 881 1455 ἀδελφοὶ,
933 1387 1116 1449 καθὼς
1161 1388 1248 1441 ἀεὶ
1294 1386 1439 1453 λέγω
1490 1387 1639 1457 ὑμῖν,

52 1474 296 1527 ἕκαστον
326 1476 560 1545 πρᾶγμα
596 1478 689 1530 ἐπὶ
724 1476 815 1530 τὸν
846 1476 978 1532 Θεὸν
1009 1478 1263 1546 ἀνάγειν,
1293 1477 1386 1531 καὶ
1419 1477 1596 1545 λέγειν
1624 1514 1641 1536 ,

54 1566 135 1616 ὅτι
194 1566 355 1628 ἐκτὸς
412 1568 506 1620 τοῦ
564 1568 699 1622 Θεοῦ
754 1554 907 1622 οὐδὲν
965 1569 1193 1638 γίνεταιο
1235 1569 1370 1623 ἀλλὰ
1425 1571 1644 1632 πάντως

54 1654 234 1719 οὕτως
267 1653 408 1710 οἶδεν
440 1660 469 1712 ὁ
494 1659 623 1725 Θεὸς
654 1662 735 1715 ὅτι
765 1662 927 1715 καλόν
952 1665 1066 1716 ὲστι
1093 1664 1189 1717 καὶ
1219 1661 1517 1733 συμφέρον,
1551 1664 1645 1715 καὶ

57 1743 235 1809 οὕτως
294 1747 521 1818 ἐποίησε

58 1840 298 1908 πρᾶγμα
332 1860 341 1869 ·
379 1835 566 1901 οἷόν-ιι
589 1840 763 1909 λέγωο
811 1841 1109 1912 Ἐδυνάμην
1139 1842 1328 1905 εἰπεῖν,
1359 1842 1439 1893 ὅτι
1461 1840 1646 1909 ἐπειδὴ

586 1766 599 1779 ·
648 1748 752 1801 κᾶν
798 1748 895 1819 ἔχῃ
940 1749 1140 1812 ἔξωθεν
1186 1747 1365 1801 αἰτίαν
1413 1748 1536 1800 τινὰ
1584 1748 1647 1799 τὸ

1728 664 2063 719 consolaturi
2094 680 2158 717 ac.
2185 662 2505 727 recreaturi,
2542 669 2596 714 et
2627 660 2757 713 mihi
2790 657 2895 727 ipsi
2950 655 3295 711 occasionem

1727 758 2121 825 materiamque
2160 756 2360 818 daturi,
2416 765 2474 808 ut
2522 752 2630 807 illis
2689 748 2893 819 aliquid
2946 746 3199 801 utilitatis
3246 753 3297 797 et

1729 848 2099 903 :cdilicationis
2119 848 2186 901 de
2214 862 2363 901 more
2414 857 2760 915 exponerem.
2791 838 2894 894 Sed
2920 837 3173 908 quoniam
3192 850 3296 888 non

1732 938 1978 1008 permisit
2016 952 2101 989 me
2128 936 2284 991 dolor
2315 935 2417 989 fari
2447 948 2567 1002 quae
2601 932 2818 994 vellem,
2846 942 3022 997 opera;
3068 925 3299 995 pretium

1729 1028 1836 1081 erit
1853 1027 2072 1083 nuncde
2090 1025 2404 1095 ipsodolore
2449 1021 2651 1093 aliquid
2672 1021 2876 1076 dicere.
2894 1016 3138 1073 Jucunda
3155 1014 3305 1069 enim

1731 1135 1853 1175 esse
1876 1120 2013 1176 solet
2029 1119 2333 1175 alliictionis
2353 1127 2406 1173 et
2428 1115 2649 1187 periculi
2671 1122 2794 1183 post
2808 1110 3304 1182 periculumipsnm

1734 1212 1998 1267 narratio.
2033 1210 2099 1265 Et
2134 1211 2185 1265 in
2206 1210 2340 1264 mari
2364 1208 2582 1279 quidem
2618 1219 2740 1259 cum
2774 1212 2938 1258 aestus
2959 1200 3137 1265 fuerit,
3171 1196 3304 1251 allii-

1737 1310 1936 1373 guntur
1967 1316 2159 1356 omnes
2188 1309 2450 1369 quotquot
2477 1298 2529 1351 in
2551 1295 2672 1350 navi
2698 1292 2925 1357 fuerint;
2957 1305 3079 1347 cum
3126 1296 3300 1341 autem

1740 1392 2109 1460 tranquillitas
2134 1391 2375 1453 redierit,
2410 1390 2513 1443 laeti
2541 1401 2731 1441 omnes
2776 1384 2920 1438 inter
2973 1396 3034 1437 se
3078 1387 3301 1435 narrant

1742 1482 2078 1552 tempestatis
2106 1482 2410 1538 horrorem.
2436 1479 2712 1547 Optimum
2746 1482 2849 1537 est,
2894 1471 3115 1533 fratres,
3161 1468 3304 1537 quod

1744 1590 1827 1628 me
1858 1574 2179 1644 plerumque
2201 1574 2355 1627 vobis
2410 1571 2627 1625 memini
2680 1567 2906 1630 dixisse,
2946 1571 3004 1617 ut
3042 1560 3302 1631 quidquid

1744 1667 1903 1722 nobis
1935 1666 2197 1729 evenerit,
2223 1666 2274 1727 id
2308 1666 2481 1733 ipsum
2513 1663 2580 1717 ad
2616 1660 2785 1715 Deum
2806 1657 2949 1714 illico
2981 1652 3301 1715 referamus,

1744 1756 2099 1825 dicamusque
2128 1755 2262 1808 nihil
2297 1754 2409 1807 fieri
2439 1755 2645 1819 absque
2676 1758 2813 1803 nutu
2839 1754 2893 1801 et
2921 1742 3194 1797 voluntate
3223 1740 3305 1792 di-

1747 1845 2464 1915 vina,prchgnovisseque
2521 1843 2687 1896 Deum
2746 1838 2797 1891 id
2858 1835 3013 1890 nobis
3061 1830 3335 1886 futurum.

62 1928 271 1999 ἔφαγον
313 1934 451 2001 μετά
481 1930 666 1996 ξένων,
700 1933 797 1986 καὶ
841 1934 1033 2005 μικρὸν
1074 1933 1381 2004 ἐϐιασάμην
1411 1932 1528 2002 μετ’
1549 1934 1646 1985 αὺ-

1749 1938 1897 2003 utile,
1933 1945 2095 2007 atque
2122 1935 2255 1990 adeo
2282 1935 2621 2004 permisisse,
2654 1929 2870 1986 etiamsi
2903 1944 2989 1982 res
3034 1926 3149 1994 ipsa
3177 1924 3307 1976 cau-'

59 2021 169 2073 τῶν
198 2021 291 2075 διὰ
328 2021 390 2075 τὸ
420 2022 733 2077 ἀναπαῦσαι
761 2023 978 2087 αὐτοὺς,
1005 2022 1276 2094 ἐϐαρύνθη
1305 2023 1334 2075 ὁ
1370 2021 1638 2093 στόμαχός

66 2131 191 2182 μου,
220 2115 318 2167 καὶ
349 2115 567 2183 ἐγένετο
594 2115 821 2189 σύρροια
851 2118 931 2179 είς
957 2116 1047 2169 τὸν
1078 2115 1213 2169 πόδα
1245 2132 1367 2187 μου,
1388 2115 1642 2169 κάκεῖθεν

62 2206 474 2279 ἐρευματίσθην
502 2224 516 2239 ο
550 2208 582 2278 ἦ
618 2208 712 2262 καὶ
742 2209 907 2272 ἄλλας
928 2207 1215 2279 διαφόρους
1231 2208 1426 2271 αἰτίας⁹
1454 2208 1514 2261 οὐ
1534 2207 1644 2259 λεί-

66 2314 228 2351 πουσι
276 2298 387 2371 γὰρ
433 2298 514 2369 τῷ
544 2299 773 2354 θέλοντι.
824 2300 982 2354 Ἀλλά
1010 2300 1072 2351 τὸ
1117 2299 1503 2370 ἀκριϐέστερον
1550 2300 1645 2352 καὶ

66 2390 369 2459 ὠφέλιμον,
444 2390 605 2445 τοῦτο
652 2392 851 2462 μᾶλλόν
906 2393 1085 2454 ἐστιν,
1138 2392 1220 2443 ὅτι
1282 2390 1453 2452 οὕτως
1505 2386 1646 2442 οἶδεν

68 2480 276 2543 όΘεὸς,
326 2482 409 2533 ὅτι
456 2482 726 2553 συμφέρει
779 2485 845 2551 τῇ
910 2480 1052 2550 ψυχῇ
1115 2496 1255 2551 μου,
1320 2480 1414 2532 καὶ
1475 2477 1646 2540 οὕτως

71 2568 323 2635 ἐγένετο·
349 2568 503 2621 οὐδὲν
541 2568 650 2639 γάρ
685 2571 835 2622 ἐστιν
866 2562 942 2621 ὧν
982 2569 1126 2621 ποιεῖ
1152 2568 1180 2620 ό
1213 2567 1366 2630 Θεὸς,
1397 2568 1426 2620 ὃ
1465 2584 1518 2620 τι
1549 2568 1649 2621 οὐκ

71 2659 183 2711 ἔστι
212 2659 397 2721 καλὸν,
440 2658 577 2712 ἀλλά
606 2660 786 2713 πάντα
822 2659 960 2713 καλά
992 2659 1131 2713 λίαν.
1188 2658 1262 2712 Οὐ
1293 2659 1373 2713 δεῖ
1393 2655 1486 2712 οὖν
1528 2677 1652 2713 τινα.

70 2749 305 2818 ἀθυμεῖν
368 2749 464 2802 ἐπὶ
528 2752 639 2813 τοῖς
704 2749 1093 2821 συμϐαίνουσιν
1149 2762 1167 2780 ο
1237 2748 1371 2802 ἀλλά
1434 2750 1647 2812 πάντα,

72 2841 145 2903 ὡς
189 2834 368 2903 εἷπον,
430 2841 524 2895 ἐπὶ
566 2842 667 2915 τὴν
716 2840 975 2914 πρόνοιαν
1023 2840 1115 2895 τοῦ
1177 2842 1312 2896 Θεοῦ
1359 2843 1651 2913 ἀναφέρειν

881 2952 1024 2999 τινες
1101 2936 1179 2998 εἰς
1239 2935 1487 2989 τοσοῦτον
1558 2936 1652 2987 ἐπὶ

75 2935 165 2985 καὶ
231 2932 630 2989 ἀναπαύεσθαι.
696 2935 816 2988 Εἰσί

72 3027 191 3088 ταῖς
260 3024 689 3093 συμϐαινοὺσαις
760 3026 971 3095 θλίψεσι
1056 3027 1467 3099 βαρυνόμενοι.,
1512 3027 1651 3081 ὥστε

77 3119 162 3167 καὶ
217 3116 393 3187 αὐτὴν
416 3116 516 3186 τὴν
551 3116 695 3188 ζωὴν
732 3117 1122 3186 ἀπολέγεσθαι,
1164 3119 1259 3171 καὶ
1300 3119 1471 3187 ἡδέως
1510 3120 1653 3189 ἔχειν

74 3207 163 3259 τοῦ
192 3208 511 3273 ἀποθανεῖν,
540 3210 616 3273 ὡς
634 3209 721 3264 διὰ
758 3211 915 3264 τοῦτο
952 3210 1331 3281 ἀπαλλαγῆναι
1360 3228 1375 3242 ⁸
1414 3212 1570 3265 τοῦτο
1596 3214 1651 3266 δὲ

1740 2042 1854 2082 sam
1884 2027 2117 2097 aliquam
2177 2025 2498 2081 exteriorem
2570 2020 2769 2075 habere
2805 2017 3093 2093 videregur.
3154 2010 3308 2078 Quod

1740 2119 1986 2189 exemplo
2004 2127 2188 2174 nostro
2203 2116 2402 2172 clarius
2418 2114 2539 2169 erit.
2566 2111 2785 2166 Possem
2808 2123 2915 2179 ego
2937 2121 3081 2189 nunc
3108 2105 3307 2161 dicere,

1742 2186 1984 2279 quod-ex
2003 2225 2111 2279 quo
2147 2208 2368 2262 advenis
2412 2206 2497 2260 his
2536 2203 2737 2258 nostris
2776 2199 3001 2255 conviva
3053 2186 3149 2258 fui,
3200 2208 3312 2248 meo

1742 2316 1849 2370 que
1877 2302 2050 2371 ipsum
2075 2300 2300 2353 invitum
2333 2298 2397 2349 ad
2426 2296 2606 2350 cibum
2637 2293 2788 2364 coegi
2821 2299 2880 2346 ut
2934 2288 3055 2343 illos
3078 2286 3315 2341 recrea-

1743 2408 1881 2457 rem,
1908 2391 2196 2446 stomacho
2236 2398 2563 2458 aggravatus
2601 2402 2745 2450 sum,
2780 2392 2833 2438 et
2863 2383 3091 2437 humore
3124 2378 3177 2430 in
3218 2392 3314 2446 pc-

1745 2485 1866 2540 dem
1897 2484 2187 2547 defluente,
2217 2483 2341 2536 hinc
2368 2481 2648 2535 cruciatus
2679 2488 2733 2532 et
2754 2476 2979 2531 all'ectus
3004 2482 3112 2526 tam
3163 2470 3311 2539 gravi

1748 2576 1935 2631 dolore
1968 2590 2125 2638 sum;
2150 2580 2316 2640 atque
2341 2571 2476 2623 alias
2503 2570 2816 2621 innumeras
2831 2572 2888 2617 et
2910 2563 3153 2617 diversas
3182 2573 3315 2611 can-

1748 2682 1838 2721 sas
1869 2665 2138 2727 alTerrem,
2191 2677 2313 2731 quin
2348 2660 2545 2715 volenti
2605 2670 2871 2723 nusquam
2933 2652 3197 2705 deessent.
3250 2648 3315 2697 At

1749 2752 1943 2807 melius
1976 2761 2029 2806 et
2057 2748 2435 2804 rationabilius
2477 2754 2561 2803 est
2594 2747 2773 2801 dicere
2801 2744 2904 2796 hoc
2966 2741 3142 2808 ipsum
3192 2752 3312 2804 per-

1750 2843 1968 2899 misisse
2003 2841 2197 2904 Deum,
2228 2841 2354 2909 quia
2386 2841 2582 2894 animae
2612 2850 2743 2892 meae
2779 2839 3091 2905 praestaret;
3146 2838 3198 2881 et
3237 2830 3317 2877 sic

1753 2936 1937 3004 utique
1964 2933 2235 2989 existimo.
2258 2930 2405 2985 Nihil
2437 2930 2582 2983 enim
2622 2937 2706 2983 est
2766 2938 2955 2980 eorum
3018 2934 3137 2991 quae
3192 2917 3317 2971 fecit

1738 3017 1919 3088 'Deus,
1943 3024 2089 3093 quod
2125 3038 2231 3076 non
2262 3023 2334 3074 sit
2368 3020 2656 3089 optimum,
2692 3016 2846 3085 juxta
2877 3011 3020 3082 quod
3078 3009 3269 3065 dicitur
3300 3026 3309 3057 :

1756 3118 1851 3171 Dei
1874 3134 2032 3186 opera
2061 3133 2169 3170 esse
2200 3117 2381 3168 omnia
2410 3116 2547 3165 bona
2575 3112 2723 3165 valde
2755 3118 2797 3162 ε.
2832 3108 3009 3173 Quare
3028 3102 3314 3159 dolendum

1756 3207 1958 3262 nemini
1981 3216 2111 3275 puto
2137 3207 2187 3258 in
2217 3205 2302 3258 his
2340 3219 2460 3271 qua:
2496 3202 2597 3255 sibi
2625 3199 2971 3268 contigerint,
3015 3194 3107 3249 sed
3140 3193 3316 3246 omnia

77 3300 177 3352 ἀπὸ
207 3300 573 3370 μικροψυχίας
611 3300 704 3353 καὶ
746 3301 944 3370 πολλῆς
980 3275 1253 3369 ἀγνωσίας
1292 3304 1487 3373 πάσχει
1518 3321 1601 3365 τις
1625 3342 1639 3362 ,

1750 3313 1903 3367 teque
1950 3297 2016 3351 ad
2086 3294 2178 3350 Dei
2256 3293 2641 3362 providentiam
2696 3287 2995 3349 referenda,
3052 3294 3212 3351 atque
3243 3286 3315 3334 ita

75 3389 281 3454 ἀγνοῶν
300 3391 402 3461 τὴν
427 3389 663 3461 φοϐερὰν
680 3391 923 3463 ἀνάγκην
950 3393 1050 3463 τὴν
1079 3393 1215 3464 μετὰ
1233 3394 1329 3463 τὴν
1351 3394 1524 3461 ἔξοδον
1542 3394 1642 3461 τῆς

74 3479 244 3552 φιλῇς
275 3482 387 3536 ἀπὸ
418 3481 512 3535 τοῦ
544 3482 818 3553 σώματος.

1746 3398 2063 3448 ωειιιειηιειη
2116 3388 2357 3440 animum
2402 3394 2456 3437 et
2506 3382 2779 3436 turbatum
2822 3376 3137 3432 sedandum.
3182 3372 3320 3423 Sunt

1746 3492 1928 3539 autem
1962 3479 2205 3535 nonnulli
2238 3479 2287 3530 in
2327 3477 2411 3529 his
2462 3488 2582 3543 quae
2616 3472 2716 3525 sibi
2750 3469 3041 3523 acciderint
3071 3465 3317 3521 adversa,

80 3574 206 3629 adeo
240 3575 591 3643 impatientes
613 3584 668 3630 et
688 3576 917 3639 debiles,
948 3585 1005 3629 ut
1042 3576 1165 3630 vitze
1199 3576 1296 3647 ipsi
1359 3579 1741 3633 abrenuntient
1798 3585 1853 3629 et
1891 3575 2032 3629 mori
2090 3578 2277 3641 optent
2320 3576 2379 3621 ut
2442 3568 2527 3620 his
2603 3564 2917 3617 liberentur.
2980 3558 3133 3625 Quod
3189 3572 3316 3609 san-

79 3678 140 3715 cx
175 3662 629 3733 pusillanimitate
692 3674 853 3733 atque
920 3665 1223 3732 ignorantia
1287 3669 1549 3735 pret-edit.
1605 3668 1860 3738 Ignorant
1896 3665 2042 3719 enim
2076 3663 2130 3716 hi
2164 3661 2458 3717 terribilem
2518 3656 2891 3711 necessitatem
2944 3670 3066 3724 quae
3130 3656 3318 3708 animae

83 3754 367 3817 incumbit,
395 3768 521 3807 cum
548 3768 577 3808 e
606 3768 837 3824 corpore
875 3770 1091 3825 egressa
1116 3766 1220 3811 est.

145 3850 219 3903 B’.
248 3848 480 3917 Μεγάλη
507 3848 885 3919 φιλανθρωπία
906 3851 1001 3905 τοῦ
1022 3851 1177 3915 Θεοῦ,
1214 3853 1449 3921 ἀδελφοὶ,
1477 3856 1537 3906 τὸ
1565 3850 1643 3905 εἶ-

86 3958 163 3992 ναι
194 3941 341 4010 ἡμᾶς
364 3940 447 4003 είς
466 3938 653 3993 τοῦτον
685 3941 776 3993 τὺν
808 3944 1030 4011 κόσμου’
1059 3944 1172 3997 ἀλλ’
1195 3947 1352 4015 ἡμεῖς
1386 3945 1645 4012 ἀγνοοῦν-

83 4048 167 4094 τες
189 4032 256 4084 τά
285 4033 424 4093 ἐκεῖ,
450 4030 621 4109 βαρέα
668 4030 937 4103 βλέπομεν
973 4034 1041 4087 τὰ
1080 4030 1203 4088 ὦδε·
1237 4036 1331 4088 καὶ
1370 4036 1468 4088 οἰκ
1504 4037 1649 4089 ἔστιν

86 4120 267 4185 οὕτως.
300 4123 418 4176 Οὐκ
473 4123 651 4176 οἴδατε
700 4125 759 4176 ὲν
811 4123 889 4193 τῷ
928 4125 1227 4195 γεροντικῷ
1260 4126 1312 4177 τί
1346 4125 1523 4194 λέγει;
1567 4129 1649 4181 ὃτι

89 4212 362 4286 ἠρώτησεν
395 4212 619 4283 ἀδελφὸς
653 4216 793 4269 πάνυ
833 4217 1070 4288 ἐργάτης
1111 4218 1232 4270 τινά
1278 4220 1531 4290 γέροντα,
1560 4219 1650 4271 λέ-

92 4326 211 4375 γων’
243 4328 263 4360 ι
298 4308 366 4362 Ἦ
392 4307 538 4377 ψυχή
575 4324 678 4378 μου
707 4310 965 4381 ἐπιθυμεῖ
990 4312 1080 4363 τὸν
1101 4311 1347 4365 Θάνατονο
1384 4332 1401 4364 ι
1435 4313 1529 4367 καὶ
1562 4312 1653 4366 λέ-

92 4414 170 4465 γει
196 4399 345 4471 αὐτῷ
384 4399 413 4450 ὁ
454 4397 652 4470 γέρων
682 4421 700 4454 ι
740 4401 958 4472 Ἐπειδὴ
984 4402 1083 4468 τὴν
1118 4402 1295 4472 θλίψιν
1328 4403 1528 4474 φεύγῃ,
1560 4406 1655 4457 καὶ

93 4487 182 4539 οὐκ
200 4483 346 4551 οἶδας
375 4488 458 4541 ὅτι
482 4490 515 4557 ἠ
536 4488 803 4559 μέλλουσα
828 4488 1004 4559 θλίψις
1028 4490 1164 4543 πολὺ
1187 4492 1386 4563 χείρων
1413 4491 1526 4545 ἐστὶ
1556 4494 1655 4561 τῆς

95 4576 333 4633 ἐνταῦθα.
368 4595 389 4627 ι
431 4577 543 4630 Καὶ
588 4580 748 4645 ἄλλος
783 4581 983 4649 ὁμοίως
1012 4581 1263 4652 ἠρώτησε
1300 4585 1528 4655 γέροντα
1566 4584 1653 4636 λέ-

97 4683 215 4734 γων’
251 4690 270 4723 ι
308 4669 483 4725 Πόθεν
508 4668 715 4739 ἀκηδιῶ
732 4668 1037 4741 καθήμενος
1060 4672 1117 4723 ὲν
1138 4671 1215 4741 τῷ
1240 4672 1434 4743 κελλίῳ
1464 4691 1565 4743 μου
1588 4690 1601 4737 ;
1630 4693 1647 4725 ι

100 4758 197 4812 Καὶ
217 4760 366 4831 λέγει
400 4760 550 4830 αὐτῷ
577 4760 607 4813 ό
633 4759 832 4830 γέρων’
866 4778 883 4810 ι
926 4759 1044 4813 Ὀτι
1068 4761 1251 4831 ἀκμὴν
1278 4762 1379 4832 οὐχ
1406 4762 1654 4833 ἑώρακας

98 4847 210 4903 οὔτε
226 4852 324 4924 τὴν
356 4850 721 4922 ἐλπιζομένην
746 4849 1075 4915 ἀνάπαυσιν,
1106 4852 1229 4906 οὔτε
1261 4852 1360 4923 τὴν
1393 4856 1656 4925 ἐσομένην

102 4940 326 4997 κόλασιν.
368 4944 436 4999 Et
468 4943 577 5015 γὰρ
617 4936 732 5017 ἴδῃς
760 4942 1004 5012 ἀκριϐῶς
1032 4943 1228 5007 ταῦτα,
1268 4946 1317 4997 εἰ
1361 4947 1656 5015 σκωλήκων

103 5030 249 5105 ἔγεμε
304 5034 369 5087 τὸ
410 5034 618 5087 κελλίον
665 5027 781 5100 σόν,
808 5033 950 5088 ὥστε
979 5051 1038 5089 σε
1076 5037 1134 5089 ἐν
1159 5034 1342 5099 αὐτοῖς
1383 5036 1655 5090 δεδυκέναι

106 5124 195 5188 tu;
243 5122 542 5196 τραχήλου,
585 5124 855 5197 ὐπέμενες
902 5125 969 5180 ἂν
1021 5127 1096 5198 μὴ
1137 5127 1391 5197 ἀκηδιῶν.
1432 5147 1450 5177 ι
1514 5128 1655 5182 Ἀλλ’

111 5212 247 5281 ἡμεῖς
268 5214 366 5268 καὶ
393 5212 721 5284 κοιμώμενοι
748 5214 972 5286 Θέλομεν
995 5216 1253 5286 σωθῆναι,
1278 5218 1373 5270 καὶ
1395 5216 1481 5269 διὰ
1500 5218 1657 5271 τοῦτο

110 5301 463 5375 ὀλιγωροῦμεν
491 5303 548 5357 ἐν
571 5306 689 5367 ταῖς
718 5304 983 5375 θλίψεσιν·
1014 5306 1315 5375 ὀφείλοντες
1343 5307 1541 5377 μᾶλλον
1572 5311 1660 5362 εὐ-

112 5400 368 5463 χαριστεῖν
404 5393 482 5465 τῷ
510 5394 628 5466 Θεῷ
654 5397 748 5449 καὶ
778 5397 1101 5468 μακαρίζειν
1132 5399 1376 5461 ἑαυτοὺς,
1412 5400 1492 5452 ὅτι
1525 5402 1660 5463 ὅλως

114 5483 393 5555 ἀξιούμεθα
427 5485 624 5558 μικρὸν
677 5486 925 5559 θλιϐῆναι
971 5481 1094 5551 ὧδε,
1122 5488 1208 5542 ἴνα
1252 5491 1369 5542 ἐκεῖ
1410 5490 1652 5563 εὖρωμει

117 5577 304 5645 μικρὰν,
320 5578 651 5633 ἀνάπαυσιν.
681 5577 877 5649 Ἔλεγε
902 5582 995 5635 καὶ
1017 5583 1283 5652 Εὑάγριος
1302 5583 1385 5636 ὅτι
1408 5585 1659 5654 ἐμπαθὴς

119 5662 181 5715 ὢν
201 5668 289 5721 καὶ
315 5671 753 5744 προσευχόμενος
780 5674 1082 5746 ταχυτέραν
1118 5673 1268 5743 αὐτῷ
1302 5676 1521 5730 ἔσεσθαι
1563 5674 1660 5745 τὴν

177 5854 201 5882 ι
216 5843 345 5902 Gen.
392 5862 431 5914 ι,
467 5848 552 5906 3i.

1822 3848 1888 3900 ll.
1924 3845 2113 3913 Magna
2147 3854 2229 3898 cst
2260 3842 2350 3895 Dei
2388 3840 2695 3899 clementia,
2725 3839 2939 3900 fratres,
2973 3837 3099 3890 dum
3137 3837 3187 3889 in
3224 3836 3324 3890 hac

1755 3942 1867 3993 vita
1902 3950 2095 3993 sumus
2128 3953 2141 3987 ε
2181 3932 2273 3987 sed
2312 3933 2625 4001 ignorantes
2679 3944 2838 3997 quam
2894 3930 3139 3997 graviora
3195 3939 3322 3981 ευιιι

1758 4047 1880 4102 quae
1913 4041 2033 4098 pOSt
2060 4028 2267 4081 obitum
2300 4031 2694 4092 exspectamus,
2721 4020 2786 4073 ad
2818 4020 2931 4073 inec
2960 4029 3165 4073 tantum
3186 4036 3323 4088 pra-.-

1764 4124 1938 4179 sentia
1970 4120 2158 4175 oculos
2182 4117 2469 4180 ﬂectimus,
2506 4132 2627 4185 qua:
2652 4113 2894 4184 profecto
2922 4116 3168 4182 graviora
3215 4132 3321 4169 linit

1764 4225 1909 4271 sunt.
1938 4214 2017 4266 Au
2050 4210 2310 4281 ignoratis
2335 4210 2657 4263 sententiam
2685 4206 2825 4258 illam
2861 4206 2911 4257 in
2958 4206 3094 4259 libro
3144 4207 3320 4260 senio~

1762 4324 1904 4371 rum,
1928 4321 2051 4360 cum
2078 4304 2435 4369 interroganti
2463 4302 2616 4355 fratri
2645 4300 3118 4362 valdelaborioso,
3146 4310 3198 4351 et
3244 4302 3323 4351 di-

1759 4399 1898 4454 eenti
1919 4397 2062 4467 quod
2105 4398 2241 4450 mori
2278 4405 2504 4465 optaret,
2530 4392 2806 4461 respondit
2835 4409 2997 4449 senex
3036 4412 3046 4445 :
3089 4411 3107 4441 ι
3141 4390 3207 4443 Ut
3231 4393 3324 4442 tri-

1758 4491 2095 4546 bulationem
2130 4491 2306 4561 fugias
2348 4486 2489 4541 istud
2521 4487 2716 4555 optas?
2752 4484 2861 4541 Sed
2912 4487 3136 4554 ignoras
3179 4486 3321 4549 quod

1757 4600 1880 4653 quae
1912 4593 2139 4640 ventura
2170 4591 2317 4641 sunt,
2354 4579 2601 4649 graviora
2644 4588 2772 4633 sunt
2806 4588 2857 4633 et
2898 4578 3107 4631 acriora
3154 4576 3323 4629 multo

1688 4709 1728 4762 Β
1760 4672 1889 4729 his?
1917 4675 2070 4729 Alius
2102 4675 2225 4726 item
2255 4685 2377 4722 cum
2410 4684 2595 4723 senem
2627 4670 3034 4736 interrogasset,
3066 4666 3207 4719 unde
3237 4670 3325 4719 lic-

1763 4776 1845 4821 ret
1873 4766 2017 4836 quod
2056 4764 2156 4818 sibi
2188 4762 2474 4814 molestum
2500 4766 2644 4815 esset
2668 4761 2720 4813 in
2760 4759 2893 4813 cella
2923 4756 3131 4819 sedere,
3172 4771 3322 4811 acce-

1764 4859 1841 4929 pit
1874 4877 1887 4912 :
1920 4877 1937 4909 (
1969 4855 2107 4920 Quia
2135 4853 2374 4907 nondum
2396 4850 2786 4922 prospexistiin
2814 4847 3048 4901 futuram
3081 4846 3322 4916 requiem

1763 4952 1846 5007 vel
1869 4948 2236 5004 alllictionem.
2264 4945 2321 4999 Si
2346 4946 2492 4998 enim
2520 4946 2633 4999 haec
2686 4942 2867 4995 animo
2908 4940 3188 5008 diligenter
3245 4941 3327 4991 in-

1768 5041 1965 5111 Spicias
1987 5050 2041 5093 et
2062 5038 2361 5103 mediteris,
2398 5036 2614 5093 etiamsi
2669 5031 2802 5087 cella
2831 5042 2921 5085 tua
2954 5045 3166 5085 vermes
3204 5048 3328 5085 sca-

1767 5132 1935 5187 turiat
1963 5136 2021 5182 ut
2042 5128 2108 5183 ad
2132 5128 2333 5183 collum
2367 5143 2539 5197 usque
2563 5120 2903 5187 immergaris
2924 5121 2978 5174 in
3002 5120 3129 5184 illis,
3166 5121 3327 5174 susti-

1766 5237 1926 5277 neres
1965 5221 2153 5289 utique
2198 5221 2402 5289 absque
2449 5215 2694 5271 molestia
2728 5213 2837 5266 ulla
2888 5222 2941 5267 et
2996 5212 3325 5268 difﬁcultate.

1758 5313 1885 5374 Sed,
1914 5312 2015 5366 heu
2047 5326 2146 5367 nos
2169 5311 2429 5373 infelices,
2470 5306 2823 5377 dormitantes
2841 5301 3036 5361 salva’ri
3058 5305 3327 5372 cupimus.

1758 5415 1812 5460 et
1846 5405 1986 5459 inter
2012 5404 2396 5459 tribulationes
2426 5408 2480 5455 et
2528 5399 2809 5469 angustias
2865 5394 3184 5453 deﬁcimus!
3220 5396 3321 5460 Qlll
3381 5455 3389 5462 ι

1762 5493 1871 5549 Deo
1901 5493 2365 5564 magisindefcsse
2393 5490 2596 5560 gratias
2628 5505 2790 5559 agere
2822 5490 3162 5548 deberemus,
3196 5501 3325 5538 nos-

1761 5602 1867 5657 que
1900 5586 2089 5642 beatos
2112 5586 2447 5647 existimare,
2479 5581 2573 5651 qui
2600 5581 2771 5637 habiti
2794 5579 2953 5649 digni
2977 5591 3222 5633 essemus
3238 5574 3326 5630 hic

1760 5675 1965 5747 aliquid
1999 5677 2132 5747 pali,
2165 5686 2223 5731 ut
2248 5674 2367 5728 istic
2400 5674 2741 5744 postmodum
2784 5668 3024 5740 requiem
3064 5666 3355 5723 modicam
