4020 6340
691 437 809 501 1751

1882 434 1939 486 s.
1972 401 2364 488 bonorum
2403 430 2716 488 aena-“ris

3760 434 3882 498 1752

689 548 1109 602 inveniremus.»
1149 546 1339 598 Aiebat
1365 541 1627 611 Etugt'itts
1674 550 2015 610 peccatorem
2066 540 2231 593 humi“

2343 538 2537 602 ἔξοδον,
2563 540 2738 592 ἔοικεν
2778 539 3048 612 ἀνθρώπῳ
3088 542 3481 612 παρακαλοῦντι
3520 544 3617 597 τὸν
3654 543 3881 607 τέκτονα,

685 658 805 694 nem
840 641 932 709 qui
951 639 1116 692 Deum
1156 645 1390 707 rogaret.
1434 637 1594 688 vitam
1633 648 1789 688 suam
1816 633 1926 686 cito
1957 631 2245 685 terminare

684 733 944 793 i-t.tinire,
975 728 1208 782 similem
1227 728 1346 794 ejus
1390 741 1511 780 esse
1545 725 1640 794 qni
1683 722 1896 777 fabrum
1953 723 2243 792 lignarium

683 821 1016 880 obsecraret.
1062 829 1120 872 ut
1148 817 1396 872 lecticam
1423 815 1610 885 mgroti
1639 815 1749 868 cito
1789 821 2114 868 contereret.
2165 811 2244 867 Ex

683 925 912 977 corpore
941 909 1086 963 enim
1116 911 1219 961 hoc
1236 907 1311 971 ﬁt,
1351 917 1406 960 ut
1463 905 1644 958 anima
1673 918 1704 958 a
1740 903 1854 958 suis
1897 901 2243 973 passionibus

676 1009 1010 1054 avoceturet
1074 1010 1366 1060 recreetur,
1439 995 1713 1060 comedat,
1764 993 1936 1057 bibat,
1985 993 2239 1058 dormiat,

684 1092 1046 1160 colloquatur,
1076 1091 1350 1160 gradiatur
1385 1103 1508 1142 cum
1536 1087 1746 1141 amicis.
1769 1085 1904 1141 Cum
1939 1096 2120 1140 autem
2153 1101 2242 1139 so-

604 1207 607 1210 ·
685 1185 798 1238 luta
827 1183 989 1236 fuerit
1019 1182 1120 1236 hoc
1147 1195 1391 1248 corpore,
1421 1179 1536 1232 sola
1568 1179 1670 1231 erit
1714 1192 1841 1232 cum
1897 1176 2241 1246 passionibus

683 1273 825 1340 ejus.
849 1271 1081 1338 Ideoque
1113 1283 1334 1338 semper
1363 1267 1466 1322 sub
1490 1267 1624 1334 ipsis
1655 1274 1710 1320 et
1736 1265 1789 1318 in
1821 1266 1954 1333 ipsis
1981 1263 2242 1335 aﬂligetnr

683 1373 737 1416 et
759 1365 1007 1432 punietur
1033 1379 1046 1426 ;
1075 1363 1146 1414 ita
1177 1370 1237 1414 ut
1259 1360 1562 1414 disturbata
1585 1367 1638 1410 et
1661 1360 1880 1412 incensa
1930 1356 2000 1410 ab
2051 1371 2238 1422 earum
2280 1345 2288 1355 ’

681 1454 845 1525 430
872 1453 1137 1514 molestia,
1153 1452 1476 1520 diductaque
1489 1459 1543 1504 et
1562 1450 1805 1517 dispersa
1826 1463 1920 1517 per
1941 1447 2110 1513 varia,
2132 1463 2237 1501 non

685 1555 856 1612 queat
883 1546 1042 1598 etiam
1077 1543 1169 1597 Dei
1207 1542 1503 1596 reminisci.
1551 1539 1876 1594 Consolatur
1927 1540 2072 1593 cnim
2120 1541 2236 1591 ani-

680 1653 826 1691 mam
849 1637 1110 1691 memoria
1143 1633 1258 1695 Dei,
1313 1642 1374 1686 ut
1425 1633 1500 1686 ait
1541 1631 1810 1700 Propheta
1853 1631 1905 1683 in
1966 1629 2183 1684 Psalmo
2221 1649 2232 1679 :

681 1728 885 1782 .lllemor
901 1727 977 1796 fui
1002 1726 1117 1788 Dei,
1135 1734 1184 1779 et
1209 1725 1492 1778 delectatus
1519 1739 1635 1776 sunt
1655 1735 1704 1789 ﬂ;
1728 1721 1821 1777 sed
1840 1737 2013 1791 neque
2041 1721 2141 1774 hoc
2163 1721 2235 1772 illi

679 1819 960 1888 passiones
989 1815 1306 1871 concedent.
1336 1813 1491 1880 Quod
1516 1814 1678 1868 etiam
1712 1812 1916 1868 clarius
1943 1813 2117 1866 altero
2140 1801 2236 1879 pa;

2344 631 2550 700 ταχέως
2583 629 2866 702 συντρίψω
2901 630 3002 702 τὴν
3040 631 3226 702 κλίνην
3259 633 3352 686 τοῦ
3391 633 3761 698 ἀσθενοῦντος.
3795 637 3881 688 Διά

2344 722 2452 792 γάρ
2480 720 2574 774 τοῦ
2604 719 2855 792 σώματος
2875 721 3063 775 τούτου
3088 725 3412 794 ιτερισπᾶται
3437 726 3474 795 ἡ
3663 725 3770 778 ἀπὺ
3787 726 3882 778 in

2345 812 2529 866 παθῶν
2559 811 2752 881 αὐτῆς,
2779 811 2876 865 καὶ
2904 811 3319 883 παρακαλεῖται,
3349 815 3574 885 τρώγει,
3598 815 3762 880 πίνει,
3776 832 3881 869 κοι-

2346 905 2535 973 μᾶται,
2599 903 2992 973 συντυγχάνει,
3040 903 3311 972 ἀπάγεται
3371 905 3510 974 μετά
3574 907 3879 979 ἀγαπητῶν.

2355 991 2604 1046 Ἐπειδὰν
2640 991 2698 1044 δὲ
2721 990 2908 1063 ἐξέλθῃ
2937 993 3001 1045 ὲκ
3026 991 3120 1046 τοῦ
3154 991 3424 1065 σώματος,
3453 994 3709 1065 μονοῦται
3734 996 3879 1068 αὕτη,

2343 1085 2436 1135 καὶ
2479 1084 2549 1136 τὰ
2588 1083 2734 1153 πάθη
2761 1082 2969 1152 αὐτῆς,
2983 1082 3078 1136 καὶ
3107 1083 3294 1137 λοιπὸν
3333 1083 3620 1149 κολάζεται
3665 1087 3880 1141 πάντοτε

2344 1176 2434 1227 ὑπ’
2457 1174 2654 1238 αὐτῶν,
2681 1174 2762 1237 είς
2781 1173 2920 1227 αὐτά
2944 1172 3325 1245 ἀὼλεσχοῦσα,
3346 1175 3438 1229 καὶ
3458 1175 3763 1246 φλεγομένη
3789 1177 3884 1231 hab

2343 1264 2442 1332 τῆς
2467 1263 2742 1334 ὀχλήσεως
2775 1261 2979 1327 αὐτῶν,
3014 1264 3105 1316 καὶ
3136 1262 3642 1336 διασπαραττομένη
3670 1268 3763 1320 ὑπ’
3791 1269 3880 1320 αὐ-

2341 1352 2474 1419 τῶν,
2495 1353 2572 1418 ὡς
2602 1353 2735 1424 μηδὲ
2765 1352 3132 1425 μνημονεῦσαι
3155 1354 3291 1408 Θεοῦ
3312 1355 3588 1410 δύνασθαι.
3619 1357 3766 1428 Αὐτὴ
3787 1359 3884 1428 γὰρ

2339 1446 2372 1512 ἡ
2395 1445 2580 1514 μνήμη
2610 1444 2702 1497 τοῦ
2726 1433 2860 1501 Θεοῦ
2881 1445 3186 1514 παρακαλεί
3196 1445 3292 1515 τὴν
3310 1446 3504 1517 ψυχὴν,
3531 1447 3608 1512 ὡς
3623 1449 3717 1502 καὶ
3743 1450 3798 1500 ὲν
3814 1449 3885 1520 τῷ

2338 1533 2536 1604 ψαλμῴ
2553 1533 2720 1603 λέγει’
2738 1535 3081 1604 Ἐμγήσθηγ
3104 1535 3210 1589 τοῦ
3241 1537 3390 1590 θεοῦ
3414 1538 3512 1592 καί
3530 1539 3882 1608 et“)er

2339 1624 2434 1676 καὶ
2466 1625 2613 1694 ὅμως
2636 1625 2756 1678 οὐδὲ
2778 1624 2934 1678 τοῦτο
2963 1624 3330 1697 συγχωροῦσιν
3362 1627 3498 1699 αὐτῇ
3517 1629 3588 1683 τά
3614 1630 3883 1699 πάθηὲθί·

2339 1715 2456 1768 λετε
2501 1716 2578 1780 ὼς
2627 1717 2685 1769 ὲν
2737 1715 3090 1784 ὑποδείγματι
3141 1718 3333 1788 μαθεῖν
3371 1719 3424 1771 τί
3461 1719 3610 1773 ἐστιν
3637 1719 3670 1772 δ
3716 1720 3883 1790 um;

2342 1807 2511 1878 Ἐλοῃ
2548 1824 2632 1870 τις
2670 1806 2824 1877 ὑμῶν
2863 1807 2959 1859 καὶ
3001 1808 3256 1882 ἐγκλείσῃ
3286 1808 3449 1863 αὑτὸν
3487 1809 3570 1872 είς
3591 1808 3652 1863 ἓν
3683 1811 3884 1865 κελλίον

678 1910 813 1965 tebit
840 1909 1106 1977 exemplo.
1135 1905 1450 1961 lncludatur
1474 1906 1598 1974 quis
1627 1917 1866 1959 vestrum
1890 1905 1946 1958 in
1996 1903 2231 1958 abditam

2337 1897 2625 1960 σκοτεινὸν,
2651 1895 2747 1950 καὶ
2777 1894 2853 1966 μὴ
2879 1897 3030 1968 φάγῃ
3058 1898 3203 1967 τρεῖς
3231 1889 3440 1966 ἠμέρας
3467 1895 3648 1966 μόνον,
3688 1898 3784 1951 καὶ
3813 1899 3884 1968 μὴ

675 2007 733 2052 et
761 1997 1047 2051 obscuram
1069 1995 1343 2058 cellulam,
1373 1994 1721 2062 triduumque
1745 2003 1950 2047 tantum
1971 1993 2238 2046 sustineat

675 2088 909 2142 inediam
937 2097 990 2142 et
1017 2087 1244 2156 jejunet,
1272 2101 1380 2140 nou
1409 2087 1576 2150 bibat,
1598 2102 1701 2139 non
1726 2093 1864 2150 oret,
1895 2100 2002 2137 non
2032 2093 2234 2150 cantet,

675 2193 853 2247 neque
879 2177 1100 2231 omnino
1130 2178 1445 2232 memoriam
1469 2177 1630 2229 ullam
1661 2175 1748 2229 Dei
1777 2177 1970 2229 habeat
2017 2194 2030 2228 :
2077 2176 2236 2230 intel-

673 2269 910 2337 ligetquc
933 2267 1062 2336 quid
1123 2267 1178 2320 in
1222 2282 1282 2322 se
1331 2273 1497 2336 agant
1559 2265 1878 2336 possintque
1929 2267 2230 2335 passiones.

672 2356 832 2422 Quod
868 2356 913 2410 si
947 2357 1049 2410 lioc
1077 2371 1198 2410 cum
1232 2355 1396 2409 etiam
1423 2355 1560 2410 sitin
1589 2371 1838 2423 corpore,
1869 2365 2073 2423 quanto
2113 2371 2227 2409 ma-

672 2450 755 2514 gis
785 2463 909 2501 cum
949 2445 1130 2500 anima
1173 2444 1337 2500 interit
1377 2460 1596 2515 egressa
1633 2460 1663 2497 a
1696 2455 1963 2512 "corpore,
2018 2457 2072 2498 et
2126 2445 2229 2499 illis

2339 1990 2456 2059 πίῃ,
2497 1988 2591 2040 καὶ
2629 1988 2705 2057 μὴ
2742 1986 2998 2058 κοιμηθῇ,
3029 1988 3104 2059 μὴ
3147 2004 3380 2059 συντυχη
3420 1987 3550 2051 τινὶ,
3581 1987 3662 2058 μὴ
3690 1988 3881 2060 ψάλλῃ,

2339 2079 2414 2148 μὴ
2451 2077 2696 2146 εὔξηται,
2733 2077 2868 2148 μηδὲ
2899 2077 3032 2141 ὅλως
3059 2077 3404 2150 μνημονεύση
3423 2077 3583 2131 Θεοῦο
3614 2080 3712 2132 καὶ
3744 2079 3886 2150 μάθῃ

2334 2169 2387 2221 τί
2422 2168 2663 2221 ποιοῦσιν
2692 2169 2773 2230 εἰς
2803 2168 2964 2220 αὐτὸν
2999 2167 3069 2220 τὰ
3099 2167 3268 2238 πάθη·
3303 2168 3390 2220 καὶ
3415 2167 3576 2223 τοῦτο
3611 2171 3701 2225 ὅτε
3744 2170 3883 2222 ἐστὶν

2352 2259 2523 2330 ἐκμὴν
2555 2257 2806 2322 ἐνταῦθα,
2840 2258 2991 2326 πόσῳ
3034 2273 3096 2325 γε
3145 2257 3340 2327 μᾶλλον
3378 2259 3516 2329 μετά
3557 2260 3622 2313 τὺ
3659 2259 3884 2326 tanta.

2340 2352 2431 2422 τὴν
2471 2349 2648 2420 ψυχὴν
2697 2351 2761 2402 ὲκ
2799 2345 2894 2401 τοῦ
2929 2347 3197 2417 σώματος,
3233 2349 3328 2402 καὶ
3353 2349 3682 2420 προδοθῆναι
3707 2353 3882 2412 αὐτοῖς

2331 2444 2430 2498 καὶ
2458 2441 2764 2512 μονωθῆναι
2785 2439 2904 2510 μετ’
2931 2438 3135 2494 αὐτῶν.

672 2539 868 2592 tradita
904 2545 1067 2608 atque
1125 2537 1350 2591 omnino
1386 2535 1674 2604 conjuncta
1708 2547 1760 2590 et
1786 2535 2045 2589 addicta?
2097 2533 2305 2591 Nemini
2347 2534 2590 2605 profecto
2618 2533 2842 2587 dubium
2871 2547 2995 2588 esse
3013 2532 3190 2596 debet,
3217 2545 3501 2602 passuram
3533 2545 3654 2586 eam
3685 2527 3886 2600 gravia

674 2631 814 2684 sima
846 2642 972 2684 cum
1005 2627 1132 2680 illis.

742 2719 828 2774 III.
854 2719 1154 2774 Possumus
1171 2725 1335 2771 etiam
1363 2717 1711 2773 considerare
1739 2733 1804 2770 ex
1831 2717 1917 2772 liis
1939 2733 2058 2786 qua:
2090 2735 2232 2772 nunc

670 2813 760 2867 liic
787 2821 932 2874 sunt,
971 2809 1181 2865 futuras
1215 2809 1612 2866 tribulationes.
1634 2807 1770 2862 Cum
1800 2810 1945 2863 enim
1988 2812 2112 2879 quis
2148 2812 2232 2865 di-

670 2906 841 2973 gitum
899 2901 1169 2956 adusserit
1215 2902 1300 2956 vel
1350 2899 1624 2954 modicum
1672 2899 1782 2963 bic,
1840 2900 2100 2968 quantum
2151 2912 2234 2955 est

669 2994 816 3064 quod
843 2993 1026 3047 adurit
1053 2993 1076 3046 ?
1101 2991 1340 3062 Atquem
1373 2991 1752 3062 iguem,quam
1774 2992 2066 3056 llannnam,
2089 2995 2229 3062 quod

670 3085 981 3141 incendium
1031 3083 1154 3137 istic
1203 3098 1267 3137 ea
1315 3083 1460 3151 ligna
1521 3083 1728 3136 factura
1778 3083 1956 3136 sunt?
1990 3082 2056 3137 Ut
2109 3101 2231 3137 cor-

669 3189 772 3243 pus
799 3171 1245 3228 melancliolicum
1278 3162 1692 3242 intempcratuin
1719 3175 1976 3229 continue
2023 3177 2090 3227 ab
2115 3175 2227 3243 ipsa

669 3263 1028 3319 melancholia
1078 3273 1134 3318 et
1175 3264 1584 3334 intemperantia
1641 3266 1819 3319 uritur
1849 3275 1900 3318 et
1943 3265 2225 3334 aﬂligitur:

670 3357 749 3412 sic
776 3359 957 3411 anima
981 3356 1130 3411 vitiis
1149 3356 1388 3422 subiecta
1416 3371 1631 3425 semper
1653 3373 1682 3410 a
1717 3357 1919 3411 malitia
1944 3369 1999 3411 et
2029 3358 2226 3426 iniqui-

673 3443 781 3500 ta'te
822 3461 917 3500 sua
949 3453 1254 3514 torquetur,
1309 3432 1473 3514 atque
1523 3447 1574 3497 in
1639 3457 1894 3516 perpetua
1941 3448 2226 3508 memoria,

669 3538 858 3594 dolore
887 3546 942 3591 et
965 3535 1326 3591 amaritudine
1371 3545 1456 3590 est
1503 3537 1839 3605 passionum,
1893 3553 2012 3606 qua:
2059 3539 2226 3606 ipsam

670 3631 901 3684 adurunt
923 3638 976 3684 et
1005 3629 1319 3683 incendunt.
1346 3627 1414 3681 Et
1463 3638 1658 3699 prmter
1688 3628 1803 3704 haec
1851 3630 1976 3697 quis
2033 3629 2224 3696 possit,

671 3723 891 3780 fratres,
925 3719 1196 3772 horrenda
1220 3718 1309 3772 illa
1337 3718 1704 3785 locanarrare
1723 3719 1748 3769 ?
1777 3716 2036 3772 Tortores
2064 3719 2222 3771 terri-

670 3813 806 3867 biles
825 3811 1036 3865 animas
1062 3811 1306 3864 infelices
1332 3809 1454 3863 diro
1477 3809 1718 3863 cruciatu
1742 3818 2055 3877 torquentes
2098 3823 2220 3876 pcr-

670 3912 852 3972 petuo,
885 3903 1061 3971 ignem
1098 3901 1248 3955 illum
1275 3889 1725 3970 inexplicabilem,
1758 3902 2031 3962 tenebras,
2071 3914 2227 3966 aspe-

669 4010 760 4048 ros
791 4004 844 4049 et
866 3993 1067 4063 rigidos
1087 3994 1330 4048 vindices
1355 4003 1409 4045 ct
1435 3993 1658 4051 ultores,
1690 3999 1854 4060 atque
1885 3990 1990 4043 alia
2036 3989 2151 4042 dira
2177 3999 2229 4042 et

669 4079 1082 4135 innumerabilia
1103 4085 1391 4141 tormenta,
1417 4087 1477 4132 ut
1505 4080 1752 4147 pluribus
1780 4079 1832 4131 in
1859 4078 1996 4132 locis
2053 4093 2224 4131 sacrae

669 4172 958 4241 Scriptura:
981 4182 1236 4224 meruerat
1249 4185 1330 4223 ur.
1350 4168 1481 4234 Quae
1500 4169 1682 4222 omnia
1697 4169 1870 4223 debita
1887 4167 2229 4237 proiiortione

668 4262 972 4314 animarum
1008 4260 1240 4323 delictis,
1274 4261 1437 4313 etiam
1469 4261 1652 4328 pravis
1692 4274 1877 4313 earum
1939 4261 2229 4313 voluntati-
2265 4280 2274 4288 -

672 4357 771 4404 t-us
801 4349 1203 4402 accommodata
1234 4357 1376 4401 sunt.
1409 4347 1474 4402 Ut
1499 4347 1640 4402 enim
1669 4348 1839 4402 sancti
1862 4349 2082 4417 capiunt
2113 4350 2226 4402 loca

2399 2715 2472 2770 Γ.
2504 2717 2647 2788 Ἄρα
2682 2716 2734 2768 τί
2772 2714 2883 2785 ἔχει
2924 2715 3116 2768 παθεῖν
3144 2715 3268 2768 τότε
3309 2716 3343 2786 ή
3373 2714 3532 2768 ἀθλία
3565 2714 3664 2769 ὑπ’
3691 2714 3900 2782 αὐτῶν,-

2326 2807 2549 2860 δύναται
2580 2807 2689 2859 ἀπὸ
2715 2805 2824 2859 τῶν
2856 2800 2960 2859 ὦδε
2992 2805 3320 2875 κατανοῆσαι
3350 2822 3465 2868 πως
3515 2807 3612 2859 καὶ
3779 2807 3885 2860 θλί-

2327 2898 2420 2967 ψιν
2448 2897 2682 2968 ἐκείνην.
2702 2897 2872 2951 Ὅταν
2899 2896 3006 2966 γὰρ
3026 2896 3273 2967 πυρέσσῃ
3295 2912 3402 2961 τις,
3429 2895 3480 2948 τί
3507 2895 3628 2950 ἐστι
3655 2897 3720 2950 τὸ
3741 2900 3887 2951 καῖον

2329 2986 2525 3053 αὐτόνς
2565 2990 2715 3039 ποῖον
2745 2986 2876 3054 πῦρ,
2910 2985 2944 3055 ἧ
2979 2988 3105 3039 ποῖα
3135 2985 3266 3050 ξύλα
3310 2985 3524 3038 ποιοῦσι
3560 2985 3664 3056 τὴν
3695 2987 3887 3039 καῦσιν

2330 3077 2577 3146 ὲκείνηνς
2604 3077 2665 3128 ΕΞ
2689 3077 2747 3128 δὲ
2776 3077 2870 3128 καὶ
2887 3075 3082 3146 εὑρεθῇ
3112 3093 3197 3139 τις
3225 3075 3363 3145 ἔχων
3386 3074 3547 3144 σῶμα
3569 3074 3889 3146 μελαγχολι-

2332 3167 2426 3218 κὸν
2457 3165 2781 3235 δύσκρατον,
2811 3165 2912 3218 οὐκ
2939 3163 3076 3235 αὑτὴ
3126 3165 3162 3235 ή
3207 3164 3506 3234 δυσκρασία
3547 3163 3718 3217 αὐτοῦ
3749 3165 3887 3217 καίει

2327 3259 2512 3321 αὑτὸν,
2543 3257 2636 3310 καὶ
2663 3255 2928 3326 ταράσσει
2975 3256 3226 3320 πάντοτε,
3259 3256 3352 3309 καὶ
3401 3254 3574 3308 θλίϐει
3612 3254 3718 3327 τὴν
3748 3255 3888 3327 ζωὴν

2326 3352 2491 3406 αὑτοῦ
2511 3369 2526 3416 ;
2547 3348 2706 3403 Οὕτω
2735 3349 2831 3402 καὶ
2858 3347 3112 3418 ἐμπαθὴς
3144 3348 3312 3417 ψυχὴ,
3344 3347 3574 3402 πάντοτε
3600 3348 3887 3412 κολάζεται

2326 3443 2360 3509 ἡ
2389 3441 2548 3491 ἀθλία
2578 3440 2683 3491 ὑπὸ
2709 3438 2811 3506 τῆς
2842 3437 2979 3498 ἰδίας
3005 3435 3310 3499 κακοεξίας,
3339 3430 3536 3504 ἔχουσα
3559 3437 3650 3488 ἀεὶ
3673 3437 3778 3504 τὴν
3802 3451 3888 3487 ﬁt-

2325 3532 2464 3601 κρὰν
2487 3532 2706 3600 μνήμην
2736 3529 2830 3581 καὶ
2856 3529 2954 3596 τὴν
2982 3525 3262 3580 ὑπώδυνον
3305 3525 3621 3595 ἀδολεσχίαν
3645 3527 3762 3579 τῶν
3789 3544 3887 3579 πα-

2327 3621 2458 3685 θῶν,
2502 3619 2764 3673 καιόντων
2804 3618 2893 3671 ἀεὶ
2941 3617 3036 3670 καὶ
3070 3615 3519 3685 καταφλεγόντων
3565 3615 3762 3685 αὐτήνο
3798 3615 3887 3669 καὶ

2328 3710 2465 3780 πρὸς
2484 3709 2712 3773 τούτοις,
2730 3709 2816 3774 τίς
2834 3707 3078 3773 δύναται,
3109 3707 3347 3776 ἀδελφοὶ,
3371 3705 3738 3777 διηγήσασθαι
3765 3707 3887 3768 τοὺς

2325 3801 2523 3862 τόπους
2551 3799 2792 3862 ἐκείνους
2824 3798 3112 3868 φοϐεροὺς,
3135 3799 3206 3851 τὰ
3237 3797 3465 3868 σώματα
3491 3799 3681 3852 ἐκεῖνα
3702 3797 3775 3851 τα
3801 3813 3886 3852 κο·

2325 3889 2577 3954 λαστικὰ,
2609 3889 2680 3942 τὰ
2714 3889 3092 3960 ὑπουργοῦντα
3123 3893 3243 3966 ταῖς
3275 3889 3477 3959 ψυχαῖς
3523 3890 3606 3951 είς
3637 3888 3886 3957 τοιαύτην

2325 3981 2416 4033 καὶ
2473 3979 2742 4050 τοσαύτην
2796 3980 3011 4052 ὀδύνην,
3053 3981 3150 4035 καί⁹
3188 3981 3263 4052 μὴ
3301 3980 3659 4052 φθειρόμενα,
3690 3983 3754 4034 τὸ
3781 3979 3886 4050 πῦρ

2325 4075 2499 4125 ἐκεῖνο
2528 4073 2590 4124 τὸ
2616 4071 2842 4140 ἄφατον,
2866 4073 2927 4126 τὸ
2948 4074 3158 4136 σκότος,
3193 4074 3292 4136 τὰς
3324 4061 3632 4142 ἀποτόμους
3675 4074 3886 4135 ὲκείνας

2324 4165 2581 4242 ξυνάμεις
2599 4164 2698 4227 τὰς
2731 4166 3060 4236 τιμωρικάς,
3091 4165 3162 4217 τὰ
3187 4165 3323 4218 ἀλλα
3354 4164 3523 4235 μυρία
3557 4165 3884 4236 βασανιστή-

2328 4271 2437 4322 ρια,
2469 4255 2570 4307 ὅσα
2601 4252 2766 4323 ἄλλην
2796 4253 2970 4317 ἄλλως
2990 4253 3204 4325 εἴρηται
3245 4257 3364 4318 ταῖς
3407 4254 3580 4317 θείαις
3621 4255 3882 4326 Γραφαῖς,

2325 4346 2500 4398 πάντα
2526 4342 2886 4412 ἀναλογοῦντα
2916 4344 3054 4414 πρὸς
3081 4343 3178 4415 τὴν
3204 4346 3378 4415 κακὴν
3405 4346 3608 4414 πρᾶξιν
3639 4344 3756 4398 τῶν
3782 4344 3884 4414 ψυ-

668 4438 926 4508 ιη·;ι;ς1ιιι·ει
963 4445 1019 4490 et
1075 4436 1272 4500 lucida,
1335 4436 1760 4505 angelorumque
1818 4437 2224 4490 delectationem

2333 4434 2436 4503 χῶν
2463 4438 2558 4487 καὶ
2586 4435 2683 4497 τὰς
2709 4434 2884 4497 κακὰς
2904 4435 3072 4496 αὐτὰς
3101 4436 3280 4489 αὐτῶν
3302 4435 3658 4506 ὲνθυμήσειςς
3682 4435 3886 4507 Ὠσπερ

671 4528 896 4582 bonitati
931 4540 1118 4579 eorum
1159 4541 1493 4596 congruam;
1547 4527 1627 4581 sic
1680 4535 1987 4596 peccatores
2031 4530 2228 4583 habent

671 4618 788 4670 loca
824 4615 1056 4669 obscura
1093 4624 1148 4667 et
1171 4615 1474 4678 tenebrosa,
1519 4621 1747 4670 horrore
1784 4627 1837 4671 et
1870 4617 2072 4670 cxslasi
2113 4618 2224 4686 ple-

674 4721 762 4760 na.
795 4703 934 4770 Quid
963 4705 1110 4758 enim
1143 4705 1318 4772 magis
1339 4703 1666 4757 horrendum
1687 4719 1806 4758 esse
1829 4714 2004 4772 potest
2038 4705 2122 4759 his
2145 4706 2225 4759 lo-

670 4797 751 4851 cis
779 4794 846 4848 ad
883 4809 1004 4862 qua:
1027 4793 1299 4848 daemones
1319 4791 1717 4846 detruduntur?
1741 4791 1879 4856 Quid
1902 4794 2072 4863 magis
2099 4809 2225 4847 cru-

669 4887 786 4941 dele
802 4895 854 4941 ct
886 4886 1083 4941 durum
1107 4899 1168 4938 ea
1195 4899 1376 4954 pana,
1409 4883 1496 4938 cui
1521 4883 1894 4952 adjudicantur
1917 4866 1940 4937 il
1965 4885 2228 4942 Crucian-

671 4990 761 5034 tur
783 4989 962 5051 tamen
989 4984 1045 5030 et
1075 4975 1175 5044 ipsi
1199 4975 1475 5029 daemones
1507 4989 1615 5027 una
1646 4990 1768 5029 cum
1826 4978 2221 5044 peccatoribus,

675 5075 732 5122 ut
759 5067 1017 5135 scriptum
1033 5075 1117 5120 est
1140 5082 1154 5118 :
1179 5062 1443 5116 Discedite
1477 5080 1510 5114 α
1540 5079 1641 5126 me,
1658 5063 1944 5129 maledicti,
1975 5065 2029 5116 in
2057 5066 2226 5134 ignem

671 5169 922 5213 «ternum
949 5165 1197 5224 paratum
1224 5153 1433 5207 diabolo
1460 5164 1509 5207 et
1537 5155 1734 5222 angelis
1760 5155 1873 5222 ejus
1901 5156 1948 5208 ι’.
1981 5157 2066 5209 ·Αι
2108 5173 2226 5211 om-

671 5263 795 5304 nem
823 5247 1103 5302 horrorem
1145 5253 1386 5315 superat,
1426 5246 1569 5312 quod
1629 5244 2052 5314 Chrysostomus
2100 5249 2176 5301 ait
2210 5267 2224 5303 :

677 5357 696 5389 ι
732 5336 790 5392 Si
821 5351 929 5391 non
951 5342 1131 5390 essent
1157 5334 1365 5390 scilicet
1402 5332 1621 5387 lliiinina
1655 5334 1776 5388 istic
1797 5351 1916 5404 qua:
1946 5339 2065 5406 igne
2090 5336 2194 5392 llne

672 5434 822 5488 rent,
845 5439 954 5480 non
983 5423 1258 5478 dazmones
1298 5422 1582 5483 horrendi,
1626 5423 1876 5476 atsolum
1914 5440 1977 5477 ex
2013 5423 2224 5492 judica-

672 5515 742 5568 tis
766 5512 820 5566 hi
846 5512 1014 5581 gloria
1038 5519 1092 5565 et
1119 5510 1396 5579 triumpho
1421 5509 1542 5565 cmli
1597 5513 1926 5564 donarentur
1957 5530 1968 5564 ;
2005 5513 2078 5565 illi
2145 5514 2225 5566 in~

594 5634 596 5636 τ
671 5601 830 5675 glorii
855 5611 908 5655 et
936 5599 1240 5656 inhonorati
1268 5599 1719 5668 relinquerentur,
1755 5618 1820 5655 ne
1848 5602 2085 5658 viderent
2116 5605 2230 5673 glo-

746 5801 765 5824 '
799 5793 942 5850 Psal.
970 5807 1151 5855 Lxxvt,
1174 5793 1226 5846 4.
1305 5789 1330 5828 δ
1361 5771 1548 5844 Matth.
1583 5807 1704 5854 xxv,
1755 5791 1832 5844 ll.

2324 4528 2372 4579 οἱ
2402 4527 2544 4595 ἆγιοι
2565 4526 2892 4596 λαμϐάνουσι
2921 4529 3118 4593 τόπους
3145 4528 3298 4591 τινὰς
3332 4529 3630 4596 φωτεινοὺς
3663 4529 3762 4583 καὶ
3799 4530 3886 4580 εὐ-

2326 4615 2594 4686 φροσύνην
2641 4617 2934 4689 ἀγγελικὴν
2973 4619 3341 4686 ἀναλογοῦσαν
3487 4619 3673 4690 ἀγαθῇ
3711 4619 3886 4673 αὐτῶν

2325 4707 2542 4778 πράξει,
2575 4707 2718 4760 οὕτω
2757 4709 2852 4760 καὶ
2885 4710 2935 4761 οἱ
2968 4709 3284 4780 ἁμαρτωλοὶ
3324 4709 3661 4780 λαμσάνουσι
3689 4709 3885 4774 τόπους

2328 4799 2633 4858 σκοτεινοῦς
2656 4797 2754 4850 καὶ
2769 4795 3028 4863 ζοφώδεις
3053 4797 3320 4867 γέμοντας
3345 4799 3546 4870 φρίκης
3571 4799 3673 4851 καὶ
3693 4798 3883 4852 ἐκστά-
3921 4848 3924 4850 ν

2326 4904 2484 4951 σεως,
2515 4885 2695 4949 καθὼς
2727 4879 2980 4954 λέγουσιν
3013 4887 3064 4939 oi
3086 4886 3256 4956 ἅγιοι.
3278 4890 3344 4942 Τί
3370 4889 3480 4959 γάρ
3501 4889 3621 4941 ἐστι

2325 4994 2482 5046 τερον
2509 4977 2543 5046 ἢ
2565 4976 2925 5046 ἐλεεινότερον
2943 4976 3168 5031 ἐκείνων
3191 4979 3298 5031 τῶν
3323 4979 3506 5032 τόπων
3529 4980 3595 5045 ἐν
3629 4973 3720 5044 οἷς
3757 4979 3876 5050 ait»

2328 5083 2519 5120 πονται
2549 5066 2598 5118 oi
2625 5065 2916 5136 δαίμονεςς
2945 5064 3012 5118 Τί
3040 5065 3098 5119 δὲ
3129 5067 3452 5137 πικρότερον
3484 5066 3588 5137 τῆς
3610 5051 3882 5128 κολάσεως

2325 5149 2394 5224 ἧς
2420 5153 2876 5224 κατακρίνονται;
2911 5154 3019 5206 Καὶ
3043 5155 3191 5226 ὅμως
3219 5153 3536 5218 κολάζονται
3580 5158 3684 5212 καὶ
3709 5155 3879 5224 ἀμαρ-

2326 5246 2488 5299 τωλοὶ
2519 5245 2636 5314 μετ’
2664 5243 2844 5297 αὐτῶν
2869 5243 2977 5296 τῶν
3004 5246 3295 5317 δαιμόνων,
3323 5245 3505 5309 καθὼς
3536 5247 3712 5314 λέγει·
3752 5248 3881 5299 ’Λπ-

2329 5335 2533 5390 ἐλθετε
2571 5337 2659 5401 εἰς
2701 5333 2766 5387 τὸ
2800 5334 2919 5401 πῦρ
2957 5336 3023 5388 τὸ
3063 5335 3304 5390 αἰώνιον
3339 5336 3406 5390 τὸ
3443 5335 3880 5405 ἡτοιμασμένον

2331 5425 2412 5490 τῷ
2434 5424 2706 5488 διαϐόλῳ,
2746 5423 2989 5490 καὶτοῖς
3020 5424 3295 5495 ἀγγέλοις
3312 5426 3521 5482 αὑτοῦ.
3546 5427 3622 5478 Τὸ
3649 5425 3710 5479 δὲ
3737 5427 3863 5496 φοὸε

2336 5516 2427 5588 ρὺν
2460 5515 2634 5567 ἐκεῖνο
2658 5515 2892 5586 μάλιστα
2921 5513 2951 5566 ὃ
2975 5515 3123 5583 λέγει
3163 5517 3192 5568 ὁ
3215 5516 3371 5586 ἀγιος
3402 5516 3660 5586 Ἰωάννης
3697 5517 3729 5568 6
3749 5516 3874 5586 Χρυ

2339 5605 2617 5674 σὸστομος.
2667 5607 2747 5657 ὅτι
2796 5607 2842 5667 εἰ
2877 5605 2971 5658 καὶ
3000 5605 3073 5675 μὴ
3101 5607 3344 5688 ποταμὸς
3370 5599 3521 5659 εἷλκε
3569 5603 3669 5659 τοῦ
3700 5605 3878 5678 πυρὸς.
