4020 6340
255 421 400 526 1753

1591 469 1964 532 DOCTRINA
1998 476 2132 535 XII.

3309 489 3444 549 1754

255 571 398 640 μηδὲ
430 571 648 637 ἄγγελοι
673 584 1131 640 παρειστηκεισαν
1157 570 1396 641 φοϐεροίο
1428 573 1586 643 μόνον
1617 574 1674 627 δὲ
1705 591 1783 628 κα.

1879 628 1880 631 η
1905 577 2039 632 riam
2058 578 2272 634 Domini
2300 600 2314 635 :
2346 580 2484 637 hanc
2501 597 2736 652 pinnam,
2752 588 2888 661 hanc
2908 586 3272 657 ignominiam,
3302 591 3438 646 hanc

252 658 537 726 λουμένων
554 658 664 710 τῶν
685 657 985 727 ἀνθρώπων
1008 662 1056 732 οἱ
1090 659 1188 738 μὲν
1214 661 1556 737 ἐπαινοῦντες
1582 664 1674 716 καὶ
1693 664 1825 716 ἐδο--

252 747 500 810 ξάζοντο,
528 748 578 800 οί
618 748 675 800 δὲ
713 749 1130 817 παρεπέμποντο
1164 749 1394 818 ἀτίμως,
1428 752 1513 804 ἵνα
1543 752 1618 823 μὴ
1654 752 1802 806 ῖδωσι

247 837 355 904 τὴν
381 835 659 900 δόξαν’τοῦ
695 837 852 890 Θεοῦ·
895 834 1006 909 ἆρα
1033 839 1133 891 οὐκ
1172 833 1242 910 ἦν
1291 842 1589 911 πικροτέρα
1623 843 1802 911 πάσης

247 922 478 996 γεέννης
511 926 546 994 ή
587 925 806 989 κόλασις
841 925 942 996 τῆς
985 927 1262 999 αἰσχύνης,
1302 931 1396 983 καὶ
1441 931 1538 1000 τῆς
1579 931 1802 1003 ἀτιμίας

249 1015 489 1086 ἐκείνης,
518 1016 613 1070 καὶ
638 1018 671 1089 ή
694 1017 849 1087 ὀδύνη
894 1018 991 1087 τῆς
1028 1017 1349 1080 ἐκπτώσεως
1391 1020 1520 1073 τῶν
1548 1023 1801 1077 τοιούτων

247 1105 508 1174 ἁγαθῶνς
533 1107 664 1160 Τότε
694 1107 802 1176 γὰρ
833 1109 927 1160 καὶ
974 1107 1132 1171 αὐτὸς
1152 1110 1180 1159 6
1197 1107 1412 1179 ἐλεγχος
1440 1111 1538 1182 τῆς
1563 1114 1802 1185 συνειδή-

252 1211 415 1260 σεως,
449 1197 541 1249 καὶ
570 1195 708 1266 αύτὴ
750 1198 784 1266 ή
813 1197 1000 1266 μνήμη
1037 1196 1146 1249 τῶν
1170 1198 1586 1270 πεπραγμένων,
1619 1201 1800 1265 καθὼς

247 1285 510 1354 ἀνωτέρω
552 1285 799 1354 είπομεν,
837 1286 1014 1358 χεῖρόν
1042 1289 1158 1340 ἐστι
1191 1289 1400 1359 μυρίων
1443 1291 1536 1343 καὶ
1579 1292 1801 1359 ἀφάτων

244 1375 553 1446 τιμωριῶν.
599 1376 783 1429 Πάντα
841 1376 951 1448 γὰρ
1002 1378 1303 1454 μέμνηνται
1350 1380 1405 1432 αί
1459 1380 1628 1450 ψυχαὶ
1690 1384 1798 1436 τῶν

245 1464 510 1528 ἐνταῦθα,
539 1465 720 1527 καθὼς
747 1467 992 1545 λέγουσιν
1015 1470 1064 1521 οι
1089 1469 1352 1542 Πατέρες,
1385 1471 1478 1523 καὶ
1505 1471 1676 1537 λόγων
1704 1475 1804 1535 καὶ,

242 1555 449 1626 ιργων,
478 1558 573 1611 καὶ
615 1558 983 1629 ἐνθυμήσεων,
1014 1552 1106 1612 καὶ
1137 1561 1348 1624 οὐδενὸς
1373 1561 1574 1615 τούτων
1607 1563 1798 1616 δύναν-

239 1664 340 1700 ται
397 1649 766 1702 ἐπιλαθέσθαι.
821 1652 887 1702 '0
940 1651 998 1702 δὲ
1038 1650 1184 1718 λέγει
1242 1653 1300 1703 ἐν
1333 1653 1411 1721 τῷ
1442 1652 1662 1725 ψαλμῷο
1703 1656 1796 1707 Ἐν

239 1738 450 1809 ἐκείνῃ
489 1737 565 1807 τῇ
592 1738 778 1807 ἡμέρᾳ
804 1738 1166 1805 ἀπολοῦνται
1197 1741 1251 1793 al
1284 1738 1649 1811 διαλογισμοὶ
1685 1744 1795 1798 αὐ-

239 1828 389 1892 τῶν,
424 1829 553 1890 τοὺς
599 1829 979 1898 διαλογισμοὴς
1027 1829 1171 1897 λέγει
1217 1828 1309 1882 τοῦ
1357 1831 1548 1896 αίῶνος
1587 1834 1792 1889 τούτου.

1902 668 2296 736 confusionem,
2326 686 2485 728 omne
2513 676 2765 730 tormenti
2781 692 2970 745 genus,
3001 693 3213 733 omnem
3242 681 3435 749 gehen-

1900 774 2025 812 nam
2050 775 2324 830 superare.
2357 782 2377 817 ι
2404 763 2623 819 Accedit
2641 774 2898 835 praeterea
2940 783 3097 823 casus
3125 769 3208 823 sui
3261 770 3435 835 dolor,

1899 850 2244 906 conscientia
2267 867 2482 909 morsus
2498 863 2553 909 et
2600 857 2858 911 memoria
2902 843 3236 912 amarissima
3270 861 3437 912 male-

1901 940 2186 1003 factorum,
2211 957 2330 1011 qua:
2343 943 2527 999 omnia
2558 945 2775 1000 duriora
2801 957 2930 1001 sunt
2967 932 3240 1001 tormentis
3280 948 3438 1001 innu-

1897 1033 2062 1086 meris
2091 1042 2146 1086 et
2171 1035 2636 1092 inenarrabilibus.
2658 1036 2907 1090 Omnium
2935 1039 3076 1091 enim
3121 1037 3434 1091 memoriam

1899 1125 2095 1179 habent
2122 1126 2242 1180 istic
2271 1127 2484 1190 animae,
2515 1143 2636 1197 quae
2656 1127 2708 1181 in
2743 1128 2850 1181 vita
2875 1128 2977 1183 hac
3039 1138 3431 1197 pet-patrarunt,

1897 1226 1948 1269 et
1971 1229 2302 1282 sermonum,
2335 1217 2697 1282 etaetionum,
2753 1225 2806 1270 et
2847 1218 3254 1279 desideriorum,
3304 1233 3432 1272 con-

1900 1307 2377 1374 cupiscentiarurn;
2408 1317 2465 1362 et
2511 1309 2704 1362 borum
2743 1309 2872 1362 nihil
2918 1320 3148 1376 possunt
3191 1310 3432 1363 oblivisci

1898 1410 2155 1464 unquam.
2184 1395 2337 1461 Quod
2369 1405 2545 1451 autem
2596 1398 2792 1451 dicitur
2827 1397 2880 1449 in
2927 1395 3141 1450 Psalmo
3176 1415 3190 1451 ς
3226 1395 3289 1451 In
3338 1397 3432 1449 illa

1895 1484 1979 1536 die
2011 1486 2246 1553 peribunt
2279 1501 2455 1551 omnes
2492 1487 2830 1556 cogitationes
2868 1500 3043 1538 eorum
3074 1492 3097 1518 °
3118 1501 3134 1550 ;
3156 1485 3433 1554 cogitatio-

1896 1589 1993 1628 nes
2016 1575 2261 1644 intelligit
2288 1574 2450 1642 hujus
2476 1575 2678 1636 saeculi,
2722 1576 2906 1645 quales
2952 1584 3078 1628 sunt
3128 1575 3430 1638 domorum,

1894 1667 2316 1735 possessionum,
2370 1668 2625 1733 liliorum,
2677 1667 3098 1736 propinquorum
3149 1673 3202 1718 et
3254 1666 3433 1718 omnis

1893 1757 2220 1812 commercii.
2253 1756 2374 1810 Haec
2403 1757 2584 1810 omnia
2623 1757 2713 1812 ubi
2733 1758 2862 1812 exiit
2899 1756 3076 1811 anima
3100 1770 3129 1807 a
3187 1768 3430 1822 corpore,

1897 1851 2163 1911 pereunt.
2226 1845 2368 1899 Nihil
2417 1845 2608 1899 horum
2660 1847 2892 1915 amplius
2939 1843 3297 1899 reminiscitur
3339 1852 3445 1900 aut.

239 1912 397 1981 οἷον,
423 1918 728 1988 οίκοδομῆς,
754 1917 984 1989 χωρίων,
1010 1920 1228 1986 γονέων,
1260 1921 1482 1982 τέκνων,
1508 1922 1688 1993 πάσης
1706 1926 1783 1998 δο-

1892 1940 2065 1986 curat.
2119 1931 2248 1998 Quae
2296 1941 2497 1989 autem.
2529 1933 2656 1988 fecit
2704 1904 2789 1987 vel
2840 1933 3134 1989 secundum
3181 1932 3428 1984 virtutem

238 2006 530 2083 σοληψίας.
557 2007 741 2061 Ταῦτα
772 2009 886 2078 ἅμα
920 2009 998 2079 τῷ
1031 2009 1387 2082 ἐξελθεῖνιτὴν
1407 2011 1582 2082 ψυχὴν
1610 2015 1674 2066 ἐκ
1700 1994 1794 2067 τδῦ

239 2095 496 2167 σώματος
529 2098 767 2165 άπύλλει,
801 2099 891 2152 καὶ
913 2100 1122 2163 οὐδενὸς
1153 2101 1355 2154 τούτων
1383 2103 1725 2172 μνημονεύει,
1759 2104 1792 2174 ἢ

239 2187 544 2258 φροντίζει.
572 2191 639 2242 ’Δ
661 2189 720 2243 δὲ
745 2190 963 2261 ἐποίησε
991 2193 1111 2244 κατ’
1135 2191 1354 2263 ἀρετὴν,
1379 2191 1413 2262 ἢ
1442 2195 1580 2247 κατὰ
1603 2194 1790 2257 πάθος,

234 2277 450 2332 τούτων
478 2280 764 2351 μέμνηται,
789 2281 884 2334 καὶ
904 2281 1056 2334 οὐδὲν
1080 2281 1140 2347 ἐξ
1166 2283 1340 2335 αὐτῶν
1365 2283 1600 2338 άπόλλει.
1637 2285 1793 2338 Ἀλλὰ

237 2369 340 2423 καὶ
363 2368 458 2422 ἐὰν
481 2368 732 2442 ὠφέλησέ
757 2371 839 2434 τίς
855 2373 995 2436 τινὰ,
1018 2374 1052 2442 ἢ
1082 2374 1240 2436 αὐτὸς
1263 2373 1512 2446 ὠφελήθη
1540 2376 1688 2445 παρά
1715 2381 1802 2430 τι-’

236 2477 356 2523 νος,
388 2461 475 2513 del
509 2460 776 2532 μέμνηται
811 2463 902 2514 καὶ
920 2463 1013 2514 τοῦ
1040 2463 1406 2532 ὡφεληθέντος
1433 2467 1566 2534 παρ’
1600 2466 1785 2529 αὑτοῦ,

233 2550 339 2604 καὶ
367 2550 460 2604 τοῦ
480 2550 858 2621 ὠφελήσαντος
884 2552 1063 2605 αὐτόν’
1093 2553 1291 2622 ὁμοίως
1311 2555 1510 2626 ὲὸλάὸη
1538 2557 1687 2628 παρά
1713 2575 1789 2609 τι-

232 2660 354 2708 νος,
398 2643 432 2714 ἢ
483 2643 644 2706 αὐτὸς
681 2642 877 2712 ἔϐλαψέ
922 2660 1062 2709 τινα,
1110 2645 1197 2697 ἀεὶ
1234 2644 1524 2716 μέμνηται,
1565 2649 1657 2701 καὶ
1696 2647 1789 2701 τοῦ

235 2732 543 2803 βλάψαντος
590 2733 772 2797 αὐτὸν,
803 2736 898 2789 καὶ
924 2735 1019 2788 τοῦ
1060 2735 1341 2805 βλαϐέντος
1368 2737 1458 2790 ὑπ’
1489 2739 1671 2792 αὐτοῦ·
1696 2742 1790 2794 καὶ

1892 2025 1974 2078 vel
2006 2024 2218 2098 vitium,
2242 2025 2357 2080 haec
2405 2027 2588 2079 omnia
2630 2024 2894 2089 meminit,
2953 2025 3193 2093 nihilque
3241 2023 3429 2076 horum

1889 2116 2070 2187 perire
2099 2114 2196 2183 ipsi
2219 2122 2412 2186 potest.
2449 2113 2506 2167 Si
2534 2111 2652 2183 qna'
2667 2101 2827 2167 etiam
2858 2113 2910 2166 in
2939 2127 2995 2167 re
3025 2113 3185 2166 alicui
3215 2111 3432 2182 prodes-

1891 2221 1949 2261 se
1976 2188 2257 2265 curarunt,
2287 2203 2372 2256 vel
2401 2202 2504 2271 ipsi
2531 2204 2600 2257 ab
2633 2203 2742 2256 ullo
2771 2202 3028 2257 benelieio
3053 2201 3226 2255 affecti
3283 2211 3430 2265 sunt,

1889 2290 1992 2344 hoc
2021 2303 2229 2357 semper
2253 2287 2566 2340 meminere.
2591 2284 2749 2357 531
2784 2286 2912 2341 item
2937 2285 2982 2340 si
3038 2286 3123 2339 cui
3181 2283 3431 2353 imitriam

1885 2382 2133 2445 intulere,
2165 2385 2258 2432 aut
2280 2378 2380 2447 ipsi
2411 2378 2480 2431 ab
2507 2378 2615 2432 alio
2667 2391 2936 2447 recepere,
3009 2387 3299 2445 utrumque
3345 2392 3432 2429 re-

1884 2470 2316 2524 miniscunturet
2345 2466 2560 2533 sciunt;
2617 2465 2857 2535 nihilque
2895 2468 3136 2533 omnino,
3186 2477 3247 2522 ut
3297 2466 3441 2528 dixi,

1883 2560 2056 2628 perdit
2085 2559 2261 2613 anima
2293 2573 2481 2629 eorum
2521 2572 2642 2626 quae
2671 2557 2724 2609 in
2765 2557 2869 2609 vita
2901 2555 3000 2619 hac
3031 2557 3111 2610 vel
3140 2557 3274 2611 bene
3294 2557 3433 2612 male

1885 2649 2068 2716 gessit.
2111 2640 2222 2701 lmn
2265 2646 2425 2700 etiam
2467 2644 2668 2699 clarius
2699 2644 3092 2713 dilucidiusque
3122 2654 3279 2698 exuta
3327 2645 3431 2700 hoc

1891 2738 2128 2794 terrestri
2159 2752 2381 2800 corpore
2407 2735 2589 2790 omnia
2611 2735 2854 2804 percipit,
2879 2735 3138 2805 agnoscit,
3161 2736 3424 2804 intelligit.

230 2824 412 2887 οὐδὲν,
451 2824 632 2888 καθὼς
658 2819 830 2889 εἷπον,
856 2827 1072 2881 άπόλλει
1099 2830 1132 2898 ἡ
1157 2827 1300 2897 ψυχὴ
1322 2819 1396 2880 ὧν
1425 2828 1654 2898 ἔπραξεν
1685 2833 1742 2883 ἐν
1771 2832 1849 2902 τῷ
1870 2831 2058 2902 κόσμῳ
2077 2828 2268 2898 τούτῳ,
2289 2827 2422 2882 ἀλλὰ
2444 2827 2658 2880 πάντων
2681 2824 2945 2896 μέμνηται
2964 2824 3098 2895 μετὰ
3115 2823 3174 2876 τὸ
3200 2824 3430 2890 ἐξελθεῖν

230 2916 304 2970 ἐκ
344 2912 439 2968 τοῦ
506 2913 773 2986 σώματος·
812 2916 948 2970 ἀλλά
982 2917 1077 2970 καὶ
1112 2917 1190 2970 ἐτι
1219 2918 1574 2988 τρανοτέρως,
1616 2920 1698 2975 ἔτι
1727 2922 2070 2992 φανωτέρως,
2105 2919 2180 2982 ὡς
2207 2918 2577 2986 ἀπαλλαγεῖσα
2606 2915 2701 2969 τοῦ
2747 2916 2931 2986 γηῖνου
2949 2916 3135 2989 τούτου
3158 2913 3426 2984 σώματος.

307 3011 382 3061 Δ⁹.
415 3008 551 3063 [loca
600 3009 892 3080 ἐλαλοῦμεν
936 3010 1072 3080 μετά
1096 3028 1241 3092 τινος
1268 3012 1500 3082 μεγάλου
1535 3015 1782 3085 γέροντος

1951 3013 2036 3070 IV.
2079 3013 2456 3084 Loquebamur
2489 3011 2810 3080 quandoque
2848 3009 2914 3063 de
2952 3024 3010 3062 re
3043 3008 3142 3062 hac
3168 3022 3291 3062 cum
3341 3024 3428 3061 se—

229 3098 370 3166 ιπερὶ
394 3096 602 3150 τούτου”
633 3098 726 3151 καὶ
741 3098 924 3164 ἔλεγεν
946 3098 1106 3162 αύτδς
1125 3101 1152 3152 ὁ
1171 3102 1365 3170 γέρων,
1397 3101 1475 3154 ὅτι
1497 3103 1781 3172 Μέμνηται

227 3188 269 3258 ἡ
299 3187 446 3257 ψυχὴ
479 3188 615 3255 μετὰ
646 3189 708 3240 τὸ
739 3188 972 3251 ἐξελθεῖν
1013 3191 1077 3241 ἐκ
1114 3189 1208 3242 τοῦ
1248 3190 1494 3261 σώματος
1538 3193 1631 3245 τοῦ
1679 3196 1782 3247 πά-

227 3276 364 3338 θους
387 3271 447 3330 οὗ
479 3277 770 3346 ἐνήργησε,
805 3277 900 3330 καὶ
931 3279 1027 3348 τῆς
1050 3280 1340 3349 ἁμαρτίας,
1368 3282 1460 3334 καὶ
1488 3283 1582 3334 τοῦ
1603 3301 1780 3354 ,προσ-

227 3366 390 3420 ὠπου
417 3366 535 3431 μεθ’
556 3362 616 3418 οὗ
640 3368 938 3438 ἐνήργησεν
971 3369 1160 3440 αύτήν.
1207 3370 1344 3438 Ἐγὼ
1377 3372 1432 3424 δέ
1462 3373 1646 3439 ἔλεγον
1681 3374 1780 3425 αὺ-

223 3457 332 3529 τῷο
370 3476 391 3509 ι
410 3455 566 3529 Τάχα
592 3459 691 3530 οὐχ
727 3459 920 3524 οὕτως,
946 3460 1062 3513 ἀλλ’
1088 3461 1217 3523 ι’σως
1246 3463 1344 3532 τὴν
1367 3463 1478 3528 ἕξιν
1501 3464 1600 3533 τὴν
1626 3481 1780 3532 γενο-

227 3549 405 3620 μένην
446 3550 581 3621 αύτῇ
633 3552 698 3603 ἐκ
733 3551 830 3620 τῆς
863 3553 1116 3620 ἐργασίας
1149 3554 1246 3622 τῆς
1283 3554 1552 3624 ἁμαρτίας
1599 3555 1779 3624 μέλλει

221 3643 398 3713 ἔχειν,
425 3645 520 3696 καὶ
546 3643 714 3713 αὐτῆς
736 3645 1027 3715 μέμνηται.
1064 3663 1083 3695 ι
1114 3646 1224 3699 Kal
1249 3646 1541 3716 ἐμείναμεν
1572 3649 1661 3700 ἐπὶ
1686 3666 1781 3700 πο-

221 3733 292 3787 λὺ
346 3733 769 3802 φιλονεικοῦντες
816 3736 942 3806 περὶ
981 3735 1074 3788 τοῦ
1109 3736 1265 3805 λόγου
1300 3737 1488 3789 τούτου
1537 3738 1778 3801 θέλοντες

222 3825 442 3895 μαθεῖν.
469 3824 578 3878 Kal
608 3825 708 3876 ούκ
727 3825 972 3879 ἐπείθετο
992 3829 1022 3880 6
1043 3828 1219 3897 γέρων
1242 3829 1434 3897 λέγων,
1456 3830 1538 3881 ὃτι
1565 3831 1657 3883 καὶ
1682 3831 1777 3881 αὑ-

214 3916 318 3968 τοῦ
366 3914 456 3968 τοῦ
503 3915 677 3977 εἴδους
714 3917 810 3986 τῆς
853 3917 1124 3987 ἁμαρτίας
1160 3918 1448 3990 μέμνηται,
1485 3921 1578 3973 καὶ
1613 3919 1774 3972 αὐτοῦ

215 4007 317 4061 τοῦ
355 4007 523 4061 τύπου
563 4008 656 4062 xal
695 4007 858 4062 αὐτοῦ
885 4009 980 4061 τοῦ
1010 4009 1299 4080 προσώπου
1331 4014 1772 4083 συναμαρτήσαν-

213 4117 336 4158 τος.
370 4100 479 4152 Kal
507 4101 675 4163 ὅντως
705 4101 801 4156 ἐὰν
843 4100 1014 4164 οὕτως
1059 4101 1226 4162 ἐστὶν,
1259 4100 1336 4153 ἔτι
1377 4102 1558 4154 πλεῖον
1600 4103 1774 4172 κάκην

216 4185 459 4262 ἐσχάτην
497 4191 708 4262 ἔχωμεν
751 4193 981 4255 ἑαυτοῖς.
1023 4192 1122 4246 Διὰ
1155 4192 1309 4245 τοῦτο
1346 4193 1431 4245 ἀεὶ
1456 4192 1596 4260 λέγω
1625 4194 1770 4264 ὑμῖν,

216 4284 559 4338 πουδάσατε
595 4286 857 4355 γεωργεῖν
899 4285 1096 4349 καλοὺς
1120 4285 1426 4355 λογισμοὺς,
1462 4283 1547 4338 ίνα
1579 4285 1772 4349 αὐτοὺς

1881 3108 2032 3161 niore
2060 3106 2291 3176 quodam
2325 3103 2581 3167 maximo,
2612 3102 2896 3170 aiebatque
2925 3100 3052 3154 ille:
3096 3098 3268 3152 Exuto
3306 3112 3429 3152 cor-

1878 3207 2008 3261 pore
2042 3193 2276 3245 animam
2313 3188 2584 3243 reminisci
2613 3188 2790 3240 omnis
2823 3186 3034 3238 virtutis
3058 3194 3113 3237 et
3139 3185 3253 3238 vitii
3283 3183 3428 3253 quod

1876 3283 2060 3336 vivens
2108 3281 2161 3335 in
2207 3295 2430 3348 corpore
2478 3287 2694 3347 operata
2749 3286 2910 3336 esset,
2971 3290 3215 3344 persona:
3263 3276 3425 3328 etiam

1877 3388 2108 3444 quacum
2149 3373 2234 3426 illa
2264 3377 2637 3440 perpetrasset.
2680 3369 2788 3436 Ego
2817 3381 2944 3420 vero
2973 3375 3154 3420 contra
3182 3365 3424 3418 dicebam

1877 3481 1985 3520 non
2012 3466 2084 3520 ita
2112 3480 2230 3519 esse
2253 3463 2491 3537 omnino,
2525 3462 2616 3515 sed
2648 3460 2874 3512 fortasse
2905 3458 3102 3511 habere
3130 3471 3247 3509 eam
3278 3455 3426 3509 habi-

1880 3565 1989 3608 tum
2018 3557 2243 3625 peccati,
2274 3545 2433 3622 quem
2469 3554 2521 3607 in
2558 3567 2615 3606 se
2644 3552 2757 3620 ipsa
2782 3566 2846 3604 ex
2884 3550 3146 3619 frequenti
3179 3558 3298 3602 actu
3335 3563 3424 3618 pe-

1877 3649 2123 3714 perisset,
2156 3656 2317 3716 atque
2353 3629 2510 3715 hujus
2536 3645 2869 3698 meminisse.
2906 3644 3100 3711 Sicque
3127 3640 3193 3695 de
3233 3656 3290 3694 re
3328 3641 3427 3694 hac

1876 3737 2082 3790 diutius
2132 3738 2271 3790 inter
2319 3752 2420 3790 nos
2463 3725 2858 3799 cantendimus,
2912 3750 3035 3788 cum
3066 3741 3274 3802 optaret
3324 3733 3426 3786 hoc

1875 3833 2049 3896 ipsum
2087 3837 2312 3896 uterque
2340 3837 2582 3879 nostrum
2620 3842 2718 3894 pro
2746 3835 2892 3878 certo
2923 3827 3078 3879 scire.
3114 3822 3227 3878 Non
3275 3833 3427 3892 pote-

1876 3931 1957 3975 rat
1990 3928 2169 3973 autem
2199 3919 2312 3973 seni
2346 3920 2446 3972 hoc
2489 3916 2817 3987 persuaderi,
2859 3916 3298 3984 persistehatque,
3340 3916 3425 3968 tli-

1874 4026 2005 4064 eens
2031 4009 2173 4080 quod
2206 4009 2384 4062 anima
2419 4008 2579 4060 etiam
2625 4005 2795 4075 ipsius
2831 4003 3033 4073 peccati
3073 4003 3305 4070 speciem
3338 4019 3424 4056 re-

1875 4103 2271 4178 minisceretur,
2299 4113 2503 4153 necnon
2553 4113 2836 4167 personam
2864 4104 2917 4150 et
2949 4095 3124 4147 locum
3159 4093 3254 4148 ubi
3295 4108 3422 4164 pec-

1873 4201 2067 4248 casset.
2104 4192 2166 4243 Et
2193 4205 2321 4244 sane
2351 4189 2397 4242 si
2424 4188 2497 4242 ita
2527 4198 2627 4251 est,
2654 4189 2815 4242 etiam
2845 4185 3026 4256 pejora
3051 4193 3213 4238 erunt
3241 4185 3422 4239 novis-
3516 4207 3529 4220 ι

1874 4287 2007 4340 sima
2037 4293 2217 4337 nostra
2242 4296 2404 4349 quam
2440 4281 2704 4341 dicebam,
2738 4278 2840 4331 nisi
2884 4277 3041 4331 nobis
3072 4277 3202 4346 ipsis
3244 4285 3418 4329 atten-

213 4374 421 4445 εὖρητε
447 4376 578 4430 ἐκεῖ.
603 4375 672 4429 Εἴ
693 4392 747 4428 τι
777 4372 886 4445 γὰρ
908 4374 1021 4446 ἔχει
1056 4393 1139 4439 τις
1173 4368 1297 4442 ὧδε,
1329 4377 1458 4429 αὐτὸ
1490 4375 1768 4446 ἐξέρχεται

1879 4379 2078 4431 damus.
2111 4372 2221 4427 llac
2248 4373 2313 4426 de
2351 4388 2516 4427 causa
2544 4387 2638 4425 vos
2660 4383 2870 4436 semper
2896 4370 3170 4434 adhortor,
3203 4368 3415 4429 fratres,

215 4466 344 4534 μετ’
360 4465 544 4531 αὑτοῦ,
571 4467 667 4520 καὶ
689 4465 818 4519 αὐτὸ
844 4466 1026 4535 μέλλει
1053 4467 1194 4535 ἐχειν
1226 4469 1359 4522 ἐκεῖ.
1394 4468 1771 4537 Φροντίσωμεν

1879 4479 1928 4524 ut
1977 4467 2208 4535 optimas
2250 4465 2600 4535 cogitationes
2632 4475 2768 4530 quas
2807 4461 2929 4515 istic
2959 4461 3297 4531 postmodum
3331 4457 3417 4510 in-

123 4580 143 4609 ι
215 4556 483 4626 ῥυσθῆναι
515 4559 624 4611 άπὸ
645 4558 744 4628 τῆς
765 4556 1019 4626 τοιαύτης
1046 4557 1311 4627 ἀνάγκης,
1343 4558 1580 4625 ἀδελφοὶ,
1607 4575 1771 4611 σπου-

206 4645 487 4716 δάσωμεν,
531 4650 627 4702 καὶ
650 4649 680 4701 6
715 4649 847 4711 Θεὸς
876 4649 1017 4701 ποιεῖ
1043 4647 1160 4717 μεθ’
1190 4649 1346 4717 ήμῶν
1377 4648 1438 4701 τὸ
1462 4648 1628 4713 ἔλεος.
1659 4650 1768 4702 A6-

205 4737 310 4801 τὸς
334 4736 442 4808 γάρ
472 4739 621 4791 ἐστιν
645 4739 679 4808 ή
706 4730 880 4803 ἐλπίς
915 4737 1154 4792 πάντων
1179 4736 1296 4790 τῶν
1319 4738 1477 4807 παρὰ
1506 4740 1625 4794 τῶν
1657 4739 1768 4808 τῆς

202 4829 332 4900 τῆς
352 4829 448 4884 καί
467 4829 586 4885 τῶν
608 4830 679 4884 ἐν
700 4826 982 4900 θαλὰσὰῃ
1000 4829 1254 4901 μακράν.
1281 4833 1344 4884 Oi
1377 4833 1456 4896 είς
1474 4834 1539 4886 τά
1559 4834 1768 4902 πέρατα

195 4923 315 4994 ’ἧς
355 4921 478 4994 γῆς,
502 4922 639 4976 είσὶν
663 4923 712 4975 οί
740 4923 798 4976 ἐν
826 4907 1011 4995 τελείᾳ·
1033 4922 1219 4994 κακίᾳ·
1261 4925 1310 4978 οί
1344 4925 1400 4977 δὲ
1431 4927 1488 4976 ἐν
1524 4924 1764 4996 θαλάσσῃ

199 5012 434 5084 ειακράν
475 5015 634 5077 εἰσιν,
677 5015 728 5068 oi
774 5000 852 5068 ἐνὲ
882 5014 1081 5085 ἐσχάτῃ
1122 5014 1378 5087 ἀγνωσία·
1424 5015 1516 5066 καὶ
1551 5015 1701 5084 ὅμως
1736 5018 1766 5068 6

195 5103 444 5175 Χριστός
470 5108 616 5160 ἐστιν
651 5108 685 5177 ή
729 5106 883 5170 ἐλπὶς
915 5104 1323 5160 τῶντοιούτων.
1354 5105 1528 5175 Χρεία
1566 5108 1764 5177 μικροῦ

197 5197 404 5263 κόπου,
456 5198 823 5269 κοπιάσωμεν,
877 5197 962 5250 ἵνα
1008 5195 1333 5268 ἐλεηθῶμεν.
1381 5196 1508 5250 Ἐὰν
1544 5195 1640 5269 ἔχῃ
1679 5215 1765 5263 τις

203 5281 408 5363 φριον
441 5289 536 5344 καὶ
566 5289 827 5366 ἀμελήση
858 5288 1022 5340 αὐτοῦ
1061 5288 1156 5342 καὶ
1198 5284 1468 5360 χερσωθῇ,
1501 5289 1597 5359 οὐχ
1640 5290 1763 5343 ὅσον

192 5373 406 5449 aula!
429 5379 617 5442 αὐτοῦ,
657 5377 907 5431 τοσοῦτον
942 5378 1204 5449 γεμοῦται
1240 5370 1484 5433 ἀκανθῶν
1518 5381 1612 5434 καὶ
1655 5398 1763 5451 τρι-

199 5467 409 5534 (ann;
437 5469 565 5522 ὅταν
589 5467 648 5523 δὲ
666 5467 793 5538 ἔλθη
819 5468 898 5530 είς
922 5467 984 5519 τὸ
1015 5468 1303 5540 καθαρίσαι
1331 5468 1481 5534 αὐτὸ,
1510 5469 1608 5539 οὐχ
1639 5463 1760 5522 ὅσον

196 5560 439 5630 γέμουσι
462 5558 684 5612 τοσοῦτο
699 5557 915 5629 ἔχουσιν
934 5559 1338 5632 αίμοῤῥαγῆσαι
1369 5561 1424 5613 αί
1461 5565 1639 5634 χεῖρες
1661 5564 1758 5615 αὐ-

195 5647 592 5717 ηὗ,’θέλοντος
611 5651 922 5707 άνασπᾶσαι
950 5651 1047 5722 τὴν
1075 5653 1247 5723 κακὴν
1273 5651 1499 5724 βοτάνην
1523 5656 1753 5724 ἐκείνην,

267 5842 294 5871 ο
332 5827 476 5888 Psal.
512 5846 671 5896 cnv,
701 5831 754 5886 4.
827 5829 855 5870 ά
887 5828 1026 5890 Psal.
1058 5845 1182 5897 xxv,
1209 5829 1258 5881 7.

1867 4557 2118 4630 veniatis,
2153 4557 2309 4611 vobis
2339 4553 2616 4609 excolatis.
2655 4551 2926 4622 Quidquid
2955 4552 3097 4606 enim
3139 4549 3225 4602 hic
3251 4549 3416 4602 homo

1867 4645 1968 4703 sibi
1998 4649 2287 4719 paraverit,
2323 4646 2446 4700 istic
2475 4657 2635 4697 omne
2679 4643 2878 4698 tenebit
2920 4655 3152 4709 semper,
3185 4647 3240 4693 et
3289 4655 3412 4693 eum

1864 4754 1930 4794 eo
1959 4740 2161 4809 pariter
2184 4734 2485 4806 egredietur
2514 4749 2580 4788 ex
2603 4730 2850 4803 corpore.
2873 4729 3136 4787 Curemus
3170 4729 3334 4798 igitur
3363 4740 3417 4786 et

1864 4831 2197 4893 Studeamus,
2218 4827 2432 4889 fratres,
2451 4825 2518 4878 ab
2544 4825 2647 4880 hac
2670 4826 2804 4879 dura
2833 4821 3146 4878 necessitate
3175 4821 3412 4884 liberari,

1861 4933 1915 4979 et
1929 4923 2078 4978 dabit
2090 4917 2247 4973 nobis
2264 4916 2406 4971 Deus
2421 4916 2845 4972 misericordiam
2861 4927 3035 4968 suam.
3050 4911 3164 4980 Ipse
3174 4913 3318 4965 enim
3332 4925 3416 4967 est

1863 5015 2002 5069 utin
2031 4999 2263 5076 PSalmo,
2299 5025 2412 5077 spes
2444 5011 2676 5063 omnium
2710 5007 2893 5078 ﬁnium
2917 5014 3070 5058 terra:
3103 5015 3153 5058 et
3189 5006 3243 5057 in
3278 5010 3426 5070 mari

1861 5102 2008 5171 longe
2021 5100 2068 5153 ά.
2087 5099 2342 5165 Qui,oro,
2363 5101 2560 5155 suntin
2578 5098 2769 5152 ﬁnibus
2783 5094 2971 5150 terrm?
2990 5092 3087 5150 Hei
3104 5095 3197 5166 qui
3219 5098 3272 5150 in
3290 5111 3413 5165 per-

1843 5184 1997 5246 t'eeta
2043 5191 2325 5261 iniquitate
2369 5192 2520 5247 sunt!
2578 5189 2679 5256 Qui
2731 5194 2909 5242 autem
2944 5187 3000 5242 in
3041 5187 3176 5242 mari
3219 5187 3428 5265 longe?_

1857 5283 1950 5353 qui
1988 5283 2043 5336 in
2071 5291 2310 5338 extrema
2360 5282 2658 5354 ignorantia
2686 5271 2814 5334 sunt.
2853 5297 2867 5332 :
2905 5292 2959 5334 et
2994 5290 3170 5336 tamen
3214 5279 3408 5333 horum

1856 5376 2096 5432 omnium
2126 5375 2379 5432 Christus
2409 5391 2531 5446 spes
2563 5382 2665 5428 est.
2702 5372 2816 5426 Non
2861 5373 3024 5443 igitur
3066 5389 3202 5443 opus
3250 5371 3411 5425 nobis

1856 5477 1938 5523 est
1964 5468 2131 5522 multo
2162 5468 2368 5523 labore.
2402 5467 2750 5521 Elaboremus
2775 5467 3066 5528 modicum,
3101 5471 3154 5518 et
3191 5463 3405 5516 miseri-

1855 5561 2094 5615 cordiam
2129 5549 2353 5617 multam
2383 5574 2798 5628 consequemur.
2833 5558 2890 5612 Si
2933 5559 3054 5629 quis
3081 5555 3260 5610 villam
3311 5554 3408 5609 ha-

1856 5652 1998 5716 beat,
2031 5663 2083 5708 et
2115 5654 2388 5725 negligens
2419 5652 2563 5706 illam
2597 5655 2739 5708 sinat
2772 5650 3028 5722 incultam
3062 5645 3198 5707 ﬁeri,
3229 5662 3408 5704 nonne
