4020 6340
487 398 628 463 1⁸155

1683 407 1740 463 S.
1787 402 2171 463 Dnﬂtﬂ‘IlEl
2209 403 2522 462 ABBATIS

3585 395 3720 462 1³756

410 497 416 508 ﬂ
484 519 690 576 quanto
719 509 864 564 illam
900 513 1216 578 negiexerit,
1267 521 1414 565 tanto
1449 512 1618 581 magis
1647 513 1818 580 spinis
1856 524 1910 565 ct
1955 513 2051 566 tri-

2179 513 2222 580 “;v
2248 512 2461 580 ἀφῆκεν
2499 510 2740 564 ἀνελθεῖν
2780 511 2838 562 ὲν
2871 511 2947 580 τῷ
2985 511 3161 583 καιρῷ
3187 512 3286 582 τῆς
3320 509 3574 582 ἀμελείας
3619 511 3719 561 αὐ-

489 601 633 655 hulis
662 605 993 672 replebitur?
1024 605 1177 669 Quod
1209 605 1255 659 si
1286 603 1630 674 postmodum
1673 605 1740 658 ad
1785 620 1906 658 eam
1956 620 2054 658 cx-

491 695 834 764 pugnandam
870 698 1191 759 surrexerit,
1241 711 1422 751 nonne
1468 711 1578 765 quo
1626 696 1833 766 plenior
1885 697 2056 765 spinis

493 785 673 849 fuerit,
704 801 771 840 eo
800 786 968 856 magis
999 801 1192 840 manus
1235 786 1355 856 ejus
1403 788 1665 856 sanguine
1695 787 1882 850 ﬂuent,
1927 788 2055 841 dum

483 891 588 938 cas
631 886 686 930 et
733 885 958 931 caeteras
987 876 1181 931 herbas
1229 877 1544 933 infecundas
1585 888 1640 932 et
1682 880 1893 934 steriles
1921 894 2059 948 quas

493 968 567 1021 ibi
616 968 881 1038 pullulare
932 984 1033 1023 sua
1085 968 1409 1039 negligentia
1453 971 1719 1040 permisit,
1759 972 2060 1041 exstirpare

493 1061 738 1115 curabit?
777 1059 1112 1138 lmpossihile
1138 1070 1223 1116 cst
1247 1061 1390 1116 enim
1422 1062 1657 1132 aliquem
1688 1062 1834 1116 aliud
1861 1073 2060 1118 metere

493 1172 659 1224 quam
690 1155 834 1223 quod
867 1155 1235 1208 seminaverit.
1288 1153 1513 1223 Oportet
1543 1164 1724 1209 autem
1769 1155 2060 1224 agricolam

494 1247 590 1315 qni
623 1246 804 1299 villam
834 1261 989 1301 suam
1021 1248 1226 1316 optimc
1257 1261 1488 1315 purgare
1530 1246 1778 1311 voluerit,
1826 1248 2060 1321 primum

497 1337 716 1403 quidem
755 1337 1016 1391 radicitus
1046 1337 1244 1392 herbas
1271 1338 1518 1392 evellere.
1566 1335 1678 1391 Nisi
1706 1339 1851 1392 enim
1884 1337 1960 1391 ita
1989 1338 2065 1392 l’e-

497 1429 654 1492 rerit,
681 1439 736 1483 et
761 1432 1134 1484 summitatem
1175 1439 1387 1484 tantum
1415 1430 1702 1493 abraserit,
1733 1431 1911 1484 denuo
1945 1433 2064 1499 pul-

500 1524 761 1578 lnlahunt.
804 1523 956 1593 Opus
983 1533 1068 1580 est
1098 1523 1282 1594 igitur,
1317 1533 1378 1577 ut
1409 1524 1541 1588 dixi,
1580 1522 1787 1580 radices
1828 1526 2061 1594 primum

496 1615 841 1682 exstirpare:
882 1614 1023 1682 quod
1055 1629 1180 1667 cum
1231 1614 1402 1681 egerit
1432 1623 1486 1668 et
1533 1615 1601 1668 ab
1651 1613 1953 1670 infecundis
2001 1630 2066 1669 ac

499 1706 657 1759 malis
688 1705 872 1759 herbis
899 1714 1252 1775 expurgatam
1302 1705 1614 1769 reddiderit,
1665 1707 1886 1759 omnino
1939 1716 2068 1761 tunc

500 1797 720 1866 incipiet
768 1797 948 1864 glebas
1000 1797 1268 1852 invertere
1315 1806 1372 1850 et
1419 1796 1688 1866 frangere,
1739 1798 2067 1867 demumque

2154 602 2248 656 τοῦ
2272 619 2286 668 ;
2340 603 2624 657 ’Λδὺνατον
2649 605 2758 673 γάρ
2779 603 2894 656 ἐστι
2921 606 3044 657 τινά
3073 603 3147 674 μὴ
3172 603 3384 674 θερίσαι
3417 601 3444 655 ὃ
3474 603 3716 671 ἔσπειρε-π

2155 695 2345 766 χρῄζει
2373 695 2430 748 δὲ
2461 698 2489 750 ὁ
2518 695 2686 749 θέλων
2716 696 3009 766 καθαρίσαι
3029 695 3089 749 τὸ
3117 697 3313 767 χωρίον
3346 693 3532 758 αὐτοῦ,
3563 693 3720 764 πρῶ-

2155 805 2245 841 τον
2286 788 2383 856 μὲν
2429 787 2516 851 ἵνα
2567 788 2747 851 καλῶς
2799 787 3070 859 ὲκριζώσῃ
3113 789 3294 850 πάσας
3337 788 3436 850 τὰς
3467 786 3718 856 βοτάνας.

2171 877 2296 932 Ἐὰν
2321 880 2428 950 γὰρ
2461 879 2534 950 μὴ
2567 879 2748 943 καλῶς
2774 881 3064 953 ἀνασπάσῃ
3091 881 3190 942 τὰς
3219 880 3375 951 ῥίζας
3405 879 3583 931 αὐτῶν
3616 879 3723 930 πάο

2161 987 2280 1034 σας,
2302 970 2436 1026 ἀλλὰ
2467 972 2626 1040 μόνον
2648 973 2855 1026 ἄνωθεν
2885 973 3027 1044 κάρη
3057 972 3245 1036 αὑτάς,
3281 972 3444 1026 πάλιν
3472 970 3720 1040 ψύονται.

2157 1062 2312 1115 θέλει
2344 1059 2436 1116 οὖν
2462 1081 2546 1127 τις
2571 1065 2656 1117 ἵνα
2679 1065 2848 1128 αὐτὰς
2881 1066 3057 1134 ῥίζας.
3091 1066 3165 1129 ὡς
3197 1059 3373 1128 εἶπον,
3407 1063 3720 1134 ἀνασπάσῃ,

2160 1157 2253 1211 καὶ
2281 1159 2417 1228 μετὰ
2437 1157 2498 1212 τὸ
2525 1159 2704 1224 καλῶς
2727 1158 3019 1232 καθαρίσαι
3043 1159 3174 1213 αὐτὸ
3193 1159 3302 1213 ἀπὸ
3322 1155 3430 1209 τῶν
3460 1155 3722 1226 βοτανῶν,

2161 1249 2257 1302 καὶ
2282 1249 2531 1304 ἀκανθῶν
2550 1251 2645 1305 καὶ
2666 1252 2773 1304 τῶν
2793 1251 3074 1314 τοιούτων,
3107 1251 3252 1305 θέλει
3281 1247 3724 1321 καλοστροφῆσαι

2161 1342 2293 1394 αὐτὸ
2313 1343 2408 1396 καὶ
2433 1331 2746 1407 κοπανγίσοίι,
2776 1346 2871 1398 καὶ
2890 1343 3061 1407 οὕτως
3084 1343 3405 1414 άροτριάσαι
3431 1343 3580 1398 αὐτόο
3599 1341 3725 1394 τότε

2161 1433 2347 1487 λοιπὸν
2379 1435 2524 1488 θέλει
2561 1439 2778 1507 σπεῖραι
2819 1437 2949 1490 αὐτὸ
2983 1435 3146 1490 καλὸν
3176 1436 3416 1505 σπέρμα.
3457 1435 3581 1488 Ἐάν
3611 1433 3728 1503 γάρ

2166 1527 2303 1594 μετὰ
2341 1527 2404 1580 τὸ
2437 1527 2658 1596 ποιῆσαι
2691 1527 2852 1583 αὑτὸν
2892 1528 3158 1597 τοσαύτην
3190 1527 3524 1596 φιλοκαλίαν,
3571 1527 3729 1580 ἐάσει

2164 1617 2292 1670 αὐτὸ
2323 1619 2853 1690 ἀργδν,άνέρχονται
2895 1622 2950 1673 ai
2991 1619 3228 1689 βοτάναι,
3272 1601 3368 1670 καί
3413 1617 3731 1687 εὑρίσκουσι

2161 1709 2260 1780 τὴν
2293 1711 2400 1780 γῆν
2436 1710 2650 1781 ἁπαλὴν
2695 1713 2786 1764 καὶ
2827 1711 2996 1782 καλὴν
3030 1715 3093 1765 ὲκ
3124 1713 3223 1782 τῆς
3266 1709 3600 1779 φιλοκαλίας,
3633 1709 3733 1761 καὶ⁵

2167 1801 2418 1871 βάλλουσι
2446 1803 2598 1857 κάτω
2633 1806 2712 1868 είς
2739 1803 2900 1875 βάθος
2925 1803 3023 1868 τὰς
3050 1803 3224 1875 ῥίζας,
3256 1803 3353 1859 καὶ
3373 1801 3554 1856 πλεῖον
3579 1802 3734 1870 ἰσχυ-

498 1891 673 1942 nrahit
721 1890 865 1942 illam
909 1898 962 1942 et
1004 1903 1187 1942 semen
1229 1891 1496 1958 optimum
1548 1889 1601 1943 in
1651 1905 1771 1943 eam
1826 1900 2062 1960 sparget.

2179 1897 2510 1961 οοποιοῦνται
2533 1899 2627 1951 καὶ
2657 1897 3020 1968 πληθύνονται
3048 1899 3108 1950 ὲν
3129 1899 3288 1968 αὐτῇ.

497 1978 632 2033 Nam
668 1981 758 2034 ubi
788 1981 933 2034 illam
959 1982 1096 2035 adeo
1124 1981 1440 2044 excoluerit,
1477 1983 1522 2037 si
1559 1983 1792 2036 otiosam
1822 1983 2120 2053 reliquerit,
2171 2003 2350 2043 nonne
2377 1991 2721 2061 pullulabunt
2751 1993 2804 2046 in
2837 2007 2902 2048 ea
2930 2005 3118 2047 rursus
3149 1990 3331 2046 herba
3375 1988 3622 2052 steriles;
3677 1971 3739 2041 (εί

500 2068 717 2123 mollem
753 2080 913 2138 atque
945 2072 1201 2140 optimam
1235 2087 1304 2124 ex
1333 2071 1546 2125 cultura
1571 2081 1768 2125 terram
1799 2072 2158 2142 invenientes,
2184 2094 2364 2134 nonne
2389 2081 2597 2136 radices
2623 2082 2842 2138 altiores
2869 2091 2922 2137 et
2952 2081 3282 2152 potentiores
3327 2081 3591 2134 emittent.

577 2161 636 2216 ν.
679 2161 732 2217 ld
771 2164 946 2233 ipsum
983 2165 1036 2218 in
1071 2165 1250 2218 anima
1291 2173 1393 2219 est.
1429 2163 1578 2232 Opus
1623 2166 1776 2222 nobis
1825 2177 1908 2224 est
1939 2169 2070 2225 alie—

497 2256 735 2311 ctinnem
780 2272 996 2311 uiiinem
1028 2259 1239 2326 pristini
1293 2258 1528 2314 hominis
1571 2251 1636 2314 ac
1669 2262 1842 2316 malos
1889 2263 2070 2317 saeculi

503 2362 684 2402 mores
715 2349 1242 2418 entisuetudinesquc
1286 2367 1316 2404 a
1368 2352 1524 2406 nobis
1576 2363 1876 2421 amputare.
1929 2352 2074 2408 Nihil

502 2441 649 2494 etiiin
703 2441 856 2509 pejus
891 2445 1070 2509 pravis
1106 2443 1347 2496 moribus
1390 2451 1446 2495 et
1487 2443 1626 2496 mala
1661 2445 2073 2500 consuetudine.

507 2533 644 2587 llinc
685 2532 842 2587 divus
883 2533 1113 2588 Basilius
1155 2535 1336 2589 aiebat
1364 2534 1505 2589 haud
1551 2530 1774 2605 parvum
1802 2549 2073 2593 certamen

505 2641 649 2687 esse,
697 2627 779 2680 sui
826 2626 996 2695 ipsius
1039 2643 1299 2697 superare
1349 2630 1816 2695 consuetudinem.
1877 2629 2073 2685 Morem

507 2720 652 2771 enim
686 2719 957 2772 lirmatum
989 2717 1148 2787 longo
1175 2727 1436 2787 tempore,
1467 2730 1670 2774 natura:
1697 2729 1756 2773 ιιι
1786 2721 2074 2789 plurimum

507 2813 616 2863 vim
652 2810 874 2864 habere.
905 2809 1193 2864 Certamen
1227 2811 1390 2880 igitur
1435 2812 1668 2880 primum
1710 2813 1779 2868 sit
1818 2812 2078 2867 adversus

509 2901 684 2956 malos
727 2918 904 2956 mores
947 2911 1001 2957 et
1035 2903 1161 2956 vitia
1208 2918 1513 2973 causasque
1566 2919 1776 2968 eorum,
1822 2921 1942 2976 qua:
1987 2920 2078 2958 ra-

510 2995 659 3049 dices
687 2993 847 3066 532
881 3005 1024 3049 sunt.
1070 2993 1218 3060 Quas
1259 3009 1390 3049 sane
1433 2996 1644 3050 radices
1691 2997 1795 3051 nisi
1847 2997 2079 3065 quisque

511 3088 912 3156 exstirpavcrit,
948 3103 1170 3143 necesse
1207 3089 1311 3143 erit
1343 3089 1539 3144 iterum
1574 3091 1757 3158 spinas
1796 3105 2081 3159 erumpere

511 3188 569 3232 et
595 3195 925 3234 excrescere.
969 3181 1109 3234 Sunt
1135 3181 1281 3234 enim
1315 3181 1442 3236 vitia
1485 3182 1731 3252 quaedam
1777 3198 1896 3252 qua
1948 3183 2081 3236 nihil

516 3280 761 3340 possunt,
814 3273 858 3326 si
891 3287 1090 3326 causas
1120 3271 1334 3326 illorum
1369 3284 1653 3342 amputes:
1708 3289 1832 3328 nam
1881 3275 2081 3328 invidia

517 3365 570 3418 in
605 3380 663 3418 se
691 3364 806 3432 ipsa
832 3364 967 3418 nihil
986 3377 1088 3429 ρει,
1111 3365 1203 3421 sed
1235 3365 1394 3421 habet
1421 3381 1642 3430 causam
1674 3367 1851 3421 inanis
1873 3367 2077 3437 gloriae.

513 3457 617 3521 Qui
661 3455 802 3508 enim
851 3455 1070 3523 gloriari
1104 3455 1352 3521 voluerit,
1386 3456 1622 3511 invideat
1661 3470 1880 3512 necesse
1917 3466 2001 3511 est
2031 3465 2086 3511 et
2110 3425 2154 3484 ο

515 3547 750 3618 digniori
781 3555 836 3601 et
864 3547 1202 3600 honoratiori
1239 3562 1318 3600 se.
1350 3546 1430 3600 lra
1465 3560 1684 3614 quoque
1711 3561 1777 3600 ex
1808 3546 1928 3601 aliis
1955 3561 2086 3601 can-

515 3642 595 3694 sis
624 3640 886 3709 procedit.
918 3649 972 3693 et
1002 3637 1233 3692 maxime
1275 3653 1340 3692 ex
1389 3639 1682 3707 voluptate.
1740 3637 1909 3709 Cujus
1956 3654 2087 3694 sane

518 3731 768 3786 meminit
796 3731 1062 3799 Evagrius
1088 3747 1319 3786 narrans
1349 3731 1416 3787 de
1443 3731 1559 3786 viro
1594 3732 1826 3802 quodam
1860 3734 2089 3786 sanctis-

520 3825 682 3886 simo,
715 3825 856 3893 quod
889 3812 1097 3878 scilicet
1135 3823 1364 3878 dixisset
1397 3841 1412 3876 :
1448 3822 1654 3878 Hac-de
1681 3839 1846 3878 causa
1884 3825 2014 3879 tollo
2056 3839 2086 3878 a
2139 3833 2144 3837 ‘

524 3931 608 3970 inc
635 3917 960 3985 voluptates,
995 3926 1053 3972 ut
1082 3917 1379 3971 iracundia:
1406 3915 1718 3970 abscindam
1749 3909 2085 3970 occasiones.

524 4008 590 4063 lit
618 4009 863 4063 seniores
898 4008 1118 4078 quidem
1150 4024 1339 4064 omnes
1376 4009 1734 4072 allirmavere,
1763 4009 1949 4062 vitium
1974 4025 2091 4062 om-

526 4117 592 4154 ne
619 4116 647 4152 a
684 4101 856 4155 tribus
884 4100 968 4155 his
1007 4099 1354 4168 passionibus
1388 4101 1587 4156 habere
1625 4100 1911 4170 originem,
1959 4115 2091 4154 ava-

526 4195 649 4247 ritia
681 4192 908 4258 scilicet,
936 4192 1081 4246 inani
1107 4192 1277 4262 gloria
1302 4202 1356 4246 et
1385 4191 1622 4247 luxuria.
1645 4193 1902 4263 Amputet
1926 4195 2090 4264 igitur

528 4285 903 4355 uinisquisque
934 4301 964 4339 ιι
998 4299 1056 4339 se
1090 4300 1197 4338 non
1235 4284 1414 4340 solum
1441 4283 1592 4347 vitia,
1630 4285 1724 4339 sed
1755 4297 1808 4339 et
1834 4285 2088 4341 vitiorum

526 4395 739 4442 mntsas,
788 4389 1121 4447 exornetque
1169 4391 1350 4430 mores
1379 4392 1509 4431 suos
1553 4390 1651 4446 per
1698 4379 2090 4444 pcenitcntiam,

529 4488 624 4542 per
653 4473 938 4541 lacrymas,
973 4485 1068 4538 per
1101 4469 1356 4537 gemitum
1386 4486 1399 4520 :
1429 4471 1616 4538 sicque
1646 4470 1846 4523 sensim
1874 4470 2094 4538 incipiet

528 4581 711 4620 semen
750 4566 974 4628 bonum,
1029 4563 1130 4617 hoc
1176 4573 1282 4628 est,
1331 4576 1494 4630 Opera
1547 4563 1708 4626 bona,
1761 4576 1859 4632 per
1902 4577 2092 4632 agrum

529 4673 689 4712 suum
720 4671 992 4726 Spargere.
1035 4654 1166 4710 Nam
1203 4665 1261 4708 ut
1300 4655 1367 4708 de
1414 4653 1539 4707 villa
1581 4654 1842 4718 diximus,
1890 4653 1994 4710 nisi
2030 4671 2092 4710 ea

2245 2175 2320 2229 E'.
2350 2177 2534 2242 Οὕτως
2562 2178 2679 2232 ἐστὶ
2735 2179 2828 2231 καὶ
2867 2177 2929 2230 τὸ
2965 2178 3066 2248 τῆς
3096 2177 3294 2246 ψυχῆς.
3326 2175 3547 2244 Πρῶτον
3587 2174 3739 2228 θέλει

2174 2269 2404 2340 ἐκκόψαι
2427 2271 2604 2324 πᾶσαν
2629 2269 2864 2325 παλαιὰν
2889 2268 3278 2341 προσπάθειαν,
3312 2269 3408 2322 καὶ
3437 2267 3534 2330 τὰς
3556 2268 3740 2329 κακὰς

2175 2363 2480 2432 συνηθείας.
2503 2365 2612 2418 Καὶ
2641 2365 2669 2416 ὁ
2688 2363 2842 2433 ἅγιος
2871 2361 3145 2424 Βασίλειος
3176 2360 3345 2429 λέγει’
3377 2379 3395 2412 ι
3434 2360 3508 2412 Οὐ
3539 2358 3742 2428 μικρὸς

2173 2452 2230 2510 δὲ
2283 2447 2434 2518 οὗτος
2489 2457 2518 2507 ὁ
2562 2453 2732 2524 ἀγὼν,
2787 2455 3015 2517 ἑαυτοὺς
3055 2450 3437 2523 περιγενέσθαι
3476 2448 3578 2518 τῆς
3607 2466 3741 2501 συν-

2175 2544 2382 2615 ηθείας.
2423 2545 2582 2608 Ἐθος
2624 2546 2746 2615 γάρ
2794 2546 2882 2598 διὰ
2928 2542 3140 2615 μακροῦ
3173 2544 3364 2614 χρόνον
3413 2540 3742 2611 βεϐαιωθὲν,

2177 2637 2390 2706 φύσεως
2423 2636 2593 2705 ἰσχὺν,
2628 2636 2704 2699 ὡς
2743 2636 2811 2692 τὰ
2844 2636 3034 2699 πολλὰ,
3063 2634 3352 2705 λαμϐάνει.
3388 2653 3410 2686 ι
3449 2633 3610 2700 Λέγει
3644 2626 3746 2685 οὖν

2175 2743 2258 2791 τις
2311 2726 2703 2796 ἀγωνίσασθαι,
2748 2726 2825 2790 ὼς
2879 2720 3053 2790 εἷπον,
3097 2724 3234 2793 πρὸς
3275 2722 3375 2786 τάς
3399 2721 3578 2786 κακὰς
3614 2738 3748 2775 συν-

2177 2818 2384 2886 ηθείας,
2430 2820 2523 2873 καὶ
2568 2819 2706 2890 πρὸς
2747 2817 2815 2872 τά
2847 2816 3019 2888 πάθη,
3049 2815 3145 2870 καὶ
3174 2815 3236 2869 οὐ
3270 2814 3430 2885 μόνον
3460 2814 3598 2886 πρὸς
3637 2815 3746 2877 τὰς

2179 2911 2357 2972 αἰτίας
2386 2911 2585 2975 αὐτῶν,
2614 2910 2813 2974 αἵτινές
2840 2910 2946 2963 είσι
2975 2907 3140 2981 ῥίζαι.
3166 2905 3277 2962 Καὶ
3296 2906 3392 2961 ἐὰν
3415 2906 3491 2978 μὴ
3510 2907 3567 2960 αἱ
3591 2904 3748 2974 ῥίζαι

2181 2983 2538 3069 ἑκϐληθῶσιν,
2581 2999 2793 3069 ἀνάγκη
2833 2999 2931 3062 τὰς
2977 2997 3219 3060 ἀκάνθας
3273 2996 3437 3050 πάλιν
3485 2993 3748 3064 φύεσθαι.

2179 3093 2301 3146 Εἰσὶ
2329 3094 2436 3164 γάρ
2465 3109 2584 3146 τινα
2613 3092 2758 3162 πάθη
2803 3091 2967 3162 μηδὲν
2996 3088 3271 3160 ίσχύοντα,
3293 3088 3391 3142 ἐὰν
3417 3086 3624 3160 ἐκκόψῃ
3659 3106 3749 3151 τις

2177 3186 2275 3250 τάς
2307 3187 2486 3247 αίτίας
2537 3184 2735 3239 αὐτῶν·
2764 3177 2896 3248 οἷον,
2927 3183 2955 3236 ὁ
2982 3182 3174 3252 φθόνος
3213 3181 3338 3237 καθ’
3370 3179 3560 3234 ἑαυτὸν
3589 3180 3752 3234 οὐδέν

2179 3281 2351 3344 ἐστιν,
2381 3279 2518 3332 ἀλλὰ
2543 3277 2654 3348 ἔχει
2678 3276 2800 3331 τινά
2827 3277 2975 3331 αἴτια
3002 3275 3063 3341 ἐξ
3096 3268 3171 3330 ὧν
3198 3277 3315 3329 ἐστι
3347 3273 3444 3328 καὶ
3471 3274 3505 3344 ἡ
3537 3271 3754 3343 φιλοδο-

2186 3371 2291 3435 ξία.
2319 3371 2500 3424 Θέλων
2529 3371 2637 3440 γάρ
2660 3387 2742 3430 τις
2767 3367 3113 3437 ὼξασθῆναι,
3141 3365 3330 3436 φθονεῖΔ
3348 3364 3429 3434 τῷ
3449 3362 3755 3432 δοξαζομέ-

2187 3481 2282 3534 νῳ,
2317 3464 2351 3518 il
2393 3461 2472 3531 τῷ
2510 3459 2928 3531 προτιμωμένῳ.
2967 3457 3199 3528 Ὁμοίως
3228 3457 3325 3511 καὶ
3363 3457 3398 3528 ἡ
3432 3455 3571 3526 ὀργὴ
3603 3454 3758 3523 γίνε-

2186 3571 2276 3611 ται
2303 3552 2362 3619 ἐξ
2389 3551 2564 3606 ἄλλων
2588 3551 2796 3614 αίτιῶν,
2818 3550 2914 3602 καὶ
2943 3547 3176 3620 μάλιστα
3204 3549 3270 3600 ἐκ
3295 3547 3394 3616 τῆς
3415 3544 3768 3616 φιληδονίας.

2188 3642 2298 3697 Καὶ
2334 3643 2604 3713 μέμνηται
2626 3639 2816 3692 τούτου
2837 3639 2931 3692 καὶ
2960 3637 3231 3707 Εὑάγριος
3259 3634 3432 3704 λέγων
3460 3635 3586 3705 περί
3604 3651 3757 3698 τινος

2187 3732 2364 3802 ἁγίου,
2395 3733 2478 3785 ὃτι
2506 3730 2680 3799 ἔλεγε,
2702 3728 2790 3786 διά
2813 3728 2972 3781 τοῦτο
3001 3727 3048 3759 ⁸³
3078 3726 3262 3797 ὲπέρω
3290 3727 3391 3789 τὰς
3425 3723 3636 3796 ἡδονάς,
3666 3726 3760 3778 ἵνα

2187 3825 2287 3887 τὰς
2315 3822 2409 3879 τοῦ
2437 3820 2610 3892 θυμοῦ
2649 3819 2926 3891 περικὸψω
2958 3819 3280 3890 προφάσεις.
3311 3817 3423 3873 Καὶ
3462 3815 3668 3879 πάντες
3699 3815 3761 3870 δὲ

2189 3920 2238 3973 οί
2267 3917 2479 3988 Πάτρες
2501 3915 2745 3984 λέγουσιν
2763 3914 2844 3968 ὅτι
2869 3913 3097 3965 ἕκαστον
3119 3909 3288 3971 πάθος
3321 3910 3386 3962 ἐκ
3410 3905 3617 3960 τούτων
3646 3906 3764 3960 τῶν

2188 4007 2353 4079 τριῶν
2394 4007 2671 4075 γεννᾶται,
2709 4005 2810 4074 τῆς
2859 4000 3181 4072 φιλοδοξίας,
3224 3997 3329 4068 τῆς
3369 3995 3758 4070 φιλαργυρίας,

2190 4102 2284 4155 καὶ
2313 4099 2409 4170 τῆς
2439 4096 2779 4168 φιληδονίας,
2800 4093 2981 4158 καθὼς
3001 4091 3273 4162 διαφόρως
3295 4085 3450 4144 εἷπον
3481 4090 3634 4158 ὑμῖν.
3661 4086 3762 4139 Θέ-

2189 4194 2270 4248 λει
2299 4189 2392 4247 οὖν
2418 4210 2500 4256 τις
2535 4192 2595 4244 οὐ
2627 4173 2786 4262 μόνον
2808 4186 3034 4256 ἐκκόψαι
3060 4186 3131 4241 τὰ
3162 4185 3333 4255 πάθη,
3357 4182 3497 4238 ἀλλὰ
3528 4183 3628 4235 καὶ
3658 4180 3764 4243 τὰς

2191 4288 2368 4350 αίτίας
2403 4284 2600 4348 αὐτῶν,
2632 4283 2728 4338 καὶ
2760 4281 2932 4343 οὕτως
2965 4276 3327 4357 φιλοκαλῆσαι
3347 4274 3529 4338 καλῶς
3552 4273 3624 4327 τά
3651 4273 3763 4344 ἢθη

2190 4379 2378 4438 αὐτοῦ,
2413 4377 2503 4430 διὰ
2541 4373 2849 4446 μετανοίας,
2895 4373 2989 4432 uel.
3018 4369 3328 4440 κλαυθμῶν,
3365 4367 3461 4421 καὶ
3500 4365 3623 4420 τότε
3657 4367 3763 4436 άρ-

2192 4472 2385 4538 ξασθαι
2444 4468 2684 4539 σπείρειν
2743 4466 2804 4520 τὸ
2840 4461 3002 4520 καλὸν
3048 4463 3290 4533 σπέρμα,
3335 4459 3495 4515 ἅτινά
3530 4460 3662 4524 εἰσι,
3694 4460 3764 4512 τά

2192 4564 2331 4618 καλὰ
2368 4562 2530 4632 ἔργα.
2564 4561 2715 4614 Ἐπεὶ
2746 4559 2932 4630 ὥσπερ
2959 4555 3186 4626 εἴπομεν
3237 4553 3368 4624 περὶ
3417 4549 3512 4606 τοῦ
3533 4548 3763 4620 χωρίου,

2193 4656 2294 4720 ὅτι,
2328 4654 2425 4708 ἐὰν
2467 4653 2540 4724 μὴ
2571 4652 2740 4724 βάλλῃ
2763 4667 2844 4714 τις
2871 4647 3039 4704 καλὸν.
3062 4645 3306 4717 σπέρμα,
3348 4642 3668 4714 ἀνέρχονται
3706 4643 3764 4694 at

528 4759 825 4821 expurgata
850 4759 904 4803 et
930 4748 1145 4804 exculta
1177 4747 1246 4801 ab
1283 4748 1546 4818 agricola,
1573 4749 1758 4803 statim
1797 4748 1941 4819 jacta
1975 4747 2082 4803 ἠως

2199 4746 2414 4818 βοτάναι
2443 4745 2535 4798 καὶ
2557 4738 2990 4814 εὑρίσκουσιτὴν
3011 4737 3118 4807 γῆν
3143 4735 3316 4805 καλὴν
3342 4731 3438 4790 καὶ
3461 4730 3680 4802 ἁπαλὴν
3698 4733 3766 4786 ὲκ

533 4846 643 4898 rint
673 4842 881 4898 semina
912 4841 1138 4910 Optima,
1173 4850 1464 4909 resurgunt
1489 4839 1636 4895 illico
1665 4841 1806 4896 mala
1830 4839 2096 4913 gramina,

533 4944 589 4990 et
622 4934 953 4990 invenientia
987 4934 1200 4999 mollem
1235 4941 1289 4988 ct
1320 4931 1520 4987 cultam
1558 4942 1756 4989 terram
1785 4934 1958 5004 magis
1986 4949 2100 4987 ma—

537 5029 726 5100 gisque
756 5029 808 5082 in
846 5043 908 5081 ea
938 5026 1320 5081 irradicantur.
1367 5024 1522 5091 Quod
1558 5019 1734 5097 ipsum
1789 5026 1841 5079 in
1883 5025 2102 5082 homine

536 5130 638 5177 cst.
683 5119 815 5173 Nam
848 5119 938 5174 ubi
972 5133 1153 5174 mores
1186 5134 1314 5174 suus
1350 5118 1671 5181 excoluerit,
1701 5125 1757 5173 et
1793 5132 1885 5187 per
1930 5118 2103 5187 paeni-

541 5213 767 5270 tentiam
798 5212 1065 5268 destiterit
1109 5227 1140 5266 a
1185 5211 1460 5282 prioribus
1501 5211 1712 5265 actibus
1734 5210 1869 5274 suis,
1910 5211 1953 5263 si
2003 5227 2102 5265 ne-

541 5308 767 5377 glexerit
807 5321 970 5374 opera
1006 5307 1144 5360 bona
1186 5303 1385 5366 facere,
1431 5313 1486 5359 et
1527 5304 1753 5359 virtutes
1799 5303 2100 5372 acquirere,

543 5403 604 5454 tit
631 5402 682 5453 in
708 5417 774 5455 eo
806 5399 948 5471 quod
986 5398 1183 5454 dicitur
1221 5399 1273 5453 in
1303 5396 1592 5464 Evangelio
1619 5415 1632 5448 :
1683 5397 1822 5461 Quia
1851 5411 1968 5449 cum
1998 5398 2104 5461 spi-

547 5493 682 5561 ritus
711 5491 1012 5545 immundus
1040 5490 1225 5543 exterit
1255 5489 1317 5542 ab
1352 5489 1579 5554 homine,
1614 5488 1848 5541 ambulat
1873 5503 1964 5556 per
1992 5486 2104 5538 loca

548 5585 804 5654 iuaquosa
845 5596 1078 5650 qutrrem
1119 5581 1366 5649 requiem,
1415 5590 1463 5634 et
1511 5596 1610 5634 non
1655 5578 1933 5640 inveniens,
1983 5586 2105 5630 tunc

2194 4841 2294 4910 τῆς
2321 4836 2660 4906 φιλοκαλίας,
2700 4833 2792 4888 καὶ
2823 4831 3007 4886 πλεῖον
3051 4825 3418 4902 ριζοὸολοῦσιν
3449 4825 3530 4887 είς
3564 4824 3761 4893 αὑτήνο

2195 4931 2369 4992 οὕτως
2395 4929 2500 4982 εἰσὶ
2534 4927 2626 4982 καὶ
2664 4924 2732 4978 τά
2767 4923 2862 4978 τοῦ
2890 4921 3196 4994 ἀνθρώπου·
3225 4919 3320 4976 ἐὰν
3352 4916 3491 4988 μετὰ
3518 4913 3581 4968 τὺ
3608 4912 3765 4983 φιλοο

2196 5022 2432 5094 καλῆσαι
2471 5020 2632 5074 αὐτὸν
2654 5017 2740 5072 ’τὰ
2777 5017 2883 5088 ἤθη
2930 5013 3120 5078 αὐτοῦ,
3165 5013 3258 5066 καὶ
3293 5007 3626 5082 μετανοῆσαι
3658 5004 3768 5058 ἀπὺ

2198 5115 2308 5170 τῶν
2341 5113 2622 5184 προτέρων
2667 5110 2831 5164 αὐτοῦ
2863 5106 3134 5180 πράξεων,
3165 5103 3428 5174 ἀμελήσει
3457 5097 3555 5152 τοῦ
3605 5095 3767 5166 ποιῆ-

2203 5221 2293 5260 σαι
2336 5202 2478 5256 καλά
2517 5201 2656 5273 ἔργα
2688 5198 2780 5252 καὶ
2813 5195 3116 5270 κτήσασθαι
3156 5193 3251 5259 τὰς
3292 5189 3513 5264 ἀρετάς,
3552 5187 3768 5254 γίνεται

2200 5297 2288 5351 ἐπ’
2319 5293 2486 5365 αὐτῷ,
2522 5295 2598 5357 ὡς
2640 5293 2785 5360 λέγει
2821 5290 2884 5344 τὸ
2926 5285 3276 5356 Εὐαγγέλιον·
3306 5283 3494 5334 ὀταν
3522 5278 3587 5331 τὸ
3618 5275 3769 5332 dud-

2201 5393 2418 5456 θαρτον
2447 5385 2682 5454 πνεῦμα
2708 5381 2928 5449 ἐξέλθῃ
2964 5379 3083 5435 ἀπὸ
3111 5377 3218 5432 τοῦ
3245 5370 3582 5441 ἀνθρώπου,
3613 5368 3765 5436 mp.

2203 5495 2368 5551 χεται
2392 5477 2466 5531 δι’
2491 5475 2765 5546 ἀνύδρων
2794 5475 2991 5528 τόπων
3020 5469 3232 5541 ζητοῦν
3258 5464 3629 5527 ἀνάπαυσιν,

2199 5537 2284 5643 In;
2339 5537 2658 5638 εὑρίσκον,⁷
2699 5566 2830 5622 τότε
2894 5537 3081 5634 λέγει(
3116 5552 3507 5625 Ὑποστρέψω
3545 5552 3635 5619 είς
3666 5537 3784 5603 τιν

1793 5709 2022 5765 VARI/IS
2062 5704 2462 5765 LECTIONES.

623 5829 664 5858 "
686 5823 921 5898 ἁπαίρω.
