4020 6340
202 4666 402 4739 ,ὥσπερ
442 4671 742 4736 τὸβκάτος
783 4675 882 4745 οὐχ
925 4675 1198 4745 ὑφέστηκε
1238 4675 1355 4728 κατ’
1393 4676 1597 4742 οὐσίαν,
1632 4676 1767 4731 ἀλλὰ
1799 4696 1805 4702 ·

187 5064 205 5189 i

228 463 349 530 i757

1558 463 1933 525 DOCTRINA
1976 463 2107 523 ΧΠ.

3296 458 3430 522 i758

222 570 379 628 οἶκόν
397 591 518 644 μου
541 574 680 628 ὅθεν
706 573 984 642 ἐξῆλθον.
1019 574 1125 628 Καὶ
1157 574 1337 628 ἐλθὸν
1363 575 1624 641 εὑρίσκει
1653 578 1767 626 αὺ-

1870 572 1982 624 ait:
2009 571 2260 625 Revertar
2282 572 2337 624 in
2359 572 2571 624 domum
2599 584 2764 622 meam
2790 567 2923 622 unde
2947 569 3100 622 exiri.
3129 569 3194 620 Et
3227 571 3428 623 veniens

222 665 321 718 τὸν
337 662 731 732 σχολάζοντα,
755 665 911 734 δῆλον
939 665 1046 718 ἀπὸ
1083 667 1261 735 πάσης
1290 665 1511 736 ἀρετῆς,
1541 665 1637 716 καί
1659 680 1760 718 σε-

225 755 566 823 σαρωμένον
585 754 682 809 καί
699 755 1165 824 κεκοσμημένον.
1191 758 1327 810 Τότε
1346 750 1653 825 πορεύεται
1669 755 1766 808 καὶ

221 845 658 914 παραλαμϐάνει
677 847 804 914 μεθ’
827 845 1043 899 ἑαυτοῦ
1070 848 1219 900 ἑπτὰ
1263 847 1432 914 ἔτερα
1461 849 1766 914 πνεύματα

215 941 579 1004 πονηρότερα
605 938 808 1000 αὐτοῦ,
833 936 928 990 καὶ
955 939 1305 991 εἰσελθόντα
1334 938 1595 991 κατοικεῖ
1623 937 1764 996 ἐκεῖ,

219 1029 310 1081 καί
353 1029 575 1097 γίνεται
626 1028 697 1081 τὰ
742 1029 968 1095 ἔσχατα
1020 1028 1125 1081 τοῦ
1182 1027 1492 1095 ἀνθρώπου
1529 1028 1766 1081 ἐκείνου

219 1120 451 1186 χείρονα
483 1118 601 1171 τῶν
613 1119 874 1188 πρώτων.
909 1118 1187 1171 Ἀδύνατον
1207 1120 1314 1188 γάρ
1340 1120 1454 1171 ἐστι
1477 1117 1574 1187 τὴν
1592 1117 1767 1187 ψυχὴν

219 1213 394 1279 μεῖναι
410 1212 467 1263 ὲν
482 1212 547 1279 τῇ
564 1211 699 1280 αὐτῇ
717 1211 1064 1265 καταστάσεν
1083 1211 1217 1263 ἀλλὰ
1235 1213 1315 1273 είς
1331 1210 1610 1280 προκοπὴν
1624 1209 1769 1278 ἔρχευ

215 1316 317 1354 ται·
337 1301 448 1353 εἶτε
468 1301 560 1353 ἐπὶ
585 1300 644 1354 τὸ
664 1304 928 1370 κρεῖττον,
945 1301 1054 1353 είτε
1079 1302 1170 1354 ὲπὶ
1197 1303 1257 1354 τὸ
1273 1304 1469 1371 χεῖρον.
1490 1304 1588 1354 Διὰ
1613 1300 1768 1354 τοῦτο

215 1392 436 1453 ἕκαστος
453 1390 622 1445 θέλων
637 1391 899 1459 σωθῆναι,
916 1392 1100 1462 χρείαν
1115 1393 1227 1463 ἔχει
1247 1394 1307 1445 οὐ
1327 1394 1486 1462 μόνον
1505 1394 1578 1463 μὴ
1599 1395 1770 1446 ποιεῖν

215 1481 272 1533 τὺ
291 1481 476 1546 κακὸν,
499 1482 632 1535 ἀλλὰ
655 1483 750 1536 καὶ
773 1483 833 1535 τὸ
852 1483 1053 1552 ἀγαθὸν
1076 1484 1427 1555 ἐργάσασθαι,
1443 1484 1518 1547 ὡς
1545 1485 1690 1552 λέγει
1712 1487 1770 1536 ἐν

215 1571 288 1641 τῷ
330 1573 563 1644 ψαλμῷ·
603 1575 919 1630 Ἕκκλινον
953 1577 1072 1630 ἀπὸ
1116 1577 1333 1647 κακοῦΙ,
1365 1577 1464 1630 καὶ
1511 1577 1771 1644 ποίησον

215 1663 449 1733 ἀγαθόν.
464 1667 578 1718 Οὐκ
598 1661 770 1727 εἷπεν.
787 1667 1109 1722 Ἕκκλινοιν
1118 1668 1235 1723 ἀπὸ
1243 1667 1430 1722 κακοῦ
1443 1669 1621 1739 μόνον,
1635 1668 1770 1723 ἀλλὰ

215 1757 322 1816 καὶ,
337 1756 601 1823 Ποίησον
613 1746 856 1827 ὰταθόνξ
875 1752 998 1812 Οἷόν
1009 1778 1060 1815 τι
1079 1759 1239 1828 λέγω
1259 1759 1428 1813 Είωθέ
1442 1777 1527 1823 τις
1538 1761 1767 1827 ἀδικεῖν,

217 1844 352 1897 θέλει
365 1847 428 1897 οὐ
454 1846 614 1914 μόνον
641 1847 716 1917 μὴ
739 1845 963 1913 ἀδικεῖν,
991 1849 1126 1902 ἀλλὰ
1146 1853 1239 1906 καὶ
1263 1850 1768 1922 δικαιοπραγεῖν.Εἰ

215 1929 279 2004 ἦν
291 1936 517 2001 ἄσωτος,
530 1937 740 1991 θέλειοὺ
757 1939 915 2008 μόνον
929 1958 1004 2010 μη
1019 1941 1550 2007 ἀωτεύεσθαι,ἀλλὰ
1566 1944 1660 1996 καὶ
1678 1944 1768 2017 ἑγ-

217 2027 589 2095 κρατεύεσθαι.
612 2027 677 2083 Εί
693 2026 762 2100 ἦν
776 2030 1007 2101 ὀργίλος,
1029 2032 1168 2086 θέλει
1186 2033 1246 2085 οὐ
1275 2035 1434 2102 μόνον
1455 2035 1529 2106 μὴ
1557 2035 1768 2104 ὀργίζε-

218 2115 354 2181 σθαι,
368 2116 502 2169 ἀλλὰ
517 2118 611 2171 καὶ
620 2120 1234 2191 πραΰτητακτήσασθαι.
1249 2123 1312 2176 Ei
1330 2123 1764 2192 ἐθρασύνετότις,

216 2204 352 2258 θέλει
363 2206 425 2259 οὐ
446 2207 605 2276 μόνον
627 2209 701 2278 μὴ
713 2209 1090 2280 θρασύνεσθαι,
1102 2211 1238 2264 ἀλλὰ
1252 2215 1348 2265 καὶ
1362 2214 1763 2268 ταπεινοῦσθαι.

214 2297 320 2350 Καὶ
343 2296 500 2351 τοῦτό
537 2301 652 2352 ἐστι
685 2300 749 2352 τὸ
782 2301 1025 2356 ἐκκλῖναι
1051 2303 1159 2355 ἀπὸ
1188 2304 1379 2366 κακοῦ,
1415 2305 1509 2358 καὶ
1544 2305 1764 2374 ποιῆσαι

213 2388 430 2454 ἀγαθόν.
448 2389 716 2444 Ἕκαστον
754 2391 862 2463 γὰρ
885 2391 1055 2456 πάθος
1071 2393 1184 2464 ἔχει
1202 2394 1298 2464 τὴν
1328 2395 1575 2448 ἐναντίαν
1598 2394 1763 2448 αὑτοῦ

212 2477 427 2548 ἀρετήν.
465 2478 528 2532 Ἦ
563 2481 929 2553 ὑπερηφανία,
961 2481 1075 2552 εχει
1113 2485 1211 2550 τὴν
1242 2485 1760 2555 ταπεινοφροσύνην,

211 2569 245 2636 ἡ
271 2569 603 2641 φιλαργυρία
652 2571 766 2642 ἔχει
793 2575 892 2643 τὴν
921 2573 1374 2645 ἑλεημοσύνην,“ή
1415 2576 1622 2628 ἀσωτία
1664 2577 1764 2647 τὴν

211 2660 551 2731 ἐγκράτειαν,
579 2663 612 2732 ὴ
645 2663 903 2734 ὀλιγωρία
935 2663 1047 2734 ἔχει
1096 2665 1193 2735 τὴν
1236 2667 1529 2735 ὑπομονὴν,
1626 2668 1761 2737 ὀργὴ

211 2750 306 2822 τὴν
326 2753 633 2822 πραΰτητα,
655 2754 715 2807 τὸ
739 2758 894 2824 μῖσος
913 2755 1010 2826 τὴν
1027 2756 1265 2827 ἀγάπην.
1292 2758 1558 2810 Ἐκαστον
1579 2759 1764 2822 ἁπλῶς

211 2842 395 2909 πάθος,
423 2845 500 2909 ὡς
530 2843 701 2910 εἷπον,
731 2847 843 2917 ἔχει
874 2847 973 2918 τὴν
1002 2850 1248 2902 ἐναντίαν
1277 2848 1440 2902 αὑτοῦ
1473 2851 1689 2922 ἀρετήν.

277 2934 369 3002 ς’.
406 2937 586 2992 Ταῦτα
619 2939 879 3004 πολλάκις
936 2937 1087 2994 εἷπον
1127 2943 1276 3012 ὑμῖν.
1313 2942 1521 3013 Ὠσπερ
1554 2939 1644 2997 οὖν
1673 2944 1763 3010 ἐξ·

209 3026 472 3099 εσάλομεν
494 3031 594 3096 τὰς
623 3033 821 3102 ἀρετὰς
849 3036 942 3089 καὶ
965 3036 1355 3106 εἰσηνέγκαμεν
1391 3037 1460 3090 τὰ
1499 3037 1644 3105 πάθη
1666 3039 1764 3090 αὐ-

209 3117 339 3181 τῶν,
386 3119 556 3185 οὕτως
582 3122 808 3193 θέλομεν
849 3126 1110 3180 κοπιάσαι
1136 3127 1194 3179 οὐ
1232 3128 1392 3196 μόνον
1420 3127 1672 3180 ἐκϐαλεῖν
1695 3128 1763 3182 τὰ

1868 663 2062 716 invenit
2082 680 2194 716 eant
2220 667 2528 716 mandatam
2554 662 2726 730 scopis
2742 671 2792 715 ει
2817 671 3077 725 ornatam,
3104 666 3431 729 vacuamque

1869 755 2017 807 omni
2069 756 2289 809 virtute.
2328 755 2476 809 Tunc
2523 754 2632 807 abit
2678 763 2729 807 et
2762 755 2980 806 assumit
3021 770 3191 805 secum
3241 764 3430 822 septem

1868 847 2083 911 spiritus
2114 847 2385 914 nequiores
2415 862 2489 908 se,
2519 846 2609 914 qui
2638 847 2892 898 irruentes
2923 845 2994 895 ibi
3021 841 3330 896 inhabitant.
3363 843 3428 895 1ιί

1867 939 2001 1002 ﬁunt
2036 938 2223 991 ultima
2253 938 2481 991 hominis
2504 938 2649 991 iuius
2677 937 2856 1006 pejora
2875 937 3135 1004 prioribus
3158 947 3196 989 '.
3223 936 3429 1005 Impos-

1827 1029 2023 1082 ‘sibile
2060 1030 2203 1084 enim
2237 1037 2322 1085 est
2367 1033 2642 1084 hominem
2687 1030 2741 1083 in
2775 1031 2963 1083 eodem
3022 1038 3163 1083 statu
3218 1043 3430 1096 semper

1872 1133 2214 1186 permanere,
2271 1122 2366 1176 sed
2400 1133 2495 1176 aut
2525 1121 2716 1178 melior
2746 1130 2839 1176 aut
2885 1120 3032 1191 pejor
3077 1120 3147 1174 sit
3195 1135 3424 1186 semper.

1867 1210 2047 1275 Quare
2083 1213 2198 1282 qui.
2231 1213 2427 1269 salvari
2475 1214 2658 1284 cupit,
2709 1213 2978 1270 abstineat
3022 1228 3128 1267 non
3169 1213 3342 1266 solum
3398 1227 3427 1264 a

1869 1303 2033 1367 malo,
2071 1305 2163 1357 sed
2194 1313 2249 1358 ct
2275 1304 2418 1373 quod
2452 1305 2654 1360 bonum
2699 1313 2800 1369 est,
2837 1303 3009 1358 iaciat
3046 1317 3277 1357 necesse
3322 1311 3425 1353 est.

1868 1388 2024 1455 Quod
2054 1391 2257 1448 dicitur
2306 1393 2359 1446 in
2402 1391 2660 1449 Psalmo:
2703 1392 2913 1446 Declina
2960 1408 2995 1445 α
3041 1392 3202 1453 malo,
3255 1406 3429 1457 neque

1866 1480 1970 1535 hoc
1996 1468 2233 1547 tantum,
2266 1484 2360 1538 sed
2393 1485 2563 1548 addit,
2594 1493 2642 1538 et
2666 1483 2752 1553 fac
2777 1482 3027 1540 bonum'.
3054 1481 3207 1548 Quod
3235 1483 3303 1535 ita
3331 1483 3386 1534 iit
3411 1499 3426 1545 ;

1866 1574 2098 1642 exempli
2142 1576 2358 1643 gratia:
2400 1576 2768 1630 Consueverat
2809 1577 2933 1643 quis
2986 1574 3222 1642 injustus
3265 1589 3426 1626 esse:

1869 1678 1975 1718 non
2009 1667 2185 1720 solum
2216 1667 2427 1722 desinat
2468 1683 2589 1723 esse
2634 1666 2888 1737 iniustus,
2941 1667 3031 1722 sed
3081 1667 3241 1719 etiant
3281 1665 3428 1734 iusta

1870 1755 2045 1811 facere
2075 1767 2294 1828 pergat;
2324 1758 2688 1829 intemperans
2715 1758 2839 1828 quis
2862 1766 2980 1813 erat
3002 1767 3054 1811 ct
3080 1757 3425 1810 lumriosns:

1822 1879 1834 1920 ζ
1872 1849 2033 1903 debet
2061 1865 2165 1903 non
2201 1851 2376 1904 solum
2423 1852 2491 1905 ab
2537 1851 2948 1920 intemperantia
2995 1850 3284 1912 abstinere,
3335 1848 3426 1900 sed

1868 1939 2028 1992 etiam
2065 1941 2402 1994 continenter
2425 1940 2627 1994 vivere.
2669 1937 2797 1992 Erat
2821 1940 2944 2007 quis
2970 1937 3262 1991 iracundus
3291 1956 3303 1990 :
3336 1938 3428 1988 dc-

1869 2031 1958 2084 bet
1981 2046 2088 2083 non
2115 2030 2287 2085 solum
2317 2047 2422 2083 non
2448 2029 2630 2093 irasci,
2654 2028 2746 2083 sed
2771 2030 2932 2082 etiam
2956 2026 3424 2082 mansuetudinem

1867 2123 2136 2191 amplecti.
2179 2121 2422 2176 insolens
2466 2129 2522 2175 et
2563 2128 2853 2175 contumax
2900 2119 3023 2186 quis
3063 2127 3218 2170 erat:
3268 2115 3426 2172 debet

1865 2229 1974 2265 non
2017 2214 2189 2267 solum
2221 2212 2619 2267 contumaciam
2652 2211 2856 2275 tollere,
2890 2211 2980 2264 sed
3015 2209 3174 2262 etiam
3209 2207 3427 2260 humili-

1867 2311 2030 2356 tatem
2061 2303 2332 2364 induere;
2371 2310 2425 2356 et
2457 2301 2563 2356 hoc
2583 2309 2667 2356 est
2699 2300 2970 2355 declinare
2997 2315 3026 2352 a
3072 2299 3214 2353 malo
3246 2305 3298 2350 et
3343 2296 3425 2350 fa-

1865 2407 1988 2446 cere
2031 2392 2257 2448 bonum.
2299 2392 2471 2447 Omne
2499 2391 2645 2446 enim
2695 2391 2886 2446 vitium
2931 2391 3232 2460 oppositam
3272 2389 3428 2444 habet

1863 2486 2113 2539 virtutem
2142 2504 2156 2538 :
2199 2493 2258 2539 ut
2302 2484 2556 2553 superbia
2587 2483 2970 2544 humilitatem,
3002 2482 3224 2535 avaritia
3257 2481 3424 2535 mise-

1865 2576 2174 2639 ricordiam,
2199 2576 2411 2630 luxuria
2438 2574 2853 2637 continentiam,
2883 2572 3065 2626 acedia
3092 2570 3423 2640 patientiam,

1865 2669 1941 2721 ira
1978 2666 2472 2732 mansneuniiuem,
2504 2665 2688 2720 odium
2720 2664 3058 2726 charitatem,
3087 2671 3140 2716 et
3171 2660 3275 2715 alia
3304 2662 3424 2730 plu-

1863 2761 1997 2815 rima
2041 2758 2375 2824 huiusmodi.

1937 2944 2026 2999 Vl.
2071 2944 2207 3000 Hinc
2236 2951 2760 3014 smpevos-moneo
2809 2957 2877 2997 ne
2913 2943 3137 2996 virtutes
3192 2956 3221 2994 a
3269 2939 3428 2993 nobis

1863 3038 2170 3107 ejiciamns,
2201 3048 2254 3092 et
2284 3037 2412 3091 vitia
2461 3036 2892 3097 introducamus,
2927 3034 3020 3088 sed
3068 3044 3126 3086 ut
3177 3033 3361 3101 procul
3396 3047 3426 3084 α

1865 3130 2020 3184 nobis
2051 3130 2180 3182 vitia
2225 3130 2407 3182 omnia
2441 3128 2708 3197 pellamus
2757 3135 2815 3180 ut
2857 3127 3052 3191 aliena,
3093 3125 3428 3191 virtutesque

210 3209 378 3281 πάθη,
420 3210 556 3264 ἀλλὰ
600 3215 694 3267 καὶ
739 3214 1044 3282 εἰσενέγκαι
1077 3217 1174 3280 τὰς
1205 3216 1406 3286 ἀρετὰς
1459 3217 1552 3269 καὶ
1595 3233 1761 3270 κατα-

1866 3230 1919 3273 ut
1940 3221 2185 3287 proprias
2211 3220 2585 3274 admittamus.
2619 3217 2820 3272 Natura
2846 3218 2986 3271 enim
3017 3218 3172 3271 nobis
3205 3217 3430 3268 virtutvs

212 3302 400 3371 στῆσαι
428 3303 596 3366 αὑτὰς
625 3304 703 3365 είς
736 3303 826 3356 τὸν
861 3305 990 3357 ἴδιον
1013 3305 1194 3357 τόπον.
1225 3305 1470 3367 Φυσικῶς
1501 3305 1608 3373 γὰρ
1635 3305 1758 3376 έχο-

1868 3309 2102 3378 ingenita
2131 3317 2259 3363 sunt
2299 3324 2330 3363 a
2378 3307 2505 3361 Deo.
2537 3305 2605 3361 Et
2645 3321 2770 3362 cum
2799 3305 2925 3360 fecit
2962 3305 3102 3359 Deus
3131 3304 3426 3382 hominem,

214 3409 310 3461 μεν
330 3393 430 3457 τὰς
458 3395 659 3465 ἀρετὰς
686 3393 838 3465 παρὰ
867 3394 958 3449 τοῦ
988 3395 1124 3448 Θεοῦ
1163 3396 1406 3458 δοθείσας
1432 3399 1583 3467 ἡμῖν.
1612 3399 1762 3466 Ἀμα

209 3483 316 3554 γὰρ
339 3485 588 3556 ἐποίησεν
616 3488 645 3538 ὁ
675 3485 806 3548 Θεὸς
833 3486 921 3538 τὸν
948 3486 1251 3566 ἄνθρωπον,
1282 3489 1595 3562 ἐνέσπιιρεν
1615 3491 1762 3562 αὑτῷ

209 3572 306 3636 τὰς
337 3575 556 3642 ἀρετὰς,
586 3576 662 3639 ὡς
683 3575 831 3644 λέγει
851 3594 866 3608 ⁸
908 3579 1259 3648 Ποιήσωμεν
1295 3579 1607 3650 ἄνθρωπον
1637 3584 1763 3636 κατ’

167 3670 174 3676 ’
208 3665 411 3719 είκόνα
445 3665 754 3734 ἡμετέραν,
784 3669 882 3721 καί
915 3671 1043 3740 καθ’
1065 3672 1364 3740 ὁμοίωσιν.
1417 3673 1550 3751 Κατ’
1579 3675 1764 3729 εἰκόνα

209 3751 382 3824 εἷπεν,
393 3758 580 3829 ἐπειδὴ
589 3759 861 3830 ἄφθαρτον
876 3761 968 3813 καλ.
983 3762 1324 3828 αὐτεξούσιον
1333 3767 1585 3834 εποίησεν
1597 3769 1624 3819 ὁ
1635 3767 1764 3829 Θεὸς

209 3844 303 3915 τὴν
319 3847 497 3915 ψυχήν
511 3861 530 3877 ⁶
550 3847 945 3934 καθ’-’ὁμοίωσιν
965 3851 1130 3919 λέγει,
1152 3853 1212 3906 τὸ
1231 3856 1349 3907 κατ’
1369 3857 1586 3926 ἀρετήν.
1605 3857 1765 3924 Λέγει

211 3934 345 4002 γάρ’
375 3937 625 3989 Γίνεσθε
650 3938 1032 4006 οῖκτῲμονες,
1059 3942 1252 4006 καθὼς
1278 3947 1311 3996 ό
1330 3945 1533 4014 Πατὴρ
1549 3947 1715 4016 ὑμῶν
1732 3951 1766 4002 ό

212 4027 482 4094 οὐράνιος
508 4029 818 4097 οἰκτίρμων
851 4028 1002 4083 ἐστί.
1046 4032 1298 4087 Γίνεσθε
1321 4033 1493 4104 ἅγιοι,
1531 4037 1620 4092 δτι
1653 4037 1767 4107 ἐγὼ

212 4118 375 4188 ἅγιός
385 4123 522 4190 ειμι.
547 4121 657 4174 Καὶ
671 4119 831 4175 πάλιν
845 4123 874 4174 ὁ
897 4123 1209 4186 Ἀπόστολος
1223 4123 1387 4194 λέγει·
1407 4127 1660 4183 Γίνεσθε
1681 4131 1767 4194 είς

211 4212 816 4283 ἀλλήλους-χρηστοί.
845 4216 954 4268 Καὶ
989 4216 1132 4284 λέγέι
1160 4219 1189 4270 ὁ
1217 4217 1427 4290 ψαλμός
1447 4235 1461 4249 ο
1496 4219 1767 4288 Χρηστὸς

216 4306 430 4372 Κύριος
463 4306 586 4371 τοῖς
622 4307 991 4377 ὑπομένουσι
1017 4323 1030 4337 ⁸
1078 4309 1171 4361 καὶ
1196 4309 1295 4363 ὅσα
1322 4307 1564 4365 τοιαῦτα.
1600 4309 1768 4364 Τοῦτό

214 4395 329 4450 ἔστι
352 4397 416 4450 τδ
441 4398 564 4453 καθ’
586 4400 862 4468 ὁμοίωσιν.
889 4401 1048 4454 Ὥστε
1076 4400 1318 4470 φυσικῶς
1352 4400 1548 4455 ἔδωκεν
1580 4403 1710 4473 ἡμῖν
1739 4404 1767 4456 ὁ

172 4516 177 4520 -
213 4482 346 4550 θεὸς
386 4488 484 4551 τὰς
523 4482 752 4560 ἀρετάς·
803 4489 948 4562 π’άθη
995 4492 1052 4545 δὲ
1096 4493 1195 4546 οὐκ
1238 4488 1433 4562 ἔχομέν
1478 4492 1721 4560 φυσικῶς
1750 4509 1764 4523 ·

1865 3402 2090 3456 virtutes
2109 3402 2158 3457 ei
2192 3407 2314 3456 cum
2334 3403 2510 3454 anima
2534 3400 2750 3461 infudit,
2782 3407 2851 3452 nt-
2870 3399 2945 3452 ait
2967 3398 3118 3466 ipse:
3145 3394 3428 3449 Faciamus

1866 3493 2128 3547 hominem
2166 3494 2235 3546 ad
2271 3493 2551 3562 imaginem
2596 3502 2646 3546 ct
2693 3489 3088 3554 similitudinem
3123 3495 3354 3542 nostram
3379 3490 3426 3539 Β.
3509 3497 3513 3500 ’

1867 3585 1946 3638 Ad
2000 3586 2284 3655 imaginem
2337 3586 2505 3649 dixit,
2566 3585 2692 3654 quia
2761 3583 2994 3636 animam
3048 3577 3427 3641 immortalem,

1869 3677 2332 3746 incorruptibilem
2352 3683 2403 3729 et
2423 3676 2505 3730 sui
2530 3676 2669 3745 juris
2689 3675 2905 3730 fecerat.
2925 3672 3003 3727 Ad
3027 3670 3448 3725 similitudinem.

1870 3773 2071 3830 autem,
2103 3765 2398 3820 secundum
2431 3766 2708 3818 virtutem.
2741 3761 2830 3815 Ait
2852 3760 3030 3814 enim:
3074 3758 3250 3812 Estote
3273 3757 3430 3808 misc-

1870 3856 2121 3914 ricordes.
2143 3856 2278 3908 sicut
2299 3864 2348 3908 et
2371 3852 2532 3908 Pater
2548 3863 2713 3907 vester
2733 3850 2951 3905 celestis
2966 3849 3124 3922 533
3141 3847 3431 3902 misericors

1869 3957 1944 4000 est
1970 3948 1998 3986 ιι
2021 3947 2046 3999 ἲ
2080 3946 2144 4000 Et
2174 3946 2281 4000 alio
2305 3946 2468 4005 loco:
2520 3943 2702 3998 Estote
2744 3943 2933 4003 sancti,
2982 3940 3226 4010 quoniam
3258 3946 3307 3990 et
3339 3953 3432 4007 ego

1870 4047 2088 4090 sanctus
2128 4036 2312 4090 sumi.
2340 4033 2407 4089 Et
2437 4049 2652 4097 rursum
2696 4032 2988 4102 Apostolus
3031 4030 3201 4084 dixit:
3250 4028 3434 4083 Estote

1869 4125 2088 4179 inuicem
2119 4123 2387 4196 beniguii.
2421 4124 2485 4180 Et
2515 4124 2760 4179 Psalmus
2787 4142 2800 4177 :
2834 4122 3008 4178 Bonus
3043 4120 3296 4174 Dominus
3337 4136 3433 4174 ea:-

1870 4218 2221 4288 spectantibus
2245 4219 2271 4258 ιι
2302 4237 2315 4271 :
2343 4228 2506 4289 atque
2532 4218 2639 4272 alia
2667 4216 2896 4287 plurima
2929 4215 2982 4267 in
3014 4213 3158 4268 hunc
3190 4227 3428 4268 sensum.

1871 4310 1967 4366 Est
2011 4309 2174 4378 igitur
2220 4310 2324 4365 hoc
2370 4310 2516 4380 quod
2563 4309 2658 4370 ait,
2707 4306 2776 4359 ad
2813 4304 3231 4368 similitudinem.
3293 4301 3429 4364 Quia

1872 4403 2082 4457 scilicet
2128 4413 2341 4457 natura:
2380 4410 2580 4456 nostrae
2616 4398 2840 4452 virtutes
2890 4396 3032 4453 Deus
3081 4392 3426 4465 ingeneravit.

1873 4491 2014 4547 Vitia
2044 4503 2222 4547 autem
2245 4504 2587 4561 nequaquam
2617 4503 2649 4542 a
2675 4499 2866 4543 natura
2891 4488 3050 4543 nobis
3075 4493 3218 4542 sunt.
3248 4483 3430 4552 Neque

213 4575 334 4632 sese
375 4579 486 4650 γὰρ
529 4582 742 4652 ἔχουσιν
785 4585 969 4638 οὐσίαν
1016 4585 1159 4647 τινὰ,
1204 4584 1238 4655 ἢ
1288 4585 1598 4649 ὑπόστασιν,
1651 4585 1766 4639 ἀλλ⁹

1873 4583 2017 4637 enim
2044 4584 2212 4636 ullam
2241 4581 2439 4636 habent
2465 4572 2823 4633 substantiam
2848 4578 2934 4632 vel
2960 4573 3270 4655 byppstasin
3297 4589 3310 4624 :
3335 4572 3425 4626 scd

557 4750 686 4834 περὶ
713 4760 804 4818 τδν
831 4767 988 4837 ἀέρα,
1033 4767 1110 4830 ὡς
1145 4766 1353 4836 λέγειὸ
1403 4766 1574 4835 μέγας
1605 4768 1769 4821 Βασί-

215 4849 384 4916 λειος,
437 4853 506 4922 τῇ
561 4854 812 4923 στερήσει
866 4856 961 4910 τοῦ
1014 4857 1191 4927 φωτὸς
1247 4859 1723 4929 παρυφιστάμενον
1747 4853 1764 4888 ’⁸

216 4937 390 5003 οὕτως
415 4940 530 4993 ἐστὶ
574 4941 670 4994 καὶ
695 4939 758 4995 τὸ
784 4942 904 5001 τῶν,
924 4946 1130 5002 παθῶν.
1174 4948 1414 5002 κλίνασα
1441 4952 1474 5019 ἡ
1503 4950 1648 5021 ψυχὴ
1680 4950 1769 5004 διὰ

214 5027 522 5100 φιληδονίας
550 5029 614 5081 ὲκ
639 5027 749 5107 τῶν
770 5028 976 5099 ἀρετῶν
994 5034 1360 5088 κατεσκεύασε
1389 5033 1456 5087 τὰ
1482 5035 1648 5104 πάθη,
1675 5035 1770 5089 καὶ

219 5119 547 5190 ἐστερέωσεν
576 5118 715 5172 αὐτὰ
747 5118 870 5197 udi
898 5121 1117 5193 ἑαυτῆς.
1146 5123 1308 5179 Ὥστε
1339 5125 1524 5196 χρείαν
1551 5124 1769 5197 ἔχομεν,

217 5208 295 5274 ὥς
322 5203 477 5269 εἷπον
521 5208 710 5291 ὥσπερ
748 5195 979 5281 ἐπὶ’τοῦ
1033 5212 1233 5285 χωρίου
1269 5195 1405 5288 μετᾶ
1446 5217 1507 5271 τὸ
1547 5195 1790 5289 ποιῆσαι

221 5304 403 5357 πᾶσαν
430 5300 768 5373 φιλοκαλίαν,
801 5301 963 5366 εὐθὺς
994 5306 1213 5382 σπεῖραι
1240 5309 1300 5362 τὸ
1330 5308 1494 5362 καλὸν
1526 5309 1766 5382 σπέρμα.

221 5392 313 5448 ἵνα
347 5394 482 5464 πρὸς
506 5395 636 5449 αὐτὸ
661 5393 754 5448 καὶ
776 5393 868 5446 τὸν
895 5394 1102 5466 καρπὸν
1129 5399 1292 5454 καλὸν
1333 5402 1532 5473 ποιήσῃ
1558 5418 1570 5432 ·
1627 5401 1770 5456 θέλει

227 5485 389 5540 πάλιν
407 5484 439 5536 6
466 5487 702 5557 σπείρων
725 5486 788 5538 τδ
815 5483 1010 5557 χωρίον
1035 5486 1200 5540 αὐτοῦ
1230 5489 1347 5561 ἅμα
1390 5491 1468 5561 τῷ
1501 5493 1682 5561 βαλεῖν
1706 5492 1770 5546 τὺ

227 5571 464 5642 σπέρμα,
497 5574 701 5646 κρύψαι
730 5575 822 5628 καὶ
859 5571 1068 5643 βυθίσαι
1095 5573 1226 5628 αὐτὸ
1257 5577 1337 5642 είς
1360 5580 1459 5652 τὴν
1481 5581 1616 5651 γῆνο
1648 5579 1768 5635 επεὶ

229 5661 474 5734 ἔρχονται
524 5665 596 5720 τὰ
646 5651 892 5727 mem,
937 5664 1033 5716 καὶ
1079 5665 1410 5736 ἁρπάζουσιν
1457 5671 1620 5736 αὐτὸ,
1675 5669 1770 5724 καὶ

1871 4672 2325 4742 quemadmodum
2367 4669 2602 4724 tenebre
2633 4684 2741 4723 non
2790 4661 3091 4725 subsistunt
3135 4679 3229 4733 per
3263 4661 3427 4718 u‘llam

1867 4765 2257 4828 substantiam;
2299 4761 2390 4822 sed
2421 4760 2607 4831 passio
2628 4760 2873 4832 quaedam
2899 4765 3025 4814 sunt
3049 4755 3193 4810 circa
3225 4769 3438 4837 aerem,

1867 4865 1928 4910 ut
1961 4856 2038 4910 ait
2067 4853 2316 4916 Basilius,
2355 4852 2644 4920 privationi
2675 4851 2898 4908 luminis
2921 4847 3158 4916 subjecta
3183 4865 3198 4899 :
3230 4845 3302 4899 ita
3330 4861 3428 4901 nec

1866 4943 2016 4998 vitia.
2046 4935 2115 4995 At
2142 4954 2270 4994 vero
2297 4939 2785 5001 declinans'anima
2805 4932 2900 5009 per
2925 4937 3248 5006 voluptatem
3271 4951 3301 4989 a
3322 4935 3429 4988 vir-

1871 5033 2097 5095 tutibus,
2130 5045 2189 5085 se
2213 5030 2386 5100 ipsam
2421 5041 2614 5088 natura
2645 5045 2744 5089 sua
2770 5031 2945 5100 pfivat
2973 5034 3026 5082 et
3051 5027 3194 5082 vitiis
3222 5027 3424 5082 aditum

1872 5129 2043 5194 parat.
2077 5119 2256 5185 Quare
2282 5135 2419 5188 opus
2445 5130 2551 5185 est,
2583 5130 2642 5176 ut
2677 5123 2745 5174 de
2760 5117 2900 5188 .viila
2945 5116 3077 5183 dixi,
3129 5133 3252 5172 cum
3307 5132 3425 5171 eam

1872 5211 2300 5276 excoluerimus,
2333 5211 2479 5269 illico
2519 5217 2702 5269 semen
2743 5199 3005 5278 optimum
3054 5209 3424 5273 intendamus,

1873 5311 1931 5357 ut
1958 5299 2194 5357 fructum
2231 5305 2433 5359 bonum
2463 5302 2667 5360 aﬂ’erat.
2699 5287 2935 5355 Necesse
2955 5315 3171 5371 quoque
3212 5310 3295 5355 est
3339 5314 3424 5352 se-

1875 5392 2398 5464 minanti‘agricolzr,
2429 5395 2522 5451 ubi
2551 5407 2734 5451 semen
2755 5380 2967 5473 jecerit,
2998 5391 3126 5446 illud
3152 5388 3424 5474 occultare

1871 5492 2034 5557 atque
2060 5485 2348 5543 immittere
2375 5487 2430 5541 in
2456 5483 2772 5557 profundam
2805 5493 3024 5550 terram,
3052 5497 3120 5536 ne
3153 5478 3421 5534 venientia

1871 5575 2110 5633 volatilia
2158 5579 2291 5634 illud
2336 5562 2603 5641 auferant,
2658 5582 2713 5630 et
2754 5583 2956 5645 pereat.
3005 5573 3248 5642 Cumque
3289 5570 3420 5625 illud

1874 5669 2138 5725 obtexerit
2167 5680 2353 5736 terra,
2404 5674 2679 5746 exspectat
2720 5661 3144 5731 misericordiam
3194 5659 3309 5726 Dei,
3363 5672 3422 5717 ut

309 5790 334 5819 ε
362 5769 492 5853 ι,μὲ
525 5796 601 5853 δι,
621 5776 808 5853 εμετ.
841 5852 848 5853 7
893 5780 911 5820 ί
938 5779 1078 5853 Psa_l.
1107 5798 1287 5847 xxxvi,
1323 5785 1408 5839 i7.
1463 5779 1513 5836 ἐ
1540 5788 1681 5851 Gen.
1703 5797 1767 5852 t._‘

1931 5787 1959 5826 δ
1990 5785 2176 5846 ιειιιι.
2201 5805 2271 5853 vt.
2297 5787 2383 5852 ὅθ.
2464 5785 2481 5826 ι
2507 5781 2638 5839 ibid.
2715 5778 2888 5843 Levit.
2920 5792 2995 5844 st,
3025 5774 3129 5842 ιι;
3159 5773 3177 5828 Ι
3209 5775 3352 5832 Petr.
3379 5794 3417 5842 ι,

231 5850 300 5918 16
399 5848 417 5900 ί
447 5848 644 5922 Ephes.
670 5849 753 5922 ἰν,
792 5852 882 5910 32.
959 5851 984 5892 ¹ι
1010 5849 1212 5918 Τιιῐοη.
1242 5854 1427 5918 ιιι,25.
