4020 6340
207 361 343 428 1761

1514 379 1893 441 DOCTRINA
1931 383 2102 445 XIII.

3273 400 3405 461 lib?

208 479 316 546 τᾲρ
335 472 417 529 δτι
433 476 569 546 μετὰ
592 476 687 531 δλα
700 440 896 546 ταῦτα,
919 480 1161 553 εὑρίσκει
1182 486 1210 537 δ
1227 484 1468 551 διάϐολος
1491 489 1734 560 πλανῆσα

1848 440 1892 441 ψ
1936 440 2102 445 ______
3274 440 3396 461 ..υι

1860 495 2121 561 posthaec
2168 496 2349 548 omnia
2399 496 2670 552 diabolum
2720 498 2973 555 seducere
3022 516 3169 569 eum,
3200 503 3284 559 vel
3338 522 3403 561 ex

200 565 431 636 αὐτὸν,ἢ
450 566 538 619 διὰ
552 567 947 641 δικαιωμάτων,
964 572 998 643 ἢ
1020 573 1106 625 διὰ
1124 574 1562 648 ὑπερηφανίας,ῆ
1583 580 1669 633 διὰ
1689 580 1750 633 τὸ

200 656 762 731 ἐμϐαλεῖνλογισμοὺς
805 664 1078 728 ἀπιστίας,
1105 666 1139 736 ἢ
1207 659 1400 739 κακῆς
1448 672 1710 741 αἱρέσεως
1732 688 1747 704 ⁸

206 745 304 799 καὶ
346 747 409 800 οὐ
464 748 624 819 μόνον
647 752 728 805 δτι
756 753 972 807 ἀπόλλει
999 755 1151 820 ὅλους
1180 758 1305 822 τοὺς
1338 761 1537 823 κόπους
1563 762 1749 829 αὐτοῦ,

197 836 333 891 ἀλλὰ
362 840 455 893 καὶ
480 842 701 914 χωρίζει
729 845 890 899 αὑτὸν
912 846 1019 900 ἀπὸ
1047 848 1139 901 τοῦ
1168 849 1324 904 Θεοῦ.
1368 854 1479 907 Καὶ
1506 854 1560 907 εῖ
1573 871 1627 908 τι
1649 857 1749 909 οὐκ

146 967 152 972 .
197 928 619 1015 ἡδυνήθηιαῠτῷ
642 934 731 988 διὰ
766 936 865 1007 τῆς
912 937 1183 1006 πράξεως,
1222 941 1290 994 δι’
1334 944 1452 1006 ἑνὸς
1491 944 1747 1016 λογισμοῦ

195 1024 341 1073 ποιεῖ
368 1023 537 1095 αὐτῷ.
598 1025 751 1080 Ἔστι
809 1028 916 1100 γὰρ
956 1030 1043 1083 ἅτε
1080 1034 1173 1085 καὶ
1222 1034 1472 1102 λογισμὺς
1526 1037 1748 1091 δύναται

193 1109 425 1179 χωρίσαι
450 1113 570 1167 τινὰ
596 1115 693 1197 τοῦ
723 1115 885 1185 Θεοῦ,
932 1120 1029 1174 ὲάν
1074 1125 1452 1195 καταδέξηται,
1488 1130 1584 1182 καὶ
1613 1146 1746 1200 συγ-

193 1197 497 1287 κατάθηται
531 1196 701 1274 αὐτῷι
754 1206 913 1260 Ὥστε
957 1212 987 1265 δ
1040 1210 1207 1266 θέλων
1265 1217 1401 1285 μετά
1469 1196 1745 1287 ἀληθείας,

191 1286 290 1339 οὐκ
342 1288 543 1358 ὀφείλει
588 1294 980 1366 ἀμεριμνῆσαι,
1024 1302 1128 1365 ἓως
1174 1305 1409 1376 ἐσχάτης
1444 1308 1741 1382 ἀναπνοῆς.

134 1391 147 1403 ·
191 1377 365 1449 Χρεία
420 1378 514 1435 οὖν
543 1385 712 1438 κόπου
766 1390 857 1441 καὶ
899 1396 1172 1462 φροντίδος
1246 1398 1464 1470 πολλῆς,
1511 1403 1604 1454 καὶ
1650 1404 1744 1458 τοῦ

189 1466 404 1522 δέεσθαι
428 1471 523 1525 τοῦ
550 1473 684 1528 Θεοῦ
716 1476 802 1531 διὰ
852 1468 1073 1547 aravit-6;,
1130 1485 1213 1537 ἵνα
1275 1466 1435 1553 αὐτός
1496 1495 1744 1569 σκεπάσῃ

190 1561 289 1650 xal
317 1560 556 1637 διασώσῃ
584 1569 731 1638 ἡμᾶς
780 1573 847 1641 τῇ
899 1574 1197 1646 ἀγαθότητι
1229 1579 1419 1643 αὑτοῦ,
1457 1583 1536 1647 είς
1588 1560 1744 1650 δόξαν

192 1649 287 1705 Ιτοῦ
338 1654 494 1724 ἁγίου
518 1658 779 1730 ὀνόματος
806 1663 991 1719 αὑτοῦ.

686 1756 1091 1820 ΔΙΔΔΣΚΑΛΙΑ
1140 1759 1239 1813 ιΓο.

1850 580 2327 649 justiﬁcationibus
2365 592 2417 637 ct
2443 587 2784 652 arrogantiis,
2815 587 2899 641 vel
2923 603 3020 657 per
3074 589 3404 648 inﬁdelitatis

1854 667 2223 736 cogitationes,
2254 679 2537 739 autprava:
2575 671 2811 738 haeresis,
2830 688 2967 744 quas
2998 676 3163 730 menti
3226 677 3403 732 immir

1854 761 2018 825 serit;
2048 760 2115 812 ita
2148 771 2203 813 ut
2235 775 2343 815 non
2371 762 2544 815 solum
2596 762 2806 818 labores
2835 779 3020 821 omnes
3078 782 3209 823 suos
3241 770 3405 825 amito

1855 854 1950 911 tat,
1976 848 2069 902 sed
2110 850 2421 920 plerumque
2459 852 2619 906 etiam
2656 867 2686 906 a
2716 851 2827 908 Deo
2886 858 3119 912 recedat.
3149 847 3227 913 Et.
3257 861 3403 931 quod

1853 953 1961 993 non
2008 941 2181 1010 potuit
2208 942 2457 998 diabolus
2494 959 2591 1014 per
2638 945 2925 1010 actionem,
2973 934 3142 1018 egerit
3181 966 3275 1020 per
3305 967 3402 1008 co-

1850 1029 2183 1098 gitatibnem.
2233 1031 2414 1089 Potest
2479 1037 2623 1089 enim
2694 1037 2852 1101 unica
2910 1041 3166 1110 cogitatio
3225 1043 3427 1097 homi-o

1852 1132 1975 1171 nem
2006 1135 2037 1173 a
2076 1120 2183 1174 Deo
2222 1136 2492 1191 separare,
2548 1136 2671 1180 cum
2703 1117 2908 1183 scilicet
2950 1144 3068 1184 eam
3108 1136 3400 1204 susceperit

1848 1208 2007 1278 eique
2026 1215 2381 1269 consenserit.
2412 1214 2591 1281 Quare
2642 1218 2735 1288 qui
2796 1233 2922 1274 vere
2981 1222 3181 1279 salvari
3230 1234 3396 1295 optat,

1848 1299 1998 1351 nullo
2045 1310 2285 1371 tempore
2339 1319 2511 1372 usque
2569 1305 2638 1359 ad
2692 1307 2936 1364 ultimum
2985 1310 3276 1379 spiritum,
3332 1313 3398 1367 de

1848 1403 1907 1442 se
1935 1389 2091 1444 debet
2136 1406 2255 1447 esse
2299 1408 2542 1449 securus.
2578 1394 2727 1466 Opus
2795 1398 2953 1468 igitur
3008 1399 3222 1465 labore,
3270 1417 3399 1457 cura

1846 1488 1900 1531 et
1930 1479 2110 1533 studio
2133 1481 2323 1544 multo.
2374 1485 2742 1557 continuoque
2792 1488 3020 1543 orationi
3075 1492 3397 1558 vacandum,

1849 1578 1906 1621 ut
1933 1566 2073 1623 Deus
2096 1586 2196 1625 nos
2250 1574 2522 1632 custodiat
2582 1588 2635 1633 et
2682 1578 2853 1634 salvet
2914 1593 3011 1634 sua
3066 1580 3305 1647 bonitate
3345 1594 3400 1638 et

1845 1658 2126 1715 clementia
2159 1664 2213 1717 in
2243 1663 2466 1733 gloriam
2497 1669 2828 1725 sanctissimi
2852 1671 3087 1727 nominis
3125 1670 3233 1726 sui.

2369 1774 2715 1833 DOCTRINA
2745 1779 2881 1836 XIII.

185 1855 326 1923 Περὶ
384 1857 489 1911 τοῦ
515 1860 823 1951 ἀταράχως
857 1867 955 1920 καί
997 1870 1362 1956 εὐχαρίστως
1423 1876 1734 1946 ὑποφέρειν

1846 1882 1915 1938 Ut
1956 1886 2177 1942 viriliter
2216 1896 2267 1941 et
2310 1905 2427 1969 eum
2474 1894 2769 1969 gratiarum
2832 1896 3033 1950 actione
3091 1898 3393 1952 tentatioues

675 1934 816 2000 τοὺς
868 1934 1252 2007 πειραὰλιούς.

254 2024 332 2074 η’.
366 2021 559 2084 Καλῶς
584 2017 735 2077 εἶπεν
766 2028 796 2079 ὁ
834 2027 1007 2092 ἀϐϐἄς
1033 2031 1261 2102 Ποιμήν,
1304 2035 1385 2088 ὅτι
1414 2036 1476 2090 τὸ
1518 2043 1741 2110 σημεῖον

184 2108 275 2161 τοῦ
310 2111 543 2182 μοναχοῦ
580 2114 640 2167 ὲν
685 2118 796 2180 τοῖς
828 2125 1146 2193 πειρασμοῖς
1178 2126 1447 2195 φαίνεται.
1504 2131 1736 2203 Ὀφείλει

184 2199 291 2270 γὰρ
316 2203 346 2253 ό
377 2204 607 2273 μοναχδς
630 2207 660 2259 ὁ
688 2207 828 2277 μετά
874 2210 1129 2281 ἀληθείας
1174 2199 1607 2289 προσερχόμενος
1657 2225 1737 2292 τῷ

185 2290 372 2364 Κυρίῳ
420 2294 724 2365 δουλεῦσαι,
765 2300 1046 2371 ἑτοιμάσαι
1100 2307 1239 2360 κατὰ
1286 2309 1384 2380 τὴν
1418 2312 1607 2381 σοφίαν
1639 2290 1735 2385 τὴς.

181 2382 356 2457 ψυχὴν
422 2388 586 2443 αὐτοῦ
633 2393 713 2455 είς
758 2397 1113 2465 πειρασμοὺς,
1186 2398 1271 2451 ἵνα
1332 2402 1405 2470 μὴ
1469 2382 1740 2475 ξενίζηταί

182 2491 312 2529 ποτε
341 2477 479 2549 μηδὲ
530 2480 867 2551 ταράσσηται
917 2484 976 2535 ὲν
1022 2487 1133 2547 τοῖς
1190 2488 1540 2558 συμϐαίνουσι
1574 2508 1586 2520 ·
1638 2510 1724 2547 πι-

191 2568 394 2623 στεύων
424 2570 507 2623 δτι
538 2570 686 2624 οὐδὲν
715 2571 842 2626 ἄνευ
867 2572 967 2644 τῆς
1013 2577 1265 2649 προνοίας
1280 2573 1387 2634 ²τοῦ
1404 2580 1543 2635 Θεοῦ
1586 2585 1732 2653 γίνε-

180 2673 291 2714 ται.
322 2660 494 2712 Ὅπου
517 2659 574 2712 δὲ
622 2660 755 2717 Θεοῦ
794 2664 1039 2736 πρόνοια,
1106 2668 1325 2732 πάντως
1374 2671 1538 2727 καλόν
1592 2676 1729 2743 ἐστι,

181 2745 275 2799 καὶ
301 2747 385 2809 είς
410 2747 675 2818 ὠφέλειαν
724 2751 901 2825 ψυχῆς
927 2755 989 2808 τὸ
1035 2758 1313 2829 γινόμενον
1344 2776 1361 2793 ο
1391 2756 1569 2816 πάνῦα
1621 2765 1730 2838 γὰρ

178 2836 277 2891 ὅσα
320 2843 516 2895 ποιεῖό
545 2843 678 2909 Θεὸς
703 2846 826 2916 μεθ’
869 2848 1046 2918 ήμῶν,
1098 2850 1238 2922 ὑπὲρ
1278 2850 1374 2906 τοῦ
1431 2836 1729 2927 συμφέρονξ

178 2947 267 2995 τος
289 2935 453 2999 ποιεῖ,
482 2937 576 2989 καὶ
619 2937 846 3007 ἀγαπῶν
883 2940 1035 3010 ἡμᾶς
1083 2942 1179 2996 καὶ
1206 2944 1512 3015 φειδόμενος
1550 2949 1723 3019 ἡμῶν.

180 3023 287 3077 Καὶ
341 3026 653 3099 ὀφείλομεν,
700 3028 775 3093 ὡς
823 3025 975 3086 εἶπεν
1019 3034 1049 3085 ὁ
1079 3032 1416 3103 Ἀπόστολος,
1465 3041 1524 3092 ὲν
1566 3043 1727 3096 παντὶ

179 3116 514 3189 εὐχαριστεῖν
582 3122 649 3192 τῇ
708 3122 1002 3193 ἀγαθότητι
1062 3125 1249 3193 αὐτοῦ,
1308 3128 1402 3182 καὶ
1457 3132 1727 3201 μηδέποτε

2494 1962 2746 2029 feramus.

1913 2046 1956 2100 I.
1979 2046 2158 2128 ‘Quam
2216 2050 2471 2119 praeclare
2493 2051 2709 2109 locutus
2737 2065 2819 2110 est
2845 2056 3013 2112 abbas
3041 2059 3252 2124 Pastor,
3280 2075 3394 2113 mo-

1842 2124 1997 2191 nachi
2024 2124 2228 2194 scilicet
2281 2142 2394 2195 veri
2424 2143 2633 2213 signum
2678 2146 2818 2201 inter
2852 2149 3175 2204 tentationes
3222 2151 3395 2204 maxi-

1840 2239 1926 2278 me
1948 2241 2222 2294 apparere.
2247 2228 2412 2284 Debet
2440 2234 2586 2285 enim
2641 2236 2937 2291 monachus
2958 2238 3049 2307 qui
3087 2254 3194 2293 non
3249 2240 3392 2306 Iicte,

1840 2328 1944 2370 non
1966 2316 2217 2371 simulate
2237 2319 2303 2371 ad
2342 2318 2435 2373 Dei
2463 2310 2741 2391 servitium
2767 2327 2972 2381 venerit
2990 2328 3142 2398 juxta
3174 2328 3393 2400 Sapien-

1837 2406 1968 2459 tiam
1992 2402 2035 2472 ι,
2069 2422 2371 2477 praeparare
2401 2426 2495 2471 cor
2544 2428 2702 2468 suum
2738 2415 2803 2470 ad
2838 2419 3193 2488 tentationes;
3225 2422 3298 2476 ita
3335 2430 3395 2476 ut

1837 2495 1890 2550 in
1916 2497 2001 2551 his
2024 2513 2144 2567 quae
2163 2500 2267 2554 sibi
2288 2503 2744 2573 contigerint,non
2765 2506 3110 2577 Obstupescat
3147 2511 3392 2581 aliquan-

1834 2588 1925 2650 do,
1949 2604 2057 2642 nou
2087 2592 2454 2657 conturbetur,
2483 2594 2586 2651 hoc
2616 2610 2800 2651 secum
2861 2609 3137 2669 reputans,
3166 2611 3221 2657 et
3269 2619 3388 2657 cer-

1834 2687 1948 2733 tum
1984 2679 2189 2737 habens
2211 2684 2329 2737 sine
2353 2684 2532 2739 divina
2558 2685 2899 2744 Providentia
2924 2690 3036 2745 lieri
3064 2692 3219 2747 nihil.
3240 2693 3391 2759 Qua:-

1834 2784 2044 2839 cunque
2075 2772 2218 2826 enim
2253 2774 2535 2831 nobiscum
2558 2776 2747 2847 agitet
2773 2778 3047 2848 dispensat
3081 2781 3244 2850 Deus,
3269 2798 3388 2839 om-

1834 2857 1921 2910 nia
1945 2858 1999 2911 in
2036 2858 2319 2914 utilitatem
2380 2871 2619 2918 nostram
2667 2866 2798 2935 agit,
2829 2865 3011 2920 omnia
3058 2882 3123 2923 ex
3156 2868 3389 2925 beneve-

1832 2948 1993 3003 lentia
2026 2960 2081 3004 et
2108 2951 2368 3007 cbaritate
2392 2970 2491 3009 sua
2521 2969 2647 3025 erga
2677 2972 2777 3012 nos
2803 2957 3099 3028 dispensat,
3131 2968 3190 3013 ut
3242 2961 3390 3015 scili-

1830 3051 1915 3095 θοι
1943 3054 2096 3098 curet
2126 3056 2180 3099 ct
2224 3046 2412 3101 salvct.
2472 3047 2652 3114 Quare
2687 3048 2743 3103 in
2782 3052 3013 3114 cunctis,
3043 3061 3100 3107 ut
3136 3053 3213 3107 ait
3238 3054 3389 3123 Apo-

1829 3134 2074 3198 stolus“,
2100 3136 2227 3204 ejus
2254 3137 2478 3191 bonitati
2513 3139 2712 3205 gratias
2738 3156 2896 3209 agere
2924 3142 3199 3209 debemus,
3227 3154 3389 3214 atque

178 3207 421 3280 ἀθυμεῖν,
454 3210 489 3281 ἢ
513 3211 864 3282 μικροψυχεῖν
890 3216 982 3267 ἐπὶ
1008 3217 1121 3278 τοῖς
1151 3217 1538 3286 συμϐαίνουσιν
1565 3223 1723 3292 ἡμῖν,

1833 3224 1883 3276 in
1917 3225 2062 3278 nullo
2089 3226 2419 3292 contristari,
2456 3236 2550 3282 aut
2576 3228 2804 3284 deiicere
2828 3230 2909 3285 vel
2931 3232 3215 3287 minimum
3238 3250 3386 3304 qua:-

178 3297 310 3352 ὰλλά
342 3299 591 3370 δέχεσθαι
615 3302 904 3375 ἀταράχως
951 3304 1018 3359 τά
1060 3308 1401 3380 ἐπερχόμενα
1453 3315 1591 3383 μετὰ
1632 3332 1731 3370 τα-
1786 3316 1789 3319 λ

177 3388 611 3461 πεινοφροσύνης
671 3392 767 3445 καὶ
820 3393 918 3465 τῆς
976 3395 1115 3466 μετά
1163 3396 1297 3452 Θεὸν
1347 3399 1584 3467 ἐλπίδος·
1638 3422 1734 3457 πε-

178 3480 478 3549 πεισμένοι,
505 3481 686 3546 καθὼς
736 3481 911 3549 εἷπον,
959 3486 1041 3541 ὅτι
1101 3489 1279 3543 πάντα
1335 3491 1436 3545 ὅσα
1480 3493 1547 3547 ἂν
1602 3495 1729 3567 ποιῇ

181 3570 297 3639 μεθ’
324 3572 481 3643 ἡμῶν
534 3575 563 3627 δ
588 3574 740 3639 Θεὸς.
798 3577 1092 3649 ἀγαθότητι
1151 3583 1315 3649 ποιεῖ,
1364 3586 1458 3637 καὶ
1504 3588 1731 3654 ἀγαπῶν

185 3662 330 3732 ἡμᾶς
362 3667 522 3731 ποιεῖ,
568 3669 663 3720 καὶ
706 3667 886 3732 καλῶς
938 3672 1101 3724 ποιεῖ.
1154 3672 1265 3726 Καὶ
1325 3674 1425 3728 οὐκ
1462 3676 1730 3748 ἐνδέχεται

177 3752 311 3808 αὕτά
336 3754 511 3819 ἄλλως
570 3757 748 3821 καλῶς
785 3758 1054 3826 γενέσθαι,
1106 3762 1156 3813 εί
1202 3761 1279 3834 μὴ
1302 3762 1474 3829 οὕτως
1512 3765 1729 3838 ἐλέησεν

175 3842 203 3894 ό
250 3841 403 3907 Θεός.
446 3845 602 3902 Φίλον
634 3848 731 3902 ἐὰν
776 3848 875 3920 ἔχῃ
916 3866 1001 3913 τις
1050 3851 1145 3904 καὶ
1204 3853 1728 3926 πληροφορεῖταιότι

175 3932 360 4006 ἀγαπᾷ
414 3936 630 3991 αὐτόν’
687 3939 741 3992 ετ
763 3958 815 3994 τι
835 3940 882 3994 δ’
915 3940 981 3994 ἂν
1029 3942 1177 4014 πάθῃ
1231 3944 1360 4014 παρ’
1413 3947 1726 4014 αὑτοῦ,κᾶν

178 4023 415 4103 θλιϐερὸν
437 4023 507 4093 εἴ,
540 4028 653 4101 ἔχει
678 4031 760 4084 ὅτι
789 4031 1015 4100 ἀγαπῶν
1051 4034 1292 4103 ἐποίησε,
1340 4036 1436 4089 καὶ
1463 4038 1719 4093 οὐιίέποτε

176 4102 412 4173 πιστεύει
443 4120 570 4193 περὶ
599 4120 692 4174 τοῦ
734 4121 889 4201 φίλου
958 4124 1141 4192 αὐτοῦ,
1203 4127 1283 4180 ὃτι
1316 4126 1513 4199 βλάψαι
1560 4132 1723 4186 αὐτὸν

177 4205 312 4263 θέλει
333 4226 350 4243 ·
377 4211 529 4283 πόσῳ
552 4213 752 4284 μᾶλλον
784 4215 947 4286 ἡμεῖς
989 4217 1277 4288 ὀφείλομεν
1311 4218 1454 4290 ἔχειν
1483 4224 1722 4293 περὶτοῦ

175 4297 302 4355 Θεοῦ
334 4301 427 4356 τοῦ
458 4303 756 4370 πλάσαντος
802 4308 967 4379 ἡμᾶς.
997 4310 1091 4362 καὶ
1121 4311 1187 4363 ὲκ
1230 4309 1325 4365 τοῦ
1364 4312 1439 4383 μὴ
1477 4312 1624 4377 ὄντος
1644 4317 1723 4379 είς

176 4389 235 4471 τὸ
263 4387 403 4447 εἶναι
430 4398 861 4465 παραγαγόντος,
914 4401 1005 4451 καὶ
1064 4400 1132 4452 δι’
1184 4402 1329 4471 ἡμᾶς
1372 4404 1721 4478 ὲνανθρωπή-

173 4466 381 4552 σαντας,
410 4485 505 4538 καὶ
551 4487 689 4558 ὑπὲρ
754 4488 911 4559 ἡμῶν
967 4466 1348 4556 ἀποθανόντος,
1414 4495 1495 4548 ὅτι
1535 4466 1721 4551 ’πάντα

176 4573 467 4648 eum;
517 4578 663 4631 ποιεῖ
718 4579 839 4648 μεθ’
880 4580 1055 4664 ἡμῶν,
1133 4580 1229 4634 καὶ
1292 4582 1521 4649 ἀγαπῶν
1570 4584 1719 4651 ἡμᾶς
1753 4571 1794 4624 D

178 4670 314 4722 ποιεῖ
337 4684 354 4736 ;

239 4760 312 4817 Β.
351 4764 464 4817 Kal
498 4762 595 4817 ἐπὶ
627 4763 726 4835 μὲν
752 4761 847 4818 τοῦ
874 4763 1027 4833 φίλου
1056 4763 1171 4818 ἔστι
1223 4763 1533 4833 λογίσασθαί
1578 4782 1721 4827 τινα,

178 4850 255 4906 ὅτι
280 4853 508 4923 ἀγαπῶν
541 4872 610 4926 με
634 4859 799 4921 ποιεῖ,
826 4842 919 4926 aial
953 4856 1263 4928 φειδόμενος
1287 4856 1354 4909 δι’
1392 4854 1528 4925 ἐμοῦ
1551 4869 1567 4884 ⁶
1605 4858 1721 4910 ἀλλ’

177 4944 236 4997 οὐ
260 4947 477 5009 πάντως
502 4948 595 5000 καὶ
617 4947 825 5021 ταύτην
855 4934 968 5019 ἔχει
1006 4949 1238 5015 σύνεσιν,
1270 4948 1411 5002 ῶστε
1450 4948 1721 5022 διοικῆσαι

177 5034 241 5089 τὰ
283 5039 403 5093 κατ’
433 5036 551 5108 ἐμὲ,
582 5038 678 5092 καὶ
703 5039 790 5093 διὰ
839 5025 1015 5104 τοῦτο,
1060 5040 1135 5104 ὡς
1184 5040 1348 5104 εἰκὸς,
1378 5040 1471 5092 καὶ
1504 5040 1581 5110 μὴ
1634 5041 1732 5094 Οέ-ι

178 5124 277 5181 λων
308 5129 536 5201 βλάπτει
561 5145 628 5200 με
656 5146 672 5161 ·
701 5131 796 5183 ἐπὶ
827 5132 883 5184 δὲ
911 5131 1028 5202 Θεῷ
1052 5133 1113 5186 οὐ
1139 5130 1414 5201 δυνάμεθα
1451 5129 1609 5184 τοῦτο
1644 5137 1721 5186 εἰ-

179 5222 311 5276 πεῖν.
344 5223 516 5288 Αὐτὸς
540 5222 646 5294 γάρ
673 5222 820 5279 ἐστιν
855 5226 890 5294 ὴ
940 5224 1089 5295 πηγὴ
1117 5227 1214 5296 τῆς
1245 5222 1455 5291 σοφίας,
1484 5229 1579 5278 καὶ
1615 5222 1721 5280 οἶδε

180 5313 347 5376 πάντα
391 5316 460 5369 τὰ
487 5314 830 5387 συμφέροντα
854 5317 1007 5385 ἡμῖν,
1030 5317 1133 5369 ,καὶ
1176 5316 1310 5387 πρὸς
1344 5312 1474 5366 αὐτὸ
1525 5315 1719 5369 διοικεῖ

178 5404 243 5457 τὰ
267 5405 390 5459 καθ’
438 5408 587 5479 ἡμᾶς
617 5407 779 5476 μέχρι
820 5407 1044 5458 καὶτῶν
1090 5405 1501 5474 εὐτελεστέρων.
1563 5407 1716 5460 Ἔστι

180 5493 233 5548 δὲ
278 5497 442 5551 πάλιν
468 5501 642 5552 εἰπεῖν
673 5496 802 5569 περὶ
824 5495 919 5549 τοῦ
946 5496 1101 5563 φίλου
1128 5500 1211 5552 ὅτι
1236 5497 1441 5565 ἀγαπᾷ,
1471 5495 1566 5548 καὶ
1607 5499 1724 5565 φεί-

183 5586 319 5645 ὕεται
348 5589 445 5645 καὶ
472 5590 689 5655 συνετός
732 5590 880 5642 ἐστιν
912 5587 992 5650 είς
1016 5588 1081 5641 τὺ
1142 5588 1407 5660 διοικῆσαι
1467 5586 1534 5637 τὰ
1597 5589 1720 5640 κατ’

228 5764 457 5826 Haedi.
488 5780 547 5823 ιι.
578 5779 619 5822 ι.
717 5764 1059 5837 'pres.v.
1093 5760 1197 5829 eo;
1231 5760 1253 5815 ι
1284 5761 1474 5819 Thess.
1518 5775 1573 5830 τ,
1626 5761 1711 5817 l8.

1830 3330 2044 3385 cunque
2070 3316 2229 3371 nobis
2250 3317 2562 3384 acciderint,
2590 3319 2682 3374 sed
2728 3322 2907 3375 omnia
2945 3322 3207 3393 intrepide
3224 3325 3385 3379 adve-

1830 3408 2033 3463 nientia
2066 3409 2342 3480 suscipere
2365 3426 2489 3473 cum
2521 3410 2819 3468 humilitate
2848 3421 2904 3468 et
2953 3430 3048 3483 spe
3073 3415 3127 3469 in
3160 3413 3326 3471 Deum
3361 3433 3380 3484 ;

1830 3509 1978 3555 certe
1998 3503 2262 3572 persuasi,
2294 3512 2356 3558 ut
2405 3504 2539 3571 dixi,
2592 3506 2737 3575 quod
2780 3507 3041 3578 quidquid
3094 3508 3378 3565 nobiscum

1829 3592 1937 3663 agit
1966 3591 2125 3658 Deus,
2152 3593 2205 3648 id
2231 3610 2329 3650 sua
2365 3595 2605 3652 bonitate
2639 3609 2693 3652 et
2737 3597 3103 3655 benevolentia
3131 3616 3258 3673 erga
3279 3616 3382 3657 nos

1828 3692 1969 3750 agat.
1994 3679 2179 3752 Neque
2204 3684 2354 3754 enim.
2381 3686 2534 3739 decet
2563 3690 2626 3740 ea
2668 3687 2825 3741 aliter
2870 3687 3007 3744 bene
3060 3689 3196 3759 ﬁeri,
3216 3707 3381 3763 quam

1828 3782 1886 3825 ut
1922 3764 2002 3827 sic
2027 3775 2349 3829 misereatur
2390 3774 2551 3830 Deus.
2588 3768 2725 3830 Nam
2767 3779 2814 3832 si
2841 3781 2967 3847 quis
3017 3781 3250 3837 amicum
3277 3784 3378 3841 ba-
3451 3788 3453 3791 ’

1825 3861 1968 3925 beat,
1987 3872 2042 3917 et
2067 3864 2403 3920 certissimus
2424 3866 2496 3920 sit
2519 3866 2589 3919 ab
2634 3882 2700 3921 eo
2751 3883 2810 3922 se
2870 3868 3041 3938 diligi,
3069 3886 3377 3942 quanquam

1825 3951 2023 4021 aliquid
2056 3954 2124 4006 ab
2153 3967 2221 4007 eo
2246 3954 2483 4023 patiatur
2534 3954 2801 4009 interdum
2832 3956 3061 4023 molesti,
3089 3956 3142 4010 id
3195 3967 3378 4015 tamen

1824 4052 1976 4110 putat
2000 4052 2243 4097 amanter
2274 4042 2498 4109 factum,
2526 4059 2701 4115 neque
2722 4046 3036 4115 persuaderi
3077 4056 3257 4118 potest
3287 4051 3379 4105 ul-

1824 4135 1876 4188 lo
1905 4127 2071 4188 'm’odo
2111 4137 2337 4190 nocendi
2384 4137 2623 4191 animum
2679 4137 2910 4192 amicum
2971 4137 3247 4196 habuisse.
3306 4140 3378 4194 At

1783 4234 1791 4241 '
1824 4235 2028 4296 quanto
2044 4228 2213 4298 magis
2236 4226 2304 4281 de
2325 4226 2435 4282 Deo
2464 4227 2724 4283 debemus
2751 4228 2853 4283 hoc
2874 4228 3115 4297 credere,
3146 4231 3240 4303 qui
3272 4246 3375 4287 nos

1824 4316 2129 4386 plasmavit,
2181 4317 2426 4387 quicum
2466 4326 2585 4373 non'
2625 4331 2891 4383 essemus,
2942 4317 3072 4375 fecit
3132 4329 3191 4375 ut
3222 4334 3374 4377 esse-

1824 4420 1969 4469 mus,
1999 4407 2089 4475 qui
2120 4421 2218 4477 pro
2254 4406 2411 4464 nobis
2464 4407 2797 4473 incarnatus,
2826 4424 2927 4478 pro
2950 4410 3108 4467 nobis
3128 4408 3374 4497 mortuus

1822 4496 1955 4549 est?

1893 4763 1957 4818 ΙΙ.
1992 4765 2059 4819 Et
2081 4766 2133 4818 in
2159 4764 2336 4820 amico
2360 4746 2831 4839 quidemcogitari
2856 4769 3097 4840 quaedam
3122 4780 3373 4840 possunt,

1821 4856 2199 4927 quodscilicet
2230 4866 2471 4933 amanter
2496 4871 2555 4915 et
2583 4876 2773 4916 curam
2801 4861 2905 4916 inci
2953 4876 3146 4930 gerens
3168 4863 3270 4918 hoc
3296 4863 3375 4920 fe-

1770 4964 1773 4969 '
1819 4948 1953 5003 cerit
1982 4967 1995 5000 :
2025 4962 2147 5000 cum
2177 4957 2493 5005 tamennon
2539 4967 2685 5008 esset
2712 4954 2765 5007 in
2790 4965 2855 5006 eo
2881 4954 3059 5006 omnis
3086 4955 3374 5023 providen-
3436 5008 3441 5013 .

1824 5041 1898 5092 tia
1932 5047 1985 5092 et
2004 5038 2263 5107 sapientia
2303 5055 2549 5097 mearum
2593 5060 2769 5098 rerum
2796 5042 3379 5108 administrandarum.

1824 5140 1883 5183 ut
1918 5127 2162 5193 decebat,
2202 5129 2432 5187 fortasse
2462 5135 2663 5195 nolens
2691 5133 2865 5188 obfuit
2909 5135 3065 5191 mihi.
3098 5135 3210 5193 Hoc
3253 5144 3381 5210 qui-
3434 5202 3440 5209 ο

1821 5224 1940 5278 dem
1968 5224 2043 5295 de
2074 5225 2249 5279 amico
2293 5241 2583 5296 possumus
2608 5239 2660 5281 et
2708 5228 2886 5283 dicere
2935 5242 2989 5285 et
3014 5232 3290 5299 cogitare:
3325 5242 3375 5285 at

1821 5314 1889 5369 de
1921 5315 2028 5371 Deo
2056 5325 2232 5370 autem
2266 5334 2625 5389 nequaquam.
2648 5318 2769 5389 Ipse
2822 5322 2966 5377 enim
3007 5322 3129 5378 fons
3153 5332 3235 5377 est
3282 5337 3374 5375 sa-

1821 5409 2057 5479 pientiae,
2087 5408 2143 5483 et
2184 5411 2443 5481 quidquid
2478 5413 2634 5467 nobis
2663 5413 2898 5479 advenit,
2930 5413 3192 5485 praenovit
3230 5413 3369 5483 opti-
3424 5412 3431 5419 ”

1827 5513 1912 5554 me
1945 5514 2117 5569 usque
2131 5501 2292 5556 etiam
2323 5503 2391 5557 ad
2413 5503 2633 5557 minima
2659 5517 2883 5572 quaeque
2900 5514 2955 5561 et
2994 5502 3271 5559 vilissima.
3296 5503 3372 5559 De

1826 5589 1999 5655 amico
2027 5592 2187 5645 etiam
2209 5588 2435 5649 fortasse
2469 5590 2680 5645 dicetur
2707 5592 2853 5661 quod
2871 5593 2971 5649 llos
2997 5588 3201 5659 diligat,
3226 5590 3373 5659 quod
