4020 6340
142 382 284 453 I777

1501 410 1873 474 DOCTRINA
1909 418 1953 475 Χ
1968 419 2055 477 ιγ.

3246 436 3375 502 17Ἱὸ

116 500 365 571 ἁδελφός
395 518 509 568 σου,
530 508 622 559 καὶ
655 507 800 575 λέγει
837 528 916 563 σοι
943 513 1112 583 ῥῆμα,
1144 516 1341 569 θλίϐων
1365 536 1443 583 σε,
1473 522 1506 592 ἢ
1538 522 1676 590 πλήσ

122 608 238 616 ..-ω
299 598 391 616 --με
426 613 448 616 ,
569 600 594 616 ς.
747 601 761 616 .
797 602 912 616 η...
1155 608 1164 616 .
1381 614 1416 616 __
1530 614 1535 616 Α

1809 539 1973 578 unum
2001 531 2371 595 apposueriut,
2435 530 2570 587 duos
2600 536 2818 591 tollant:
2880 549 2939 594 ut
2989 544 3215 612 exempli
3251 565 3371 616 gra-

118 608 261 659 σῶν,
298 598 398 649 καὶ
419 600 647 669 σιωπᾷς.
676 601 770 654 καὶ
794 602 1007 671 βάλλεις
1038 608 1344 677 μετάνοιαν
1379 614 1489 667 ἰδοὺ
1514 614 1701 681 ἔϐαλες

116 682 221 735 ἕνα
257 682 434 739 λίθον.
479 683 611 741 Εἶτα
643 691 871 760 ὑπάγεις
919 696 1013 749 καὶ
1049 697 1229 767 λέγεις
1280 701 1425 772 ἄλλῳ
1465 704 1699 775 ἀδελφῴι

120 772 369 844 ’Υϐρισέ
394 795 462 847 με
487 778 516 830 6
541 780 708 834 δεῖναο
753 783 869 837 τόδε
900 787 993 839 καὶ
1024 788 1139 841 τόδε
1170 787 1291 845 εἷπέ
1336 811 1427 862 μοι
1458 811 1472 825 ·
1514 772 1615 850 καὶ-
1640 772 1700 852 οὐ

118 865 295 935 μόνον
341 870 644 942 ἐσιώπησα,
681 875 819 929 ἀλλὰ
855 866 950 931 καὶ
984 882 1275 949 μετάνοιαν
1303 887 1452 958 αὐτῷ
1487 888 1695 945 ἔϐαλον.

128 958 269 1012 Ἰδοὺ
307 960 499 1027 ἔϐαλες
524 966 621 1020 ἕνα
647 968 815 1033 λίθον,
856 972 952 1025 καὶ
977 973 1071 1026 δύο
1094 976 1318 1046 ἐπῆρες.
1346 979 1697 1053 unum;

1810 616 1881 670 tia
1909 634 1921 670 :
1979 616 2132 672 Venit
2162 621 2359 690 aliquis
2380 640 2409 676 e
2434 623 2714 692 fratribus,
2745 641 2797 685 et
2822 632 3073 687 insolenti
3102 638 3262 690 verbo
3286 644 3364 694 vel

1813 708 2114 778 impatienti
2148 721 2200 766 te
2231 714 2416 784 afﬂigit
2437 730 2489 771 et
2520 722 2769 786 percutit.
2820 722 2898 776 Tu
2945 740 3096 780 vero-
3125 737 3270 784 taces
3319 745 3364 783 et

1803 800 2148 859 inclinatione
2195 811 2440 875 corporis
2470 812 2727 867 honorem
2761 815 2960 871 defers.
3030 818 3104 873 Eu
3131 821 3358 903 lapidem

1802 905 1969 945 unum
2012 898 2307 963 apposuisti
2360 917 2372 951 :
2416 912 2533 968 post
2578 904 2728 966 abis,
2793 915 2846 961 et
2919 910 3089 963 altero
3142 898 3367 967 fratrum

1801 994 2014 1052 reperto
2034 986 2107 1039 illi
2131 1004 2344 1057 narras,
2368 1002 2422 1046 et
2438 1010 2762 1063 murmuras,
2781 1003 2921 1069 quod
2947 1002 3023 1058 sis
3036 1004 3105 1057 ab
3124 1021 3186 1059 eo
3206 1006 3368 1062 fratre

113 1069 200 1117 τις
233 1057 530 1125 μετάνοιαν
557 1060 725 1118 θέλων
759 1063 1106 1136 ὼξασθῆναι,
1147 1073 1238 1124 καὶ
1261 1074 1676 1144 εὑρίσκεταιτα·

1778 1072 2000 1142 ιὶιιῇιιτὶιι
2050 1076 2298 1141 allectus,
2335 1092 2391 1157 et
2440 1099 2605 1155 auges
2650 1088 2925 1158 iujuriam,
2969 1103 3025 1147 et
3054 1099 3286 1152 tacuisse
3315 1108 3365 1153 te

111 1144 388 1209 πιίνωσις
430 1150 567 1219 μετὰ
595 1152 921 1219 κενοδοξίας.
948 1157 1120 1212 Τοῦτό
1151 1162 1268 1216 ἐστι
1300 1164 1360 1216 τὸ
1389 1163 1572 1234 βαλεῖν
1603 1168 1699 1222 ἕνα

111 1234 266 1291 λίθον
290 1240 389 1293 καὶ
431 1244 633 1315 ἐπᾶραι
666 1246 849 1300 αὑτόν.
891 1249 953 1305 '0
975 1250 1031 1303 δὲ
1074 1255 1133 1305 ἐν
1174 1254 1369 1323 γνώσει
1400 1260 1570 1312 ποιῶν
1600 1279 1697 1331 με-

110 1329 372 1397 τάνοιαν,
419 1334 597 1387 πείθει
630 1336 793 1390 αὑτὸν
837 1338 1101 1410 ἀκριϐῶς,
1131 1345 1213 1398 ὅτι
1254 1345 1414 1410 αὑτὸς
1463 1329 1695 1420 ἐσφάλη,

111 1423 211 1475 καὶ
262 1422 603 1498 πληροφορεῖ
648 1430 859 1497 ἑαυτὸν,
914 1433 994 1486 ὅτι
1049 1435 1212 1499 αὑτός
1249 1439 1397 1492 ἐστιν
1430 1440 1461 1492 6
1499 1443 1693 1508 αἴτιος.

112 1514 293 1569 Τοῦτό
344 1520 460 1572 ἐστι
504 1520 567 1575 τὸ
606 1524 664 1576 ἐν
707 1523 906 1591 γνώσει
947 1530 1121 1580 ποιεῖν
1158 1532 1447 1597 μετάνοιαν
1476 1549 1491 1565 ⁸
1537 1536 1697 1601 ἄλλος

110 1610 278 1662 ἀσκεῖ
331 1615 560 1684 σιωπήνο
617 1616 732 1669 ἀλλ’
780 1618 879 1671 οὑκ
917 1620 978 1672 ἐν
1022 1623 1240 1687 γνώσειο
1289 1624 1401 1693 ἔχει
1448 1626 1559 1697 γὰρ
1612 1629 1693 1683 ὅτι

110 1702 324 1772 ἀρετὴν
385 1708 528 1758 ποιεῖ
588 1708 618 1759 6
661 1708 933 1774 τοιοῦτος,
988 1712 1141 1767 οὐδὲν
1190 1715 1249 1769 δὲ
1280 1720 1464 1772 ποιεῖ.
1528 1722 1587 1772 '0
1637 1722 1695 1774 δὲ

111 1788 169 1840 ἐν
190 1790 403 1857 γνώσει
430 1794 672 1859 σιωπῶν,
693 1798 934 1862 τοιοῦτος
960 1800 1094 1871 ἔχει,
1116 1804 1198 1857 ὅτι
1222 1805 1439 1871 ἀνάξιός
1460 1809 1576 1862 ἐστι
1598 1811 1691 1864 τοῦ

111 1881 374 1951 λαλῆσαι,
413 1885 489 1950 ὼς
515 1882 668 1941 εἷπον
693 1880 743 1943 οἶ
787 1893 1020 1964 Πάτρες,
1050 1899 1145 1950 καὶ
1177 1897 1314 1969 αὕτη
1351 1902 1468 1954 ἐστὶ
1510 1906 1689 1976 σιωπὴ

110 1976 169 2027 ἐν
202 1977 431 2045 γνώσει.
464 1981 635 2036 Πάλιν
671 1984 732 2037 οὑ
761 1990 951 2058 μετρεῖ
989 2005 1075 2052 τις
1100 1992 1309 2059 ἑαυτὸν,
1357 1996 1451 2049 καὶ
1476 1999 1688 2067 νομίζει

109 2065 192 2117 ὅτι
213 2083 269 2120 τι
302 2069 450 2138 μέγα
493 2077 657 2137 ποιεῖ,
687 2077 778 2128 καὶ
808 2077 891 2131 ὅτι
921 2080 1113 2135 ἑαυτὸν
1145 2089 1427 2152 ταπεινοῖ,
1468 2091 1560 2142 καὶ
1587 2092 1688 2143 οὐκ

106 2153 250 2212 οἶδεν
276 2162 364 2215 ὅτι
400 2162 550 2216 οὐδὲν
591 2165 725 2236 ἔχει,
751 2171 936 2242 ἐπειδὴ
964 2173 1062 2226 οὑκ
1093 2176 1152 2229 ἐν
1196 2176 1394 2244 γνώσει
1418 2182 1580 2233 ποιεῖ.
1612 2183 1685 2235 Τὸ

108 2252 164 2305 δὲ
209 2251 345 2326 [μὴ]
387 2260 601 2329 μετρεῖν
640 2261 833 2315 ἑαυτὸν
871 2265 929 2316 ἐν
972 2266 1189 2334 γνώσει,
1233 2270 1394 2325 τοῦτό
1442 2273 1579 2340 ἐστι,
1622 2275 1685 2327 τὸ

107 2344 252 2413 ἔχειν
292 2348 509 2416 ἑαυτὸν,
546 2352 628 2406 ὅτι
666 2354 816 2408 οὐδέν
853 2357 1002 2410 ἐστιν
1033 2372 1047 2386 ⁸
1093 2360 1213 2413 οὑδὲ
1245 2362 1395 2426 ἄξιός
1437 2365 1554 2418 ἐστι
1586 2367 1680 2421 τοὺ

106 2437 448 2516 ψηφισθῆναι
471 2446 610 2514 μετὰ
648 2447 950 2519 ἀνθρώπων
975 2491 991 2514 ,
1034 2451 1222 2524 ὥσπερ
1259 2452 1410 2510 εἶπεν
1439 2459 1616 2530 ἑαυτῷ
1652 2464 1681 2515 6

105 2529 282 2595 6665.;
328 2535 567 2605 Μωῠσῆς
596 2556 611 2570 ο
652 2558 671 2591 ι
721 2541 1063 2613 Σποδόδερμα
1096 2545 1342 2614 μελανὺν,
1377 2549 1452 2619 μὴ
1488 2550 1564 2603 ῶν
1588 2553 1679 2607 ἄν·

108 2621 422 2691 θρωποςηί
443 2626 575 2701 ἔρχῃ
596 2631 654 2684 ἐν
688 2631 1203 2705 μέσῳλὼθρώπωη
1233 2656 1252 2689 ι
1292 2639 1458 2693 Πάλιν
1480 2642 1676 2713 ὑπηρε-

104 2714 188 2764 τεῖ
210 2730 295 2776 τις
321 2716 587 2789 ἀρρώστῳ
608 2736 621 2749 ο
649 2721 782 2773 ἀλλὰ
809 2722 896 2775 διὰ
925 2724 985 2775 τὸ
1010 2724 1152 2794 ἔχειν
1174 2727 1362 2795 μισθὸν
1392 2729 1670 2801 ὑπηρετεῖ,

109 2798 198 2849 καὶ
222 2802 324 2855 οὑκ
352 2804 495 2857 ἐστιν
516 2808 635 2860 οὐδὲ
662 2807 819 2861 τοίτο
847 2811 907 2863 ἐν
935 2811 1152 2878 γνώσει.
1187 2815 1295 2869 Καὶ
1335 2817 1516 2871 λοιπὸν
1544 2822 1594 2873 εί
1620 2838 1672 2873 τι

107 2887 151 2938 6‘
178 2890 246 2944 ἂν
274 2897 455 2968 συμϐῇ
483 2899 632 2971 αὑτῷ
664 2901 927 2974 λυπηρὺν,
958 2906 1196 2976 εὐχερῶς
1225 2909 1481 2964 ἐκκόπτει
1509 2912 1685 2967 αὑτὸν

108 2978 213 3031 ἀπὺ
233 2982 330 3035 τοῦ
363 2987 528 3040 καλοῦ
548 2989 711 3059 ἔργου
744 2992 927 3060 αὑτοῦ,
950 2997 1043 3048 καὶ
1062 2996 1121 3049 οὑ
1153 2995 1343 3065 φθάνει
1364 3001 1666 3072 πληρῶσαι.

122 3069 337 3145 Ἐπειδὴ
358 3078 459 3131 οὑκ
488 3081 546 3132 ἐν
582 3082 782 3148 γνώσει
809 3087 954 3137 ποιεῖ
981 3102 994 3114 ·
1021 3087 1049 3137 6
1074 3087 1130 3138 δὲ
1153 3089 1211 3139 ὲν
1238 3090 1437 3155 γνώσει
1461 3069 1669 3163 ⁷ὑπηρε-

108 3163 233 3229 τῶν,
269 3166 359 3221 διὰ
381 3169 442 3235 τὸ
475 3171 775 3240 κτήσασθαι
799 3174 1142 3243 συμπάθειαν
1174 3178 1470 3247 ὑπηρετεῖ·
1494 3180 1581 3233 διὰ
1606 3182 1670 3235 τδ
1700 3213 1742 3271 C

1797 1162 2127 1230 dictitas,et
2173 1167 2435 1225 inclinato
2490 1188 2716 1244 corpore
2779 1179 3039 1239 honorem
3083 1183 3358 1240 detulisse.

1800 1252 1936 1309 Ecce
1968 1273 2089 1311 cum
2120 1258 2349 1328 lapidem
2390 1280 2558 1319 unum
2586 1270 2955 1336 apposuisses,
3015 1273 3152 1330 duos
3182 1277 3364 1332 abstu-

1778 1329 1927 1399 listi.
1955 1346 2108 1402 Alius
2134 1348 2256 1403 item
2281 1351 2540 1408 honorem
2568 1329 2738 1411 tlefert
2756 1359 2929 1415 inanis
2948 1364 3131 1432 glori:c
3172 1368 3360 1434 gratia,

1794 1440 1849 1485 ct
1912 1433 2273 1493 humilitatem
2313 1441 2514 1508 pariter
2553 1459 2677 1498 cum
2731 1462 2864 1501 vana
2908 1452 3078 1519 gloria
3120 1433 3358 1522 invenit;

1794 1522 1899 1578 hoc
1928 1534 2013 1579 cst
2037 1542 2306 1598 apponere
2362 1542 2415 1585 et
2458 1533 2673 1589 auferre
2709 1539 2906 1605 pariter
2941 1542 3193 1609 lapidem.
3256 1545 3357 1610 Qui

1794 1629 1924 1669 vero
1948 1632 2070 1670 cum
2102 1620 2325 1675 scicntia
2360 1622 2619 1691 honorem
2651 1628 2887 1693 exhibet,
2937 1632 3050 1699 ipse
3082 1635 3183 1688 sibi
3228 1652 3353 1704 per-

1794 1707 1982 1761 suadet
2015 1710 2134 1763 sine
2164 1712 2330 1767 dubio
2360 1716 2503 1783 quod
2527 1731 2774 1785 peccator
2806 1722 2897 1784 sit,
2918 1724 3059 1791 quod
3093 1724 3146 1778 in
3172 1728 3355 1781 nudus

1792 1796 2070 1867 delinquat
2106 1809 2160 1854 et
2207 1815 2370 1868 erret,
2402 1807 2547 1874 quod
2583 1823 2748 1865 causa
2799 1811 2960 1867 fuerit
3012 1815 3220 1883 injuria:
3244 1818 3352 1871 fra—

1795 1896 1981 1967 ternm,
2017 1901 2177 1961 atque
2213 1893 2265 1947 id
2294 1898 2656 1952 certissimum
2690 1901 2872 1957 habet.
2925 1904 2989 1959 Et
3019 1906 3118 1961 hoc
3135 1918 3350 1962 estenni

1795 1981 2017 2037 scicntia
2066 1995 2120 2037 ct
2168 1987 2475 2054 cognitione
2534 1993 2788 2047 honorem
2849 1997 3122 2052 exhibere.
3184 2002 3352 2065 Alius

1792 2070 2065 2126 silentium
2083 2075 2185 2128 sibi
2216 2076 2316 2145 ipsi
2349 2079 2554 2142 indicit,
2585 2084 2676 2136 sed
2704 2101 2807 2137 non
2851 2102 2971 2139 cum
3017 2091 3344 2168 cognitione:

1792 2159 1953 2214 habet
1980 2162 2123 2216 enim
2156 2173 2363 2221 tantum
2404 2172 2549 2239 quod
2584 2174 2855 2228 silentium
2911 2179 3081 2231 virtus
3105 2192 3207 2235 est.
3252 2164 3348 2241 ,ΙΙίν

1789 2252 1983 2303 a'utcm’
2016 2267 2140 2306 cum
2188 2257 2415 2311 scicntia
2458 2271 2617 2325 tacet,
2648 2265 2774 2332 quia
2803 2283 2861 2319 sc
2893 2268 3168 2338 indignum
3200 2285 3350 2341 putat

1788 2339 1968 2410 loqui;
2003 2354 2057 2397 ct
2096 2344 2198 2401 hoc
2219 2356 2301 2401 est
2330 2341 2453 2404 enni
2481 2353 2703 2407 scientia
2744 2365 2797 2410 et
2828 2360 3133 2429 cognitione
3165 2364 3343 2424 silere,

1789 2442 1845 2484 ut
1874 2433 2138 2488 deliniant
2190 2435 2396 2495 Patres.
2464 2441 2771 2513 Magniticat
2818 2448 2943 2502 item
2988 2467 3046 2504 se
3099 2453 3241 2509 alius
3292 2466 3347 2508 et

1786 2538 2041 2593 magnum
2090 2520 2218 2597 quid
2255 2530 2435 2586 facere
2487 2551 2546 2588 se
2578 2546 2748 2603 putat,
2806 2541 2931 2607 quia
2975 2541 3195 2599 humilis
3241 2556 3342 2602 est.

1784 2612 2080 2691 lnfelixqul
2114 2620 2326 2687 ignorat
2363 2639 2421 2677 se
2470 2627 2605 2679 nihil
2633 2643 2753 2681 esse
2784 2634 3027 2697 omnino,
3073 2652 3195 2688 eum
3229 2638 3345 2690 sine

1781 2708 2089 2776 cognitione
2128 2709 2229 2765 hoc
2270 2721 2409 2783 agat.
2469 2714 2601 2770 Nam
2634 2720 2808 2772 metiri
2838 2736 2897 2781 se
2929 2723 3102 2790 ipsum
3154 2727 3340 2794 υυεηία

1782 2799 1945 2865 tione,
2000 2809 2083 2854 est
2135 2810 2287 2855 certo
2340 2805 2559 2859 credere
2591 2807 2722 2860 nihil
2752 2824 2810 2861 se
2848 2826 2989 2888 esse,
3038 2820 3093 2864 et
3118 2806 3340 2867 onndnn

1781 2890 2058 2960 indignum
2080 2894 2391 2949 existimare
2423 2897 2699 2951 hominum
2726 2901 3135 2955 consuetudine.
3164 2934 3167 2937 -
3195 2894 3261 2958 [lt
3283 2924 3340 2957 se

1780 2982 1954 3049 ipsum
1994 2984 2279 3037 accusabat
2332 2985 2499 3040 abbas
2548 2986 2759 3058 Moyses
2788 2990 3010 3045 dicens:
3054 3012 3071 3041 ι
3099 2994 3338 3064 Sterqui-

1778 3072 1965 3127 linium
1998 3090 2121 3128 cuin
2150 3078 2225 3130 sis
2256 3086 2311 3129 et
2334 3077 2491 3141 cinis,
2516 3096 2620 3133 non
2650 3083 2963 3145 homo;eur
2992 3086 3058 3138 ad
3094 3086 3339 3157 homines

1778 3161 2115 3229 ingrederis?
2169 3184 2187 3216 ι
2230 3165 2498 3221 Ministrat
2528 3170 2651 3238 quis
2679 3171 2911 3238 inlirmo,
2963 3186 3017 3229 ct
3042 3192 3109 3229 co
3156 3179 3339 3231 animo

112 3258 407 3325 κτήσασθαι
438 3261 714 3333 σπλάγχνα
743 3264 1037 3335 οἰκτιρμῶν
1062 3282 1077 3297 ο
1103 3269 1133 3320 6
1151 3268 1258 3340 γὰρ
1284 3268 1423 3339 ἔχων
1450 3270 1668 3339 σκοπὸν,

1778 3250 1929 3324 “1
1971 3263 2031 3308 ut
2065 3258 2365 3311 mercedem
2398 3258 2597 3313 laboris
2623 3264 2870 3345 acquirat
2894 3282 2911 3328 ;
2940 3274 2995 3318 et
3024 3267 3125 3322 hoc
3153 3269 3339 3338 utique

111 3346 162 3397 εί
180 3365 232 3402 τι
259 3349 305 3402 δ’
320 3351 389 3403 ἂν
409 3354 585 3425 συμϐῇ
608 3355 777 3424 αὐτῷ,
797 3358 899 3409 κᾶν
915 3356 1090 3433 θλίψις
1106 3358 1326 3427 ἔξωθεν,
1350 3360 1453 3415 κᾶν
1467 3363 1624 3426 αὑτὸς
1641 3364 1670 3415 6

112 3438 388 3510 ἇρῥωστος
425 3444 731 3519 ὀλιγωρήσῃ
777 3451 913 3521 πρὸς
959 3442 1141 3514 αὑτὸν,
1179 3452 1339 3515 αὑτὸς
1381 3455 1701 3526 ἀταράχως

104 3528 385 3601 βαστάζει,
416 3538 695 3609 προσέχων
722 3540 800 3611 τῷ
831 3542 1177 3625 ἱδίῳκσκοπῷ,
1215 3545 1310 3598 καὶ
1330 3544 1505 3609 εἰδὼς,
1536 3547 1616 3600 ὅτι
1643 3550 1671 3600 6

114 3622 386 3691 ἆῤῥωστος
423 3627 620 3695 μᾶλλον
664 3628 825 3683 αὑτὸν
866 3622 1161 3701 εὐεργετεῖ,
1191 3634 1351 3705 ἥπερ
1388 3637 1549 3700 αὑτὸς
1579 3635 1669 3690 τὸν

114 3711 406 3780 ἄρρωστον.
440 3706 773 3787 Πιστεῦσατε
815 3722 925 3791 γὰρ
960 3723 1039 3775 ὅτι
1077 3725 1173 3777 καὶ
1203 3726 1312 3779 ἀπὸ
1348 3728 1535 3779 παθῶν
1575 3730 1671 3780 καὶ

66 3824 75 3831 ·
116 3799 357 3867 πολέμων
384 3804 695 3869 κουφίζεται
714 3809 744 3859 6
775 3808 834 3859 ἐν
859 3808 1053 3876 γνώσει
1080 3812 1367 3882 ὑπηρετῶν
1380 3814 1664 3893 ἀρρώστῳ.

126 3888 257 3957 Ἐγὼ
284 3886 403 3964 ’γὰρ
432 3889 555 3946 οἶδα
579 3895 805 3964 ἀδελφὸν
850 3897 1251 3969 πολεμούμενον
1288 3903 1394 3955 ὑπὸ
1435 3888 1668 3975 αἰσχρᾶς

117 3978 418 4057 ἐπιθυμίας,
451 3986 542 4038 καὶ
590 3986 677 4039 διὰ
708 3988 771 4040 τὸ
796 3988 1085 4059 ὑπηρετεῖν
1107 3989 1373 4061 ἀρρώστῳ
1415 3993 1665 4047 δυσεντε-

118 4070 316 4138 ριῶντι,
357 4076 494 4146 μετὰ
538 4078 817 4145 γνώσεως,
861 4081 1238 4151 ἀπαλλαγέντα
1272 4082 1365 4137 τοῦ
1409 4084 1661 4155 πολέμου.

116 4162 216 4216 Καὶ
256 4164 521 4237 Ιεᾷὐαγριος
568 4168 712 4236 λέγει
755 4172 879 4242 περί
927 4189 1071 4236 τινος
1116 4175 1349 4244 μεγάλου
1388 4177 1661 4245 γέροντος,

116 4251 188 4305 ὅτι
234 4258 359 4311 τινὰ
396 4259 503 4311 τῶν
544 4260 783 4329 ἀδελφῶν
829 4265 1230 4333 ταρασσόμενον
1266 4268 1324 4319 ἐν
1367 4270 1485 4330 ταῖς
1526 4270 1663 4335 νυξὶ,

115 4342 212 4393 τῶν
263 4346 518 4400 τοιούτων
560 4350 886 4420 ἀπήλλαξεν,
935 4350 1186 4406 ἀσθενέσι
1227 4355 1363 4426 μετὰ
1413 4358 1663 4426 νηστείας

118 4430 442 4503 ὑπηρετῆσαι
489 4439 810 4514 προστάξας.
854 4442 965 4494 Καὶ
1018 4442 1212 4511 ἔλεγεν
1240 4446 1531 4518 ἐρωτηθεὶς
1572 4450 1663 4503 τὸν

1774 3344 1915 3398 haud
1963 3356 2047 3399 est
2104 3362 2228 3402 cum
2292 3351 2602 3419 cognitione
2644 3354 2847 3407 servire
2896 3365 2951 3409 et
3004 3357 3331 3413 ministrare.

1770 3434 1949 3500 Quare
1990 3453 2116 3492 cum
2174 3438 2387 3495 adversi
2423 3443 2703 3512 quidpiam
2732 3446 2806 3499 illi
2840 3450 3148 3519 contigerit,
3180 3450 3337 3506 facile

1770 3546 1800 3582 a
1834 3531 1975 3585 bono
1992 3533 2238 3597 desistit;
2266 3552 2364 3590 nec
2394 3548 2628 3607 emptum
2648 3555 2784 3608 opus
2801 3543 3031 3596 sustinet
3054 3548 3333 3613 perlicere,

1769 3621 1893 3689 quia
1940 3640 2047 3675 non
2090 3637 2363 3692 operatur,
2411 3637 2470 3680 ut
2521 3629 2656 3694 dixi,
2699 3648 2822 3685 cum
2864 3634 3193 3697 cognitione.
3229 3622 3331 3701 Qui

1767 3722 1947 3765 autem
1990 3729 2112 3767 cum
2156 3715 2378 3769 scientia
2416 3726 2470 3769 ct
2514 3721 2819 3786 cognitione
2867 3724 3157 3787 ministrat,
3215 3729 3331 3781 ideo

1772 3804 2043 3857 ministrat
2070 3806 2196 3873 quia
2224 3808 2424 3873 argi-nte
2455 3809 2803 3875 compatitur,
2850 3813 2977 3877 quia
3018 3815 3325 3871 miscricor—

1767 3899 1870 3953 diae
1928 3901 2227 3955 visceribus
2305 3915 2572 3957 movetur.
2656 3904 2719 3957 I'It
2805 3910 3114 3978 quicunque
3185 3915 3329 3972 hunc

1766 4003 1989 4057 scopum
2031 3989 2131 4044 sibi
2167 3992 2435 4057 statuerit,
2472 3994 2617 4048 nulla
2643 3996 2694 4047 in
2730 4012 2785 4050 re
2818 3998 3041 4052 adversa
3074 4002 3153 4053 vel
3190 4007 3325 4059 allii-

1765 4078 1942 4131 ctione
1986 4090 2207 4135 externa
2260 4084 2601 4149 movebitur,
2658 4102 2762 4139 non
2810 4088 2854 4142 si
2900 4101 3135 4158 aegrotus
3199 4112 3320 4150 cum

1765 4167 2059 4229 spreverit,
2112 4178 2206 4221 aut
2248 4171 2547 4226 maledictis
2599 4174 2946 4239 lacessiverit,
2982 4180 3073 4255 sed
3120 4182 3170 4233 in
3200 4198 3320 4236 scu-

1767 4271 1890 4324 pum
1907 4273 2063 4311 suum
2080 4259 2317 4316 intentus
2334 4262 2467 4317 feret
2481 4264 2657 4316 omnia
2679 4264 3086 4332 patientissime.
3107 4283 3319 4325 etcertn

1765 4354 1944 4406 credet
1956 4354 2147 4423 majori
2168 4357 2423 4411 beneﬁcio
2440 4372 2497 4411 se
2507 4357 2641 4410 allici
2661 4363 2961 4431 abzegroto,
2977 4381 3136 4433 quam
3149 4381 3316 4433 διικνο-

1766 4451 1877 4495 tum
1901 4458 1930 4495 a
1951 4459 2007 4497 se
2028 4445 2165 4513 ipso.
2198 4446 2304 4498 lloc
2319 4455 2493 4499 autem
2518 4444 2766 4516 ignorare
2789 4469 2884 4507 vos
2914 4454 3057 4516 nolo,
3082 4469 3205 4508 eum
3222 4460 3313 4525 qui

118 4521 273 4587 ποιεῖν
300 4524 344 4553 ³⁹
374 4524 560 4576 τούτου
593 4525 770 4593 λόγον,
800 4527 878 4580 ὅτι
910 4528 1063 4581 οὐδὲν
1098 4529 1268 4595 οὕτως
1297 4533 1371 4598 ὡς
1409 4537 1555 4600 ἕλεος
1592 4539 1660 4592 τὰ

1786 4535 1994 4587 ibeuter
2005 4552 2147 4604 :egro
2161 4537 2427 4590 deserviat
2439 4553 2560 4592 cum
2578 4544 2900 4611 cognitione,
2922 4547 3139 4600 relevari
3152 4548 3315 4603 mira-

117 4609 322 4664 τοιαῦτα
345 4613 768 4668 κατασϐέννυται
798 4617 964 4687 πάθη.
1000 4619 1167 4673 Πάλιν
1194 4621 1289 4673 ἐὰν
1311 4624 1450 4695 ἀσκῇ
1485 4644 1591 4693 τις,
1620 4629 1653 4698 ἢ

116 4692 193 4748 διὰ
216 4700 533 4767 κενοδοξίαν,
559 4703 594 4773 ἢ
614 4702 753 4774 ἔχων
794 4706 876 4759 ὅτι
907 4708 1106 4778 ἀρετὴν
1133 4714 1301 4772 ποιεῖ,
1324 4714 1422 4766 οὐκ
1448 4717 1608 4769 ἀσκεῖ
1631 4721 1660 4769 ὁ

118 4786 335 4856 τοιοῦτος
365 4793 420 4845 ἐν
452 4792 648 4861 γνώσει
675 4814 689 4827 ο
722 4795 904 4850 λοιπὸν
935 4801 1001 4852 ἐκ
1021 4799 1207 4854 τούτου
1244 4802 1468 4873 ἄρχεται
1506 4807 1657 4871 ἐξου-

118 4876 269 4936 δενεῑν
305 4886 397 4938 τὸν
425 4885 647 4954 ἀδελφὸν
676 4880 839 4941 αὑτοῦ
865 4927 881 4953 ,
916 4889 1053 4959 ἔχων
1086 4892 1277 4945 ἑαυτόν
1309 4910 1363 4945 τι
1390 4911 1405 4925 ’
1434 4898 1526 4951 καὶ
1560 4900 1655 4951 εὑ-

123 4967 345 5036 ρίσκεται
373 4976 432 5027 οὐ
465 4976 622 5044 μόνον
651 4975 854 5046 βάλλων
879 4978 976 5032 ἕνα
995 4979 1138 5033 λίθον
1159 4980 1253 5032 καὶ
1282 4982 1517 5053 ἐπαίρων
1540 4986 1652 5051 δύο,

121 5058 239 5114 ἀλλὰ
264 5068 357 5119 καὶ
392 5068 510 5121 ὅλον
544 5069 637 5123 τὸν
685 5074 863 5141 τοῖχον
884 5072 1218 5130 ,κινδυνεύων
1247 5071 1398 5143 ῥίψαι
1432 5076 1521 5131 διὰ
1560 5081 1654 5133 τοῦ

125 5148 281 5212 κρῖναι
301 5154 392 5206 τὸν
428 5156 669 5226 πλησίον.
705 5158 763 5211 '0
784 5157 840 5214 δὲ
869 5158 927 5209 ἐν
953 5158 1148 5225 γνώσει
1171 5160 1652 5234 ἐγκρατευόμενος,

123 5234 209 5287 οὐκ
235 5239 339 5310 ἔχει
361 5246 442 5299 ὅτι
467 5246 664 5317 ἀρετὴν
690 5250 851 5300 ποιεῖ·
873 5248 994 5301 οὐδὲ
1018 5249 1156 5302 θέλει
1186 5250 1541 5322 ἐπαινεῖσθαι,
1572 5256 1647 5318 ὡς

127 5325 343 5404 ἀσκητὴς
368 5355 381 5368 ·
414 5339 550 5392 ἀλλὰ
575 5339 687 5408 ἔχει
716 5338 799 5392 ὅτι
834 5338 920 5392 διὰ
945 5341 1042 5409 τῆς
1080 5342 1400 5411 ἐγκρατείας
1452 5348 1648 5399 κτᾶται

129 5428 469 5500 σωρροσύνην,
504 5431 594 5485 καὶ
631 5432 710 5485 ὅτι
761 5430 846 5485 διὰ
873 5432 1071 5504 ταύτης
1099 5433 1314 5503 ἔρχεται
1345 5438 1422 5500 εἰς
1450 5439 1640 5489 ταπεί-

1760 4626 1937 4680 bilitcr
1958 4628 2025 4679 ah
2046 4628 2207 4680 animi
2230 4628 2586 4694 passionibus,
2604 4644 2659 4687 et
2681 4636 2876 4688 diaboli
2896 4636 3280 4706 impugnationi
3306 4676 3309 4681 ‹

1759 4718 1881 4771 bus.
1910 4718 2040 4771 Novi
2056 4719 2195 4771 enim
2217 4718 2432 4773 fratrem
2451 4725 2647 4778 acriter
2662 4740 3019 4795 Oppugnatuin
3037 4744 3065 4782 a
3083 4728 3321 4787 ferniea-'
3344 4750 3347 4753 '

1762 4809 1923 4861 tionis
1945 4810 2202 4872 daemone,
2220 4818 2271 4861 et
2287 4825 2408 4863 cum
2422 4827 2564 4883 :rgro
2580 4831 2643 4869 ex
2661 4817 2978 4884 dysenteriis
2995 4817 3321 4883 deserviret‘.

1762 4898 1831 4950 ab
1856 4898 1957 4949 hoc
1991 4896 2127 4949 bello
2153 4911 2272 4950 esse
2298 4898 2605 4959 liberatum.
2655 4902 2717 4955 Et
2749 4905 3009 4973 Evagrius
3036 4920 3218 4962 narrat
3244 4913 3319 4981 de,

1759 4987 1972 5040 seniore
2028 4987 2261 5052 quedam
2306 5009 2522 5063 magno,
2596 4994 2737 5062 quod
2777 4996 3099 5065 discipulum
3150 5018 3306 5054 suum

1759 5074 2066 5143 huiusmodi
2108 5078 2574 5146 phantasmatibns
2628 5091 2783 5137 nocte
2816 5099 3177 5157 oppugnaturi:
3208 5093 3305 5143 hac:

1756 5167 1839 5217 via
1867 5165 2128 5233 liberavit,
2154 5171 2351 5228 indicto
2366 5176 2567 5229 scilicet
2581 5171 2655 5226 illi
2674 5174 2956 5244 ret'jo-juuio
2970 5189 3023 5231 ct
3041 5194 3301 5248 a-groruln

1757 5270 1885 5309 cura
1920 5274 1934 5307 :
1972 5258 2033 5311 Et
2076 5260 2142 5315 de
2176 5280 2232 5318 rc
2266 5266 2364 5319 hac
2404 5267 2763 5332 intermgatus
2820 5254 3122 5336 respondit:
3172 5269 3300 5321 nihil

1752 5361 1871 5398 esse
1894 5349 2035 5414 quod
2072 5352 2208 5407 adeo
2237 5356 2509 5423 passiones
2536 5354 2905 5422 hujuscemodi
2942 5340 3301 5425 exstingueri-t
3360 5354 3379 5365 ”

1751 5444 1809 5486 ut
1864 5436 2311 5498 misericordiam.
2364 5443 2417 5496 Si
2458 5445 2578 5511 quis
2619 5449 2744 5501 item
2775 5466 2889 5504 sese
2945 5458 3189 5501 cxcrceal
3221 5453 3297 5501 vel

1358 5632 1585 5688 VAlil/E
1622 5632 2014 5696 LECTIONES.

193 5811 229 5842 ²⁹
256 5812 290 5866 Ρ
295 5830 402 5876 orte
438 5822 579 5892 περί.
