4020 6340
138 471 237 536 781

1432 488 1811 552 ΒΟΟΤΒΙΝΑ
1874 493 2022 557 XIV.
2134 485 2138 489 ’

3199 481 3332 560 178's

109 589 285 659 λῶμεν
328 591 418 645 δια
448 594 547 664 τῆς
587 595 774 667 εὐχῆς.
826 597 899 650 Τὸ
934 598 1012 664 δὲ,
1056 600 1294 668 Ζητεῒτε
1343 603 1530 666 ἐστὶν,
1587 601 1674 656 ἵνα

1774 617 2075 671 precemur.
2110 606 2343 674 atterite
2364 617 2566 675 autem,
2599 610 2711 665 Ιιοσ
2731 618 2835 676 est,
2863 612 3180 666 serutatn'rni
3206 615 3331 668 dili-

110 680 414 751 ἐρευνῶμεν
462 684 582 750 πῶς
617 686 838 758 ἔρχεται
867 689 1007 762 αῦτη
1051 692 1086 762 ἡ
1108 693 1277 764 ἀρετή
1307 695 1586 770 ’.τί-ἔστιν
1609 696 1672 750 to

108 770 265 841 φέρον
292 773 466 847 ἀὐτὴν
487 816 505 842 ,
536 777 591 831 τι
628 780 915 852 ὀφείλομεν
943 784 1166 855 ποιῆσαι
1189 827 1207 852 ,
1231 785 1673 860 ἴνα-κτησώμεθα

105 863 288 934 αὑτήν.
316 865 392 919 τὸ
429 866 603 935 οὕτως
638 872 762 927 καθ’
783 873 1020 947 ἑκάστην
1049 877 1278 950 ἑρευνᾷν
1304 879 1421 932 ἐστι
1446 881 1529 946 τὺ,
1555 862 1674 950 In?

106 955 250 1010 τεῖτε
279 958 382 1011 καὶ
398 961 706 1030 εὑρήσετε.
736 965 811 1018 τὸ
829 966 890 1020 δὲ
925 966 1179 1038 κροῦσαί
1197 971 1334 1034 ἐστι,
1358 971 1418 1025 τὸ
1443 973 1673 1046 ἐνεργῆ-

107 1063 190 1101 σαι
228 1049 332 1114 τὰς
377 1053 619 1120 ἐντολάς.
671 1057 940 1124 Ἕκαστος
997 1062 1108 1132 γὰρ
1149 1061 1383 1134 κρούων.
1421 1064 1514 1119 διὰ
1562 1064 1674 1120 τῶν

106 1140 305 1210 χειρῶν
328 1144 514 1216 κρούει
542 1163 559 1179 ο
588 1148 644 1202 αἱ
671 1147 730 1202 δὲ
757 1152 936 1222 χεῖρες
963 1152 1044 1217 εἰς
1070 1152 1168 1223 τὴν
1192 1153 1504 1228 πρακτικὴν
1529 1156 1672 1227 λαμ-

108 1231 376 1290 ϐάνονται.
422 1237 658 1310 Θέλομεν
703 1237 800 1296 οῦν
847 1241 924 1314 μὴ
974 1243 1137 1316 μόνον
1164 1240 1352 1310 αἰτεῖν,
1399 1247 1534 1302 ἀλλὰ
1579 1250 1674 1304 καὶ

108 1323 285 1390 ζητεῖν
341 1328 725 1395 σπουδάζοντες
771 1333 865 1387 καὶ
893 1337 1065 1390 ποιεῖν
1104 1334 1261 1403 εἶναι,
1319 1338 1394 1404 ὡς
1439 1333 1592 1403 εἶπεν
1642 1344 1674 1397 ὁ

120 1412 435 1481 ’Δπόστολος
458 1436 472 1449 ·
495 1421 962 1495 Κατηρτισμένοι
986 1428 1077 1495 εις
1098 1426 1410 1500 πᾶν-ἔργον
1422 1414 1670 1502 ἀγαθόν.

109 1503 170 1555 Τί
190 1507 306 1559 ἐστι
321 1512 777 1582 κατηρτισμένοι
794 1531 816 1581 ;
831 1503 1002 1571 Ὅταν
1014 1533 1099 1581 τις
1119 1517 1248 1592 θέλῃ
1265 1525 1673 1580 natant-micat

109 1594 306 1661 πλοῖον,
358 1599 573 1671 πρῶτον
624 1604 901 1675 ἑτοιμάζει
949 1609 1131 1662 πᾶσαν
1182 1609 1282 1682 τὴν
1336 1612 1526 1682 χρείαν
1573 1615 1671 1669 τοῦ

105 1687 290 1742 πλοίου
315 1689 422 1754 ἕως
452 1692 546 1747 καὶ
574 1697 786 1766 μικρῶν
810 1699 1072 1770 ὴλαρίων,
1091 1701 1186 1755 καὶ
1216 1705 1420 1776 μικρᾶς
1446 1703 1670 1777 πίσσης,
1717 1701 1723 1706 ’

109 1781 198 1830 καὶ
221 1780 421 1854 μικροῦ
458 1786 724 1839 στυππίου
762 1803 776 1818 ο
805 1789 1003 1858 ὁμοίως
1031 1793 1124 1844 καὶ
1152 1792 1391 1865 ἱστάριον
1418 1796 1514 1850 ἐὰν
1541 1797 1670 1871 θέλῃ

105 1873 235 1944 γυνὴ
280 1875 496 1943 στῆσαι,
524 1878 799 1949 ὲτοιμάζει
840 1881 944 1947 ἕως
972 1886 1066 1938 καὶ
1096 1888 1294 1958 μικροῦ
1341 1891 1627 1960 ῥάμματος
1651 1911 1669 1926 ο

103 1961 258 2016 τοῦτο
293 1965 506 2034 λέγεται
548 1969 840 2040 κατάρτιον
864 1973 925 2027 τὸ
955 1972 1100 2046 ἔχειν
1147 1980 1328 2033 πᾶσαν
1357 1980 1456 2052 τὴν
1483 1982 1672 2054 χρείαν

108 2059 510 2129 Ἰτοιμαῖςμέψην
539 2060 633 2114 τοῦ
671 2065 1014 2135 πράγματος.

171 2239 246 2295 E'.
274 2242 462 2306 Οὕτως
485 2239 577 2298 οῦν
601 2245 686 2300 ἵνα
729 2248 895 2319 ἐσμὲν
927 2250 1021 2304 καὶ
1045 2252 1207 2322 ἡμεῖς
1251 2257 1672 2329 κατηρτισμένοι

100 2332 179 2394 εἰς
205 2335 316 2386 πᾶν
342 2333 502 2405 ἔργον
536 2339 760 2407 ἀγαθὸν,
793 2342 1005 2411 ἔχοντες
1027 2347 1208 2400 πᾶσαν
1225 2347 1325 2417 τὴν
1355 2349 1674 2420 ἐτοιμασίαν

102 2426 280 2496 ἡμῶν,
313 2429 396 2490 εἰς
422 2427 482 2482 τὸ
529 2435 694 2485 ποιεῖν
724 2433 786 2486 τὸ
824 2434 1035 2505 θέλημα
1062 2435 1156 2490 τοῦ
1187 2437 1325 2492 Θεοῦ
1369 2441 1508 2511 μετὰ
1531 2442 1671 2511 γνώ-

101 2534 258 2584 σεως,
280 2519 360 2583 ὡς
392 2521 534 2574 θέλει
562 2523 654 2577 καὶ
679 2522 754 2586 ὡς
789 2525 1011 2594 ἀρέσκει
1046 2528 1214 2600 αὐτῷ.
1249 2531 1316 2585 Τί
1349 2534 1496 2587 ἐστιν
1518 2534 1547 2588 ὅ
1580 2534 1670 2588 λέ-

98 2625 184 2673 γει
210 2612 241 2662 ὁ
287 2610 626 2675 Ἀπόστολος·
663 2615 732 2668 Τὸ
759 2615 989 2686 θέλημα
1015 2613 1122 2674 τοῦ
1169 2622 1316 2677 Θεοῦ
1348 2624 1416 2677 τὸ
1445 2626 1673 2695 ἀγαθὸν

99 2701 197 2752 καὶ
229 2701 565 2768 εὐάρεστον
601 2704 700 2760 καὶ
749 2706 1016 2772 τέλειον-ε
1059 2712 1242 2768 Πάντα
1284 2731 1355 2768 τα
1382 2717 1668 2788 γενόμενα,

99 2791 131 2858 ἢ
160 2793 305 2846 κατὰ
327 2793 670 2867 συγχώρησιν
689 2799 824 2853 θεοῦ
848 2817 1074 2869 γινεται,
1097 2806 1129 2874 ἢ
1156 2807 1277 2860 κατ’
1304 2807 1568 2874 εὐδοκίαν,
1594 2811 1670 2874 ὡς

97 2881 250 2950 λέγει
279 2884 340 2936 ἐν
368 2885 444 2955 τῷ
471 2890 746 2959 προφήτῃο
793 2890 941 2960 Ἐγὼ
967 2895 1391 2964 Κύριος.ποιῶν
1405 2897 1550 2968 φῶς,
1571 2901 1671 2955 καὶ

100 2972 317 3034 κτίζων
360 2978 582 3043 σκότος
605 2996 620 3009 ·
661 2981 756 3033 καὶ
809 2982 993 3051 πάλιν,
1044 2987 1166 3040 οὐκ
1207 2986 1341 3042 ἔστι
1382 2991 1560 3044 κακία
1598 2993 1672 3048 ἐν

98 3064 302 3126 πόλει,
332 3061 414 3130 ἣν
441 3067 475 3118 ὁ
523 3067 738 3135 Κύριος
764 3070 876 3125 οὐκ
923 3071 1229 3142 ἐποίησεν.
1283 3079 1498 3138 Κακίαν
1525 3081 1673 3151 λέγει

99 3154 284 3208 πάντα
312 3155 381 3210 τὰ
411 3158 695 3212 κακωτικά
717 3175 733 3189 ο
757 3161 920 3215 οἱονεὶ
947 3162 1013 3216 τὰ
1048 3163 1273 3237 θλιϐερὰ
1301 3168 1371 3221 τὰ
1413 3171 1672 3242 γινόμενα

1772 704 1962 764 genter
1986 712 2098 766 quo
2123 697 2377 755 adveniat
2400 699 2576 756 virtus
2607 700 2662 755 in
2682 716 2803 764 vos,
2824 702 2956 771 quid
2984 703 3329 773 potissinmm

1771 783 1845 839 sit
1868 787 2011 856 quod
2034 801 2155 868 eam
2189 788 2398 852 aﬂerat.
2424 790 2554 859 quid
2583 791 2851 862 agendum
2876 792 3053 859 nobis,
3085 803 3145 848 ut
3183 795 3329 849 illam
3407 841 3410 843 .

1771 887 2172 945 consequamur
2200 887 2256 932 et
2278 876 2684 948 possidet-mus:
2711 889 2767 937 et
2798 881 2901 937 ltoc
2929 891 3032 946 est,
3060 885 3205 954 quod
3231 885 3328 948 ait,

1770 967 2010 1035 ᾳιιιοιίιε,
2034 969 2277 1039 quotidie
2299 971 2544 1046 videlicet
2570 973 2674 1028 ista
2701 975 3081 1045 pervestigare.
3105 974 3332 1032 Pulsare

1772 1067 1954 1116 autem
1991 1071 2075 1118 est
2115 1073 2380 1134 praeepta
2423 1062 2639 1120 Domini
2681 1067 2970 1123 observare
3015 1075 3072 1123 et
3111 1067 3328 1124 facere:

1771 1151 1865 1222 qui
1895 1152 2042 1208 enim
2072 1154 2271 1225 pulsat,
2309 1157 2564 1214 manibus
2586 1157 2766 1228 pulsat
2793 1175 2809 1214 :
2842 1173 3039 1215 manus
3060 1159 3238 1230 igitur
3262 1162 3329 1214 att

1753 1242 2012 1298 .actiones
2042 1245 2403 1315 designandas
2435 1246 2794 1317 accipiuntur.
2827 1245 3012 1302 lnnuit
3043 1246 3206 1316 igitur
3233 1261 3331 1300 no-

1771 1331 1856 1387 bis
1888 1347 1996 1388 non
2028 1328 2205 1390 solum
2249 1336 2541 1405 petendum
2581 1350 2724 1400 esse,
2765 1336 2860 1390 sed
2897 1345 2951 1390 et
2982 1334 3328 1406 qua-rendum

1769 1434 1826 1480 et
1848 1425 2192 1494 pulsandum,
2231 1425 2304 1484 ita
2329 1436 2408 1492 ut,
2431 1425 2591 1497 juxta
2622 1426 2938 1496 Apostolum
2971 1447 2987 1483 :
3040 1426 3235 1484 Parati
3257 1427 3330 1481 si-

1772 1532 1887 1570 mus
1915 1525 1965 1572 et
1997 1517 2214 1586 perfecti
2239 1517 2295 1573 in
2317 1533 2470 1572 omne
2505 1533 2636 1587 opus
2662 1515 2849 1571 bonum
2879 1526 2925 1572 τ.
2954 1515 3095 1583 Quid
3118 1528 3202 1572 est
3229 1531 3330 1571 au-

1775 1616 1880 1664 tem
1909 1611 2132 1680 perfecti
2155 1612 2183 1666 τ
2224 1608 2617 1667 ,Ειιίιὶοειιιι-ιιε
2647 1611 2777 1682 quis
2818 1623 3008 1664 navem
3032 1648 3049 1674 ,
3095 1609 3329 1679 primum

1770 1708 2036 1770 praeparat
2075 1691 2414 1770 quaecunque
2461 1699 2768 1754 necessaria
2812 1697 2878 1753 ad
2907 1711 3026 1752 eam
3064 1706 3232 1762 sunt,
3275 1707 3332 1752 et

1775 1793 1945 1860 picem
1974 1800 2027 1846 et
2059 1799 2274 1863 stupam
2313 1801 2367 1846 et
2402 1790 2602 1846 clavos.
2649 1789 2716 1845 Et
2755 1790 2951 1844 mulier
2978 1803 3100 1842 cum
3140 1785 3328 1843 textri-

1772 1898 1902 1936 num
1936 1881 2143 1953 erigere
2171 1882 2405 1937 voluerit
2431 1883 2514 1937 vel
2544 1881 2703 1936 telam
2740 1889 2943 1947 texere,
2963 1879 3197 1950 disponit
3221 1879 3329 1946 pri-

1774 1989 1922 2028 mum
1940 1989 2277 2044 quaecunque
2298 1973 2624 2036 necessaria.
2643 1972 2804 2031 etiam
2830 1971 2917 2026 illa
2944 1969 3326 2026 minutissima:

1773 2073 1826 2119 et
1853 2066 1953 2120 hoc
1987 2072 2070 2120 est
2101 2065 2342 2135 perfecti,
2371 2065 2571 2120 habere
2594 2078 2812 2119 omnem
2849 2063 2930 2118 rei
2961 2063 3330 2118 necessitatem

1772 2167 2148 2227 praeparatam.

1846 2245 1907 2303 V.
1941 2247 2012 2302 Ut
2041 2249 2202 2317 igitur
2232 2249 2406 2303 sintus
2438 2256 2492 2303 et
2533 2264 2636 2304 nos
2670 2247 2890 2319 perfecti
2923 2249 2976 2302 in
3009 2261 3169 2303 omne
3197 2261 3335 2321 opus

1770 2337 1996 2403 bonum,
2027 2338 2318 2395 habeamus
2347 2353 2565 2397 omnem
2602 2355 2790 2394 curam
2830 2348 2884 2395 et
2921 2338 3256 2407 diligentiam
3283 2347 3337 2390 et

1771 2432 2253 2503 promptitudinem
2288 2441 2550 2498 nostram,
2582 2432 2651 2487 ad
2680 2431 3061 2501 perficiendam
3096 2431 3334 2485 divinam

1770 2524 2103 2591 voluntatem
2153 2540 2273 2578 cum
2315 2524 2622 2596 cognitione
2649 2564 2666 2590 ,
2693 2538 3017 2594 quacunque
3059 2524 3113 2577 in
3157 2537 3215 2577 re
3258 2522 3337 2576 illi

1770 2617 2029 2687 placitum
2068 2615 2249 2670 fuerit.
2298 2612 2454 2681 Nam,
2483 2623 2543 2670 ut
2585 2615 2662 2669 ait
2701 2615 3034 2684 Apostolus:
3079 2611 3336 2666 Voluntas

1769 2705 1871 2760 Dei
1901 2705 2058 2771 bona,
2085 2705 2419 2776 beneplarens
2451 2715 2500 2760 et
2541 2705 2770 2774 perfecta
2808 2717 2882 2760 est
2913 2715 2960 2760 ³.
3011 2702 3206 2759 Onmia
3235 2720 3338 2757 au-

1769 2807 1877 2853 tem
1901 2814 2236 2868 quaecunque
2275 2797 2453 2861 ﬁunt,
2487 2797 2828 2868 permittente
2871 2796 2981 2851 Deo
3023 2794 3104 2850 vei
3145 2794 3334 2864 dispo-

1768 2899 1931 2946 nente
1959 2892 2115 2956 liunt,
2146 2898 2204 2943 ιιι
2234 2889 2364 2944 dicit
2389 2890 2504 2960 ipse
2533 2890 2586 2944 in
2613 2890 2914 2961 propheta:
2943 2887 3052 2959 Ego
3083 2887 3335 2942 Dominus

1769 2983 1968 3053 faciens
1997 2982 2166 3037 lucent
2191 2992 2242 3036 et
2273 2999 2456 3037 creans
2486 2982 2722 3037 tenebras
2756 2983 2800 3035 ί.
2851 2983 2918 3037 Ει
2946 2982 3138 3037 iterum
3165 3001 3179 3035 :
3213 2979 3336 3035 Non

1767 3085 1848 3129 est
1884 3073 2084 3129 malum
2110 3075 2166 3129 in
2204 3075 2433 3140 civitate,
2462 3074 2601 3144 quod
2634 3090 2735 3127 non
2777 3074 2960 3140 fecerit
3003 3071 3254 3126 Dominus
3286 3063 3335 3125 ιέ.

1728 3155 1737 3162 ’
1771 3165 1969 3220 Malum
1997 3164 2129 3220 dicit
2160 3165 2479 3220 amictiones
2514 3174 2568 3219 et
2599 3165 2881 3235 angustias
2913 3179 3034 3232 qua:
3063 3163 3130 3216 ad
3171 3162 3339 3217 disci—

97 3245 238 3317 πρὸς
281 3246 566 3300 παίδευσιν
595 3249 749 3318 ἡμῶν
789 3250 878 3305 διὰ
916 3252 1014 3325 τὴν
1044 3257 1240 3310 κακίαν
1274 3259 1428 3329 ἡμῶν
1455 3277 1470 3290 ·
1513 3261 1672 3315 ἄτινά

1774 3257 1972 3326 plinam
2017 3263 2258 3310 nostram
2304 3255 2440 3308 ﬁunt
2471 3262 2525 3307 et
2564 3253 2705 3306 mala
2750 3260 2938 3306 nostra
2975 3252 3334 3321 corrigenda:

97 3339 236 3400 ista,
264 3337 447 3408 λιμὸς,
477 3339 720 3409 σεισμὸς,
749 3341 1003 3412 ἀϐροχία,
1027 3345 1194 3409 νόσοι,
1218 3348 1458 3419 πόλεμοι.
1485 3349 1672 3406 Ταῦτα

99 3430 159 3482 οῦ
191 3429 441 3497 γίνονται
468 3431 588 3484 κατ’
612 3431 858 3487 εὐδοκίαν
887 3432 1041 3501 Θεοῦ,
1073 3435 1208 3490 ἀλλὰ
1227 3439 1364 3492 κατὰ
1397 3439 1675 3514 συγχώρη-

98 3533 203 3576 etv.
238 3521 649 3592 συγχωροῦντος
680 3521 776 3575 τοῦ
811 3522 948 3578 Θεοῦ
991 3525 1346 3598 ἐπενεχθῆναι
1380 3531 1510 3602 ἡμῖν
1537 3531 1675 3605 πρὸς

96 3608 160 3661 τὸ
178 3611 486 3680 συμφέρον.
509 3612 691 3667 Ταῦτα
712 3609 806 3668 οῦν
832 3615 895 3668 οὐ
916 3614 1059 3670 θέλει
1084 3618 1230 3688 ἡμᾶς
1257 3619 1431 3674 θέλειν
1455 3623 1485 3674 ό
1519 3622 1668 3686 Θεὸς,

96 3700 220 3753 οὐδὲ
266 3701 582 3772 συντρέχειν
603 3703 752 3774 αὐτῷ
775 3719 788 3734 ·
834 3700 946 3758 οἷόν
987 3722 1041 3758 τι
1066 3705 1228 3776 λέγω.
1264 3709 1418 3764 Ἔστι
1464 3711 1679 3785 θέλημα.

98 3789 261 3854 Θεοῦ,
304 3789 382 3854 ὡς
410 3793 637 3861 εἴπομεν
671 3794 812 3848 κατὰ
857 3791 1245 3868 συγχώρησιν,
1274 3800 1336 3854 τὺ
1373 3805 1675 3874 στραφῆναι

101 3883 285 3938 πόλιν.
316 3883 394 3936 οὗ
435 3883 578 3936 θέλει
605 3879 701 3937 οὖν
722 3887 893 3955 ἡμᾶς,
920 3889 1109 3960 ἐπειδὴ
1139 3890 1354 3962 θέλημα
1394 3894 1531 3948 θεοῦ
1558 3895 1675 3947 ἐστι

101 3976 420 4045 στραᾷῆναι
444 3974 632 4046 αὐτὴν,
665 3977 751 4030 ἵνα
792 3976 1041 4048 βάλωμεν
1092 3981 1188 4034 καὶ
1219 3984 1378 4052 ἡμεῖς
1422 3984 1551 4056 πῦρ,
1581 3985 1676 4040 καὶ

101 4065 428 4134 καύσωμεν,
464 4063 498 4134 ἢ
527 4065 610 4118 ἶνα
636 4064 890 4139 λάϐωμεν
934 4067 1121 4133 ἀξίνας
1159 4073 1251 4123 καὶ
1287 4073 1676 4145 καταστρέψωι

102 4173 205 4225 μεν
230 4173 248 4221 ;
274 4155 464 4222 .Πᾴ.).ιν
493 4156 799 4228 εὑρίσκεται
840 4159 1183 4231 συγχώρησις
1226 4160 1384 4224 Θεοῦ,
1413 4163 1513 4216 ,ἵνα
1561 4162 1680 4216 θλμ

99 4249 170 4319 ὗῇ
205 4246 322 4310 τις,
366 4247 401 4320 ἢ
439 4247 523 4300 ἵνα
544 4249 894 4323 ἀρρωστήσῃ,
924 4253 1023 4305 οὐκ
1060 4251 1243 4323 ἐπειδὴ
1275 4252 1486 4324 θέλημα
1514 4255 1677 4310 αὑτοῦ

100 4340 278 4401 ἐστιν,
307 4338 398 4391 ἵνα
429 4337 615 4410 θλισῇ·
645 4340 786 4394 θέλει
827 4342 975 4414 ἡμᾶς
1007 4341 1094 4398 ἵνα
1123 4343 1392 4415 θλίὸωμεν
1430 4345 1612 4413 αὐτὸν,
1643 4347 1677 4419 ἦ

103 4432 191 4485 ἴνα
251 4433 526 4503 εἴπωμεν,
575 4433 657 4486 ὅτι
712 4432 900 4505 ἐπειδὴ
945 4434 1156 4505 θέλημα
1205 4436 1341 4492 Θεοῦ
1397 4439 1545 4492 ἐστιν
1593 4440 1681 4495 ἵνα

100 4523 412 4595 ασθενήσῃ,
479 4523 554 4596 μὴ
592 4525 904 4595 ἐλεήσωμεν
933 4527 1094 4579 αὐτόν
1117 4547 1132 4594 ;
1158 4529 1328 4582 Τοῦτο
1358 4530 1420 4583 οὐ
1469 4531 1614 4585 θέλει
1652 4534 1683 4586 ὁ

1773 3359 1836 3403 ιιι
1852 3346 2044 3410 fames,
2067 3346 2402 3416 pestilentiae,
2427 3344 2662 3409 siccitas,
2685 3340 3056 3414 tegritudines,
3080 3342 3218 3396 bella
3236 3340 3336 3412 (Ι).

1774 3438 1900 3494 Haec
1929 3455 2034 3494 non
2061 3438 2200 3492 fiunt
2229 3455 2293 3492 ex
2318 3437 2500 3492 divina
2537 3436 2811 3490 voluntate
2837 3443 2934 3489 aut
2963 3433 3337 3504 dispositione,

1773 3530 1867 3585 sed
1917 3531 2272 3601 pet-missione
2321 3528 2494 3599 ipsius
2517 3568 2534 3593 ,
2574 3525 2918 3596 permittente
2949 3523 3060 3579 Deo
3088 3539 3152 3578 ea
3180 3522 3340 3578 nobis
3384 3601 3385 3604 η

1776 3621 2029 3691 ingruere
2076 3621 2144 3675 ad
2189 3620 2471 3676 utilitatem
2516 3626 2778 3673 nostram.
2822 3615 2946 3671 llaec
2982 3623 3161 3670 tamen
3203 3613 3341 3670 velle

1775 3729 1877 3768 nos
1905 3723 1998 3786 aut
2027 3723 2215 3780 optare
2247 3706 2497 3781 prohibet
2537 3709 2680 3765 Deus
2702 3750 2719 3774 ,
2751 3723 2926 3780 neque
2969 3706 3055 3763 his
3079 3707 3194 3762 vult
3239 3723 3342 3762 nos
3384 3768 3387 3771 _

1775 3818 2139 3858 concurrere:
2177 3810 2236 3855 ut
2266 3802 2416 3856 verbi
2446 3802 2642 3871 gratia,
2684 3799 2937 3854 voluntas
2981 3798 3076 3853 Dei
3118 3806 3203 3853 est
3247 3814 3342 3866 per
3385 3867 3389 3872 ι

1777 3892 2187 3962 permissionem
2210 3901 2270 3945 ut
2300 3892 2430 3944 urbs
2454 3891 2734 3944 diruatur:
2760 3887 3009 3956 nunquid
3035 3887 3198 3941 etiam
3226 3888 3344 3953 vult

1778 3982 1940 4048 Deus,
1981 3999 2102 4040 cum
2139 3982 2307 4054 ipsius
2339 3981 2586 4035 voluntas
2608 3980 2700 4044 sit,
2736 3987 2796 4033 ut
2825 3979 2956 4033 urbs
2984 3987 3129 4042 ruat,
3163 3987 3227 4036 ut.
3242 3993 3344 4034 nos

1778 4077 1982 4147 pariter
2017 4074 2165 4130 faces
2193 4074 2550 4129 immittamus
2577 4083 2633 4128 et
2657 4071 3042 4126 comburamus
3071 4084 3189 4125 eam
3213 4109 3228 4135 ,
3260 4072 3343 4126 vel

1779 4179 1839 4223 ut
1866 4183 2085 4223 secures
2109 4165 2475 4235 suscipiamus
2499 4173 2553 4219 ct
2579 4179 2685 4219 una
2707 4163 2987 4218 diruautus
3015 4162 3201 4216 illam?
3224 4160 3344 4217 Per

1781 4258 1945 4313 mittit
1975 4257 2100 4310 item
2132 4255 2275 4310 Deus
2300 4256 2535 4325 aliquem
2565 4254 2724 4324 allligi
2760 4252 2844 4307 vel
2869 4265 3170 4324 aegrotare;
3204 4269 3344 4306 nun-

1779 4348 1909 4419 quid
1947 4347 2077 4416 quia
2118 4347 2371 4404 voluntas
2403 4348 2493 4402 Dei
2523 4354 2626 4404 est.
2658 4356 2715 4399 ut
2762 4345 2809 4400 is
2846 4345 3136 4417 atlligatur,
3179 4343 3341 4397 debe-

1783 4455 1904 4494 mus
1928 4439 2133 4508 pariter
2163 4449 2218 4494 et
2241 4457 2340 4495 nos
2367 4455 2490 4494 eum
2532 4437 2809 4509 allligere?
2851 4453 2922 4491 an
2952 4438 3078 4506 quia
3110 4433 3342 4488 dicimus

1782 4529 2057 4586 voluntate
2093 4530 2274 4587 divina
2321 4529 2548 4584 alterum
2597 4541 2899 4596 aegrotare.
2945 4544 3051 4581 non
3100 4524 3342 4580 misereri

99 4617 236 4681 Θεδς
259 4660 276 4683 ,
311 4618 376 4670 οὐ
402 4615 546 4670 θέλει
591 4619 738 4688 ἡμᾶς
764 4617 1106 4688 ὑπουργῆσαι
1142 4619 1220 4689 τῷ
1264 4621 1490 4694 τοιούτῳ
1516 4622 1677 4677 αὐτοῦ

1788 4620 1905 4690 ejus
1930 4621 1983 4675 in
2017 4620 2244 4691 aliquo?
2274 4615 2385 4672 Hoc
2424 4633 2528 4672 non
2558 4618 2673 4672 vult
2718 4618 2882 4681 Deus,
2914 4627 2972 4670 ut
3010 4615 3218 4668 scilicet
3246 4629 3342 4668 vo-

102 4707 404 4777 θελήματι.
447 4705 734 4771 Τοιούτους
781 4707 922 4761 θέλει
953 4711 1098 4779 ἡμᾶς
1145 4705 1286 4764 εἶναι
1312 4713 1574 4781 ἀγαθοὺς,
1597 4716 1681 4768 ὅτι

99 4798 272 4862 αὐτὸς
324 4797 355 4850 ὅ
414 4800 576 4863 ποιεῖ,
609 4797 672 4851 οὐ
698 4797 954 4852 θέλειῖνα
1004 4800 1319 4873 θελήσωμεν
1339 4805 1500 4858 αὐτό·
1546 4806 1682 4860 ἀλλα

100 4893 151 4944 τί
205 4891 400 4958 θέλει;
444 4891 600 4978 Θέλει
657 4893 804 4978 ἡμᾶς
841 4894 904 4947 τὸ
951 4895 1164 4965 θέλημα
1203 4895 1369 4949 αὐτοῦ
1406 4898 1582 4952 θέλειν
1626 4899 1686 4952 τὸ

100 4986 340 5053 ἀγαθον,
397 4985 460 5038 τὸ
527 4986 648 5038 κατ’
689 4971 936 5082 εὐδοκίαν
961 5028 976 5052 ,
1029 4987 1105 5050 ὼς
1151 4983 1321 5050 εἷπον,
1379 4990 1683 5060 γινόμενον.

102 5082 284 5136 Τοῦτο
349 5081 408 5135 δέ
438 5080 809 5151 ἰξεστι,’ττιὶντιιέ
862 5082 932 5136 τὰ
975 5085 1106 5136 κατ’
1152 5082 1368 5153 ἐντολὴν
1407 5083 1684 5155 γινόμενα,

101 5173 166 5225 τὸ
230 5170 508 5242 ἀλλήλους
564 5172 806 5242 ἀγαπᾷν,
854 5169 915 5223 τὸ
973 5172 1336 5240 συμπάσχειν,
1393 5171 1454 5223 τὸ
1513 5176 1687 5226 ποιεῖν

103 5262 511 5333 ἐλεημοσύνην,
565 5262 660 5316 καὶ
714 5265 815 5317 ὅσα
857 5259 1105 5318 τοιαῦτα.
1173 5261 1302 5314 Ἰδοὺ
1357 5261 1420 5314 τὸ
1473 5261 1688 5336 θέλημα

101 5351 200 5404 τοῦ
235 5351 382 5404 Θεοῦ
414 5351 476 5404 τὺ
503 5350 726 5419 ἀγαθόν·
753 5350 806 5403 τί
831 5350 887 5403 δέ
908 5351 1022 5402 ἐστι
1042 5353 1138 5404 καὶ
1160 5351 1449 5421 εὐάρεστον
1472 5367 1489 5417 ;
1524 5355 1689 5408 Οὐδὲν

103 5446 240 5516 γὰρ,
277 5444 381 5496 καὶ
426 5441 598 5497 ποιῶν
641 5457 725 5504 τις
764 5441 986 5509 ἀγαθὸν,
1020 5443 1233 5506 πάντως
1271 5444 1357 5507 ὅτι
1395 5443 1687 5517 εὐάρεστον

103 5536 246 5588 αὐτὸ
277 5537 452 5588 ποιεῖ.
499 5533 609 5588 Καὶ
639 5533 783 5602 λέγω
815 5531 952 5594 πῶς’
985 5533 1276 5603 Συμὸαξνει
1315 5534 1398 5586 ὅτι
1444 5537 1687 5606 εὑρίσκει

127 5746 129 5748 -
183 5727 208 5756 ι’
243 5714 291 5770 ll
319 5712 452 5767 Cur.
483 5731 558 5776 Ix.
585 5714 652 5781 8;
679 5713 717 5768 Il
736 5711 876 5767 Tim.
911 5727 990 5777 tu,
1025 5715 1107 5767 l7.
1184 5723 1207 5751 ⁸
1235 5712 1394 5769 Rom.
1427 5714 1598 5778 τιμε.

1774 5729 1842 5769 sa.
1875 5729 1997 5782 tu,
2036 5716 2092 5773 7.

181 5838 267 5907 (ι)
303 5833 482 5907 caute
513 5835 630 5907 lege
658 5854 672 5888 :
700 5833 1255 5907 natumalutnpunne
1282 5844 1489 5907 certum
1513 5846 1594 5889 est
1613 5845 1685 5907 ex

108 5904 421 5978 theologia,
445 5905 639 5962 nedum
675 5904 1018 5974 permittente
1065 5905 1173 5961 Deo
1197 5944 1210 5970 .
1247 5906 1341 5962 sed
1379 5905 1540 5962 etiam
1573 5906 1688 5960 eili-

1784 4711 1976 4765 luutati
2005 4726 2115 4766 sua:
2143 4708 2549 4765 subserviamus
2579 4717 2674 4763 aut
2697 4721 3087 4763 concurramus
3112 4707 3164 4760 in
3201 4706 3341 4760 istis.

1783 4799 1912 4857 Vult
1941 4818 2040 4856 nos
2069 4799 2211 4854 Deus
2242 4816 2365 4854 esse
2409 4800 2604 4865 bonos,
2653 4816 2760 4855 non
2804 4812 2924 4870 qua:
2963 4797 3077 4866 ipse
3118 4798 3347 4854 voluerit

1784 4894 1890 4949 hoc
1918 4891 2078 4948 modo
2119 4901 2179 4945 ut
2210 4890 2460 4948 velimus.
2502 4893 2642 4955 Ouid
2689 4891 2852 4960 igitur
2894 4888 3030 4943 velle
3062 4904 3160 4944 nos
3189 4891 3348 4945 vult?

1785 4983 2125 5040 Voluntatem
2165 4980 2337 5051 ipsius
2377 4983 2598 5044 bonam,
2639 4994 2694 5037 et
2731 4979 2994 5049 quidquid
3045 4995 3140 5049 per
3181 4978 3345 5054 “3

1784 5079 1979 5133 bonam
2009 5074 2342 5128 voluntatem
2378 5074 2498 5144 ejus
2543 5073 2620 5128 ﬁt.
2671 5071 2785 5126 Hoc
2831 5080 2914 5124 est
2941 5109 2957 5135 ,
3007 5085 3348 5142 quzccunque

1783 5176 1914 5222 nutu
1943 5172 1998 5218 et.
2029 5173 2299 5235 prtccepto
2331 5165 2451 5235 ejus
2480 5163 2738 5218 eveniunt
2776 5169 2830 5214 et
2878 5160 3035 5226 ﬁunt,
3073 5170 3133 5216 ut
3162 5177 3347 5215 amaro

1783 5273 1902 5314 sese
1931 5265 2141 5320 mutuo,
2163 5256 2419 5327 compati,
2435 5256 2810 5324 eleemosynas
2830 5253 3028 5320 facere,
3054 5263 3214 5324 atque
3238 5253 3343 5306 alia

1783 5347 2186 5418 hujuscemodi.
2229 5349 2306 5403 En
2336 5350 2488 5403 bona
2532 5346 2781 5400 voluntas
2821 5343 2938 5402 Dei.
2983 5345 3122 5414 Quid
3165 5356 3345 5399 autem

1789 5450 1950 5496 estet
1981 5439 2375 5510 beneplaceus?
2423 5437 2593 5492 Omne
2625 5436 2828 5492 bonum
2860 5439 3006 5509 quod
3033 5438 3102 5491 ab
3129 5435 3238 5497 ullo
3264 5433 3348 5502 iit,

1791 5534 1893 5589 etsi
1919 5545 2129 5601 semper
2157 5531 2355 5587 bonum
2380 5530 2467 5595 sit,
2505 5545 2611 5584 non
2646 5545 2859 5603 semper
2891 5540 3071 5586 tamen
3099 5527 3351 5598 bcncpla-

2163 5729 2188 5756 ιι
2216 5722 2376 5771 Amos
2399 5731 2480 5780 ut,
2507 5713 2541 5770 6

1792 5834 1988 5898 ciente,
2041 5836 2325 5892 ordinante
2368 5844 2424 5889 et
2480 5835 2800 5904 disponente
2835 5827 2946 5904 ﬁeri
2992 5847 3019 5904 :_
3075 5843 3172 5884 nec
3211 5828 3350 5882 satis

1792 5905 2040 5976 eaplicite
2073 5906 2139 5963 ad
2195 5905 2408 5977 regulas
2436 5899 2718 5974 tncoiogite
2741 5901 2829 5959 hic
2877 5899 3117 5971 loquittu
3141 5909 3351 5957 auctor.
