4020 6340
184 475 326 543 i785

1515 489 1889 551 DOCTRINA
1909 492 2058 554 XIV.

3252 498 3384 564 1786

179 588 319 651 Θεὸς
346 586 532 659 ῥύεται
554 588 723 642 αὐτον
749 590 844 645 ἀπ’
864 592 1052 662 αὐτῆς.
1079 594 1268 660 Ἄλλος
1298 598 1561 670 ποιεῖτὴν
1587 600 1737 671 ἐλεη-

1836 596 2003 662 facit,
2031 608 2090 653 ut
2129 616 2160 655 a
2204 615 2363 670 pmna
2401 602 2606 656 scilicet
2642 602 2916 667 liberetur,
2954 614 3010 659 et
3040 606 3212 675 ipsum
3243 607 3383 665 Detts

183 679 447 750 μοσύνην,
491 679 578 732 ἵνα
617 680 757 753 λάϐῃ
801 683 1009 753 μισθόν,
1046 684 1216 739 Τοῦτο
1266 689 1590 760 ὑψηλότερον
1639 691 1738 761 μὲν

180 771 302 823 ἔστι
327 770 422 824 τοῦ
452 769 670 842 πρώτου
697 789 711 803 ο
754 772 870 827 ἀλλ’
895 775 1015 829 οὐδὲ
1040 776 1172 831 αὐτὸ
1197 780 1398 850 ἀκμὴν,
1436 781 1511 844 ὡς
1538 782 1691 836 θέλειν
1709 784 1739 836 ὁ

178 862 339 925 Θεός.
392 861 558 916 οὔπω
583 864 691 935 γάρ
720 866 836 919 ἐστι
863 867 923 919 ἐν
946 870 1011 937 τῇ
1039 867 1134 921 τοῦ
1165 869 1283 924 υἱοῦ
1309 872 1543 926 διαθέσει
1566 890 1582 903 ⁸
1622 863 1737 928 ἀλλ’

172 954 375 1024 ὥσπερ
420 957 452 1009 ὁ
494 956 759 1026 μισθωτὸς
804 962 946 1013 ποιεῖ
979 958 1042 1013 τὸ
1082 960 1292 1032 θέλημα
1326 963 1417 1016 τοῦ
1454 964 1735 1028 δεσπότου,

176 1043 268 1097 διὰ
319 1042 382 1096 τὸ
427 1043 615 1100 λαϐεῖν
660 1046 752 1099 τὸν
795 1045 983 1116 μισθὸν
1021 1046 1115 1100 τοῦ
1158 1048 1418 1103 δεσπότου
1461 1051 1557 1103 καὶ
1603 1068 1737 1122 κερ-

176 1136 340 1189 δᾶναι
371 1148 387 1164 ’
429 1137 631 1205 ὁμοίως
675 1137 769 1191 καὶ
799 1131 951 1203 οὗτος
974 1136 1130 1195 ’ποιεῖ
1158 1142 1246 1196 διὰ
1270 1143 1329 1196 τὸ
1358 1142 1612 1213 κερδᾶναι
1640 1144 1736 1199 καὶ

178 1226 271 1298 lx:
281 1245 331 1280 ιν
363 1230 573 1298 μισθόν.
938 1226 944 1231 ’
1279 1248 1285 1254 ·

248 1319 417 1390 Τρεῖς
449 1320 557 1390 γάρ
587 1320 693 1373 εἱσι
719 1319 985 1387 διαθέσεις
1022 1324 1091 1377 δι’
1133 1321 1209 1379 ὧν
1244 1324 1528 1396 ὀφείλομεν
1559 1329 1736 1381 ποιεῖν

133 1418 137 1421 ‘
176 1401 241 1463 εδ
271 1410 492 1478 ἀγαθὸν,
521 1411 596 1473 ὡς
625 1411 770 1479 λέγει
798 1414 827 1466 ὁ
854 1413 1007 1481 ἆγιος
1042 1416 1337 1486 Γρηγόριος
1363 1415 1595 1471 ·-’ταῦτα
1646 1419 1735 1471 καὶ

181 1499 374 1555 ἄλλοτε
414 1496 567 1553 εἷπον
596 1501 745 1569 ὑμῖν.
779 1502 850 1555 Ἦ
881 1502 992 1573 γὰρ
1028 1504 1346 1574 φοϐούμενοι
1387 1504 1484 1575 τὴν
1515 1506 1735 1560 κόλασιν

182 1587 447 1658 ποιοῦμεν
479 1588 542 1641 τὸ
569 1589 792 1658 ἀγαθὸν,
824 1592 919 1669 καὶ
949 1594 1116 1663 ἐσμὲν
1143 1596 1202 1648 ἐν
1224 1596 1288 1665 τῇ
1320 1594 1536 1667 δουλικῇ
1567 1614 1732 1650 κατα-

183 1683 375 1736 στάσει
396 1698 412 1713 ·
459 1682 494 1753 ἢ
535 1683 624 1737 διὰ
656 1683 717 1738 τὺ
750 1672 933 1739 λαϐεῖν
975 1687 1066 1739 τὸν
1098 1686 1308 1757 μισθὸν,
1344 1690 1439 1742 καὶ
1475 1691 1638 1761 ἐσμὲν
1677 1692 1736 1744 ἐν

179 1777 248 1845 τῇ
280 1776 516 1830 διαθέσει
543 1776 636 1830 τοῦ
671 1778 935 1847 μισθωτοῦ
958 1793 975 1811 ⁶
1023 1780 1055 1846 ἣ
1088 1781 1154 1834 δι’
1182 1781 1313 1835 αὐτὸ
1335 1782 1395 1835 τὺ
1421 1782 1605 1846 καλὸν,
1645 1785 1736 1837 καὶ

180 1868 350 1938 ἐσμὲν
375 1873 432 1923 ὲν
463 1870 526 1940 τῇ
553 1856 788 1923 διαθέσει
816 1871 911 1923 τοῦ
946 1872 1087 1927 υἱοῦ.
1132 1874 1189 1925 '0
1218 1874 1330 1938 υἱὸς
1358 1874 1465 1946 γὰρ
1491 1876 1554 1928 οὐ
1594 1876 1738 1929 ποιεῖ

178 1958 242 2010 τὸ
273 1958 484 2027 θέλημα
516 1958 619 2011 tofi“
654 1960 886 2032 πατέρος
931 1962 1041 2014 ἀπὸ
1070 1961 1254 2026 φόϐου,
1289 1964 1408 2017 οὐδὲ
1452 1965 1527 2027 ὡς
1570 1965 1739 2019 θέλων

179 2048 316 2119 παρ’
342 2048 508 2103 αὐτοῦ
535 2049 719 2104 λαϐεῖν
767 2052 976 2120 μισθὸν,
1010 2052 1144 2106 ἀλλὰ
1191 2052 1359 2107 Θέλων
1406 2053 1735 2124 θεραπεῦσαι

179 2139 362 2204 αὑτὸν,
409 2140 575 2193 θέλων
623 2141 853 2211 τιμῆσαι
902 2143 995 2196 καὶ
1045 2142 1352 2198 ἀναπαῦσαι
1401 2144 1580 2199 αὐτόν.
1630 2146 1737 2199 Καὶ

177 2233 341 2300 ἡμεῖς
368 2228 463 2285 οὖν
489 2231 659 2296 οὕτως
705 2234 989 2305 ὀφείλομεν
1034 2238 1207 2289 ποιεῖν
1248 2237 1345 2307 τὴν
1374 2236 1738 2307 ἐλεημοσύνην

177 2323 264 2377 διὰ
288 2324 352 2377 τὸ
377 2325 557 2389 καλὸν,
580 2327 986 2397 συμπάσχοντες
1011 2328 1279 2399 ἀλλήλοις,
1309 2330 1383 2392 ὡς
1409 2331 1556 2389 ἰδίοις
1585 2329 1740 2399 μέλε-

180 2431 299 2468 σιν·
346 2416 517 2479 οὕτως
545 2417 601 2470 δὲ
630 2416 1018 2488 θεραπεύοντές
1047 2436 1186 2482 τινα,
1230 2420 1306 2481 ὡς
1352 2421 1434 2472 ὅτι
1468 2422 1623 2488 ἡμεῖς
1670 2419 1737 2473 δι’

179 2508 391 2561 ἐκείνου
442 2509 853 2581 θεραπευόμεθα
886 2527 900 2540 ·
957 2510 1127 2573 οὕτως
1168 2511 1423 2573 διδόντες,
1464 2511 1538 2573 ὼς
1586 2511 1737 2565 αὐτοὶ

178 2596 565 2677 λαμὸέινοντες.
614 2600 723 2653 Καὶ
766 2600 900 2671 αὓτη
949 2602 1092 2654 ἐστὶν
1119 2602 1153 2670 ἠ
1184 2603 1241 2655 ἐν
1280 2601 1474 2671 γνώσει
1512 2603 1737 2672 ἐλεημο-

182 2678 351 2759 σύνηό
410 2690 579 2754 οὕτως
620 2691 996 2763 εὑρισκόμεθα
1024 2694 1115 2745 καὶ
1147 2695 1204 2745 ἐν
1234 2695 1299 2763 τῇ
1332 2692 1423 2745 τοῦ
1465 2693 1582 2745 υἱοῦ
1625 2694 1739 2747 δια-

180 2781 346 2843 θέσει,
371 2782 552 2845 καθὼς
574 2782 820 2853 εἴπομεν.
844 2784 1029 2847 Οὐδεὶς
1049 2783 1267 2837 δύναται
1288 2785 1458 2837 εἰπεῖν
1476 2800 1491 2815 ·
1520 2785 1737 2855 Πτωχὸς

178 2871 316 2939 εἰμι,
347 2871 442 2922 καὶ
468 2870 566 2924 οὐχ
592 2872 701 2943 ἔχω
731 2871 895 2925 πάθεν
934 2872 1169 2940 ἐλεῆσαι.
1203 2873 1319 2926 Κᾶν
1353 2874 1459 2945 γὰρ
1488 2873 1549 2925 οὐ
1579 2873 1775 2948 δύναοκ

182 2962 268 3015 σαι
289 2960 490 3022 δοῦναι,
520 2962 595 3026 ὡς
622 2964 815 3017 ἐκεῖνοι
838 2965 891 3016 oi
914 2963 1154 3017 πλούσιοι
1174 2965 1223 3018 οἱ
1251 2963 1479 3027 διδόντες
1505 2963 1571 3017 τὰ
1592 2965 1738 3036 δῶρα

180 3053 356 3107 αὐτῶν
400 3055 483 3116 εἰς
523 3053 585 3106 τὸ
637 3054 1053 3124 γαζοφυλάκιον,
1094 3055 1182 3118 δὸς
1226 3055 1319 3108 δύο
1366 3056 1555 3120 λεπτὰ,
1591 3055 1667 3120 ὡς
1692 3059 1737 3129 ἡ

180 3143 325 3213 χήρα
348 3144 385 3215 ἡ
412 3143 641 3214 πενιχρά
658 3159 675 3174 °
707 3145 800 3198 καὶ
833 3146 1183 3216 προσδέχεται
1214 3145 1352 3198 αὐτὰ
1376 3146 1404 3197 ὁ
1432 3145 1563 3209 Θεὸς
1587 3148 1738 3217 παρὰ

181 3232 275 3285 σοῦ
311 3234 451 3303 ὑπὲρ
477 3232 549 3286 τὰ
575 3233 721 3303 δῶρα
752 3235 955 3288 ἐκεῖνα.
1007 3236 1141 3288 Οὐδὲ
1178 3234 1350 3299 οὕτως
1396 3236 1573 3305 έχειςς
1620 3236 1735 3290 ἀλλ’

180 3414 523 3470 ἀσθενοῦντα.
561 3415 635 3467 Οὐ
660 3413 883 3467 δύνασαι
909 3414 1027 3467 οὐδὲ
1053 3415 1226 3486 τούτῳ
1242 3415 1557 3482 ³¹δδὺνασαι
1592 3415 1734 3488 λόγῳ

183 3502 556 3573 παρακαλέσαι
588 3504 676 3558 τὸν
708 3504 933 3573 ἀδελφόν
962 3522 1074 3559 σου.
1134 3505 1285 3559 Ἑλοῦ
1324 3502 1417 3560 οὖν
1448 3505 1608 3560 αὐτὸν
1648 3507 1736 3562 διὰ

180 3596 270 3650 τοῦ
296 3596 478 3663 λόγου,
510 3596 604 3649 καὶ
640 3596 870 3650 ἄκουσον
897 3596 989 3650 τοῦ
1020 3598 1267 3666 λέγοντος
1290 3615 1303 3629 ·
1363 3599 1605 3668 Ἀγαθός
1631 3603 1734 3655 λό-

178 3706 282 3757 γος
304 3688 459 3755 ὑπὲρ
480 3689 656 3758 δῶρα.
692 3688 943 3753 ’Υπόθου,
969 3692 1087 3744 οὐδὲ
1117 3692 1257 3763 λόγῳ
1276 3691 1497 3746 δύνασαι
1523 3693 1735 3765 ὠφελῆ-

182 3796 289 3840 σαι.
318 3781 542 3835 δύνασαι
570 3781 665 3833 ἐὰν
691 3780 996 3853 παροξυνθῇ
1028 3783 1169 3836 κατᾶ
1198 3782 1289 3836 σοῦ
1311 3786 1340 3836 ὀ
1361 3785 1585 3853 ἁδελφός
1616 3804 1736 3847 σου.

182 3871 405 3942 ποιῆσαι
437 3870 583 3934 ἕλεος
618 3873 698 3934 εἰς
735 3873 918 3937 αὐτὸν,
962 3874 1057 3925 καὶ
1090 3873 1353 3941 βαστάσαι
1393 3878 1551 3930 αὐτὸν
1578 3880 1635 3931 ὲν
1659 3878 1736 3949 τῷ

182 3963 357 4035 καιρῷ
382 3964 482 4035 τῆς
511 3965 754 4035 ταραχῆς
787 3963 973 4028 αὑτοῦ,
1006 3964 1217 4035 βλέπων
1248 3969 1405 4021 αὐτὸν
1434 3971 1735 4041 ἐπηρεαζό-

186 4071 339 4125 μενον
363 4058 425 4109 ἐκ
448 4056 538 4109 τοῦ
561 4056 737 4109 κοινοῦ
758 4055 948 4126 ἐχθροῦ
971 4074 985 4089 ο
1024 4059 1116 4111 καὶ
1134 4057 1251 4110 ἀντὶ
1274 4058 1366 4111 τοῦ
1386 4062 1556 4115 εἰπεῖν
1576 4064 1735 4116 αὐτὸν

183 4146 239 4201 ἓν
274 4147 429 4217 ῥῆμα
471 4148 565 4200 καὶ
597 4147 758 4199 πλέον
790 4148 1018 4218 ταράξαι
1055 4149 1245 4213 αὐτὸν,
1297 4150 1587 4221 σιωπῆσαι.
1642 4153 1735 4208 καὶ

184 4238 349 4292 ἐλεεῖν
380 4238 558 4302 αὐτὸν,
588 4239 682 4291 καὶ
722 4240 820 4310 τὴν
848 4238 1025 4311 ψυχὴν
1055 4240 1240 4303 αὑτοῦ,
1277 4238 1538 4296 ἀποσπῶν
1572 4245 1736 4299 αὑτὸν

184 4329 287 4383 ἀπὸ
311 4328 409 4383 τοῦ
441 4330 657 4400 ἐχθροῦ.
687 4329 922 4383 Δύνασαι
948 4331 1129 4397 πάλιν,
1153 4332 1246 4385 ἐὰν
1266 4333 1484 4405 ἁμάρτῃ
1512 4335 1593 4399 εἰς
1625 4335 1683 4389 σὲ
1706 4336 1736 4388 ὁ

126 4430 129 4431 ⁷
185 4422 405 4493 daal"qu
433 4438 548 4487 σου,
580 4422 796 4493 ἐλεῆσαι
825 4422 1006 4487 αὐτὸν,
1042 4423 1135 4476 καί
1185 4426 1404 4493 ἀφιέναι
1451 4425 1599 4497 αὐτῷ
1637 4427 1735 4497 τὴν

188 4513 454 4583 ἁμαρτίαν
474 4514 658 4579 αὐτοῦ,
688 4515 773 4567 ἵνα
801 4514 894 4567 καὶ
915 4514 978 4567 σὺ
1008 4515 1387 4587 ἄφεσινρλάὸῃς
1408 4518 1557 4589 παρὰ
1577 4520 1733 4575 Θεοῦ.

1760 3275 1804 3330 C

180 3324 321 3395 ἔχεις
349 3322 573 3393 δύναμιν
603 3324 696 3377 καὶ
731 3323 951 3377 δύνασαι
976 3324 1059 3377 δι*
1071 3326 1370 3397 ὑπηρεσίας
1401 3326 1616 3396 ἐλεῆσαι
1644 3325 1734 3378 τὸν

1835 706 1864 742 a
1894 704 2049 759 pcena
2085 690 2350 746 liberabit.
2396 691 2547 747 Facit
2572 694 2713 749 alius
2736 695 3129 766 eleemosynam
3159 706 3219 751 ut
3249 714 3391 753 mer-

1835 781 2022 836 cedem
2056 781 2314 851 recipiat;
2349 784 2451 838 hoc
2489 785 2704 850 quidem
2751 787 2926 857 primo
2955 789 3115 842 altius
3147 797 3247 846 est.
3285 791 3390 849 Sed

1833 879 1889 925 et
1917 872 2003 927 hic
2027 889 2147 928 non
2163 873 2295 929 facit
2318 876 2540 939 omnino
2562 876 2760 943 adhuc,
2794 888 2853 933 ut
2876 880 2992 934 vult
3017 878 3174 934 Deus.
3207 879 3393 958 Neque

1835 959 1980 1014 enim
2014 962 2192 1018 adhuc
2219 962 2383 1018 estin
2411 962 2509 1017 ﬁlii
2534 971 2676 1018 statu
2710 982 2725 1019 :
2756 968 3208 1036 quemadmodum
3243 969 3389 1023 enim

1835 1052 2202 1107 mercenarius
2232 1051 2357 1108 facit
2387 1054 2714 1108 voluntatem
2747 1055 2954 1112 domini
2991 1058 3116 1124 sui;
3166 1058 3386 1122 scilicet,

1835 1150 1898 1195 ut
1924 1141 2221 1197 mercedem
2251 1144 2476 1213 recipiat
2502 1155 2554 1201 et
2585 1146 2863 1201 lucretur:
2900 1148 2971 1203 ita
3002 1149 3087 1203 hic
3108 1149 3238 1204 facit
3259 1164 3389 1219 prte-

1837 1232 1928 1285 mii
1968 1234 2160 1303 gratia.

1909 1322 2069 1396 m
2124 1322 2231 1376 \‘ll.
2280 1323 2416 1379 Tres
2462 1335 2639 1380 autem
2687 1335 2861 1381 status
2906 1337 2961 1382 et
3010 1329 3388 1399 dispositioncs

1832 1427 1978 1481 sunt,
2004 1417 2159 1487 juxta
2182 1432 2318 1487 quas
2347 1432 2413 1471 ex
2445 1418 2464 1449 ⁸
2498 1416 2682 1472 Basilii
2709 1419 2971 1473 sententia
3003 1418 3316 1474 benefacere
3334 1430 3389 1477 et

1832 1507 2085 1563 virtutem
2134 1522 2388 1563 exercere
2433 1506 2734 1570 debemus,
2777 1508 2844 1562 de
2889 1509 3088 1580 quibus
3134 1512 3389 1567 omnibus

1834 1597 1968 1652 alias
2009 1612 2312 1653 sermonem
2351 1612 2436 1652 me
2483 1598 2637 1653 vobis
2664 1597 2873 1675 “fecisse
2917 1602 3283 1656 commemini.
3328 1602 3387 1657 Si

1832 1687 1974 1744 enim
2009 1690 2203 1743 timore
2224 1689 2480 1759 gehennae
2501 1688 2929 1757 benefaciamus,
2957 1690 3011 1745 in
3038 1691 3219 1747 servili
3243 1703 3387 1749 statu

1834 1794 2055 1835 sumus:
2086 1780 2133 1835 si
2160 1791 2219 1836 ut
2241 1780 2541 1836 mercedem
2570 1782 2919 1850 recipiamus,
2948 1783 3002 1837 in
3033 1787 3382 1840 mercenarii:

1835 1868 1881 1922 si
1913 1867 2037 1923 boni
2066 1869 2236 1939 ipsius
2256 1869 2451 1938 gratia,
2480 1868 2550 1923 ad
2574 1870 2803 1923 filiorum
2838 1878 3038 1925 statum
3068 1874 3383 1928 transimus.

1835 1958 2006 2015 Filius
2041 1960 2186 2015 enim
2216 1975 2321 2014 non
2369 1958 2500 2016 facit
2540 1961 2710 2029 patris
2751 1961 3081 2017 voluntatem
3124 1964 3194 2018 ob
3230 1964 3385 2018 timo-

1835 2067 1973 2114 rem,
2011 2066 2183 2121 neque
2216 2058 2274 2104 ut
2313 2050 2536 2118 recipiat
2566 2052 2865 2105 mercedem
2912 2053 2981 2106 ab
3026 2055 3138 2118 illo,
3168 2040 3258 2110 sed
3286 2071 3391 2108 vo-

1835 2143 1956 2197 lens
1979 2141 2065 2209 illi
2104 2140 2398 2206 deservire,
2424 2142 2611 2194 volens
2654 2140 2831 2212 ipsum
2879 2142 3167 2207 honorare,
3203 2145 3389 2198 volens

1835 2235 1936 2301 ipsi
1966 2235 2019 2287 in
2047 2234 2299 2288 omnibus
2337 2232 2563 2303 obsequi
2601 2242 2656 2286 et
2692 2246 2898 2287 morem
2929 2249 3130 2303 gerere.
3171 2234 3259 2289 Sic
3288 2236 3390 2307 igi-

1835 2334 1923 2378 tur
1947 2333 2001 2379 et
2024 2338 2122 2377 nos
2151 2323 2549 2393 eleemosynam
2580 2324 2846 2380 faciamus
2872 2328 2940 2381 ob
2971 2327 3139 2396 ipsius
3166 2328 3393 2381 rleemo-

1834 2430 1979 2485 synze
2009 2415 2243 2468 bonum:
2271 2413 2657 2483 compatientes
2681 2425 2870 2469 mutuo
2892 2427 2950 2470 ut
2976 2418 3206 2487 propriis
3221 2433 3392 2472 mem-

1834 2508 1964 2572 bris,
1996 2507 2077 2561 sic
2104 2520 2289 2560 curam
2320 2513 2568 2575 gerentes
2593 2503 3023 2575 uniuscujusque
3047 2518 3105 2561 ut
3122 2509 3190 2562 ab
3210 2524 3273 2563 eo
3293 2525 3423 2564 cu-.

1833 2598 1942 2651 rari
1972 2612 2070 2651 nos
2101 2605 2411 2665 optaremus
2438 2611 2454 2659 ;
2486 2594 2566 2647 sic
2592 2593 2802 2660 dantes,
2829 2603 3084 2664 tanquam
3115 2598 3390 2665 accipere-

1833 2705 1956 2744 mus
1989 2706 2005 2754 ;
2046 2696 2101 2743 et
2128 2688 2243 2741 Iuec
2280 2695 2363 2742 est
2389 2686 2729 2757 eleemosyna
2767 2701 2889 2756 qua:
2930 2701 3053 2740 cum
3084 2689 3393 2757 cognitione

1834 2780 1893 2833 fit
1918 2797 1931 2833 :
1960 2779 2055 2843 ita,
2087 2786 2146 2832 ut
2173 2775 2308 2840 dixi,
2348 2775 2401 2829 in
2434 2775 2664 2829 liliorum
2701 2784 2841 2831 statu
2872 2777 3191 2845 reperimur.
3212 2776 3392 2843 ‘Nemo

1834 2878 2011 2923 autem
2040 2876 2211 2938 potest
2237 2867 2413 2922 dicere
2442 2884 2455 2920 :
2480 2866 2690 2935 Pauper
2720 2881 2864 2931 sum,
2895 2877 2949 2921 ct
2993 2867 3134 2921 unde
3179 2866 3423 2921 miseri--

1834 2962 2068 3016 cordiam
2108 2959 2327 3025 faciam,
2360 2975 2467 3013 non
2503 2959 2692 3013 habeo.
2726 2957 2782 3012 Si
2816 2960 2962 3012 enim
2996 2975 3103 3013 non
3133 2968 3282 3028 potes
3309 2960 3392 3013 di-

1833 3053 2033 3106 vitibus
2060 3059 2114 3104 et
2143 3050 2449 3121 potentibus
2476 3064 2629 3120 aequa
2657 3049 3006 3110 distribuere.
3037 3051 3104 3105 da
3131 3050 3185 3104 in
3224 3064 3390 3120 gazo-

1837 3143 2143 3213 phylacium
2172 3144 2278 3195 duo
2312 3142 2541 3207 minuta,
2575 3148 2631 3193 ut
2658 3140 2815 3194 vidua
2845 3141 2936 3195 illa
2968 3141 3291 3210 paupercula
3318 3153 3343 3181 ι
3371 3158 3390 3207 ς

1834 3240 1888 3284 et
1918 3231 2005 3282 illa
2035 3230 2228 3297 accipit
2270 3244 2301 3282 a
2347 3236 2399 3282 te
2429 3229 2570 3282 Dens
2602 3243 2762 3295 super
2785 3229 3011 3283 divitum
3042 3231 3206 3284 dona.
3236 3231 3391 3296 Quod

1839 3321 1883 3375 si
1919 3334 2015 3373 nec
2040 3319 2199 3372 etiam
2233 3320 2338 3374 ltoc'
2362 3320 2654 3387 habueris;
2700 3328 2757 3373 at
2797 3330 2943 3374 certe
2973 3329 3127 3389 potes
3155 3336 3253 3389 per
3288 3321 3392 3374 t‘ni—

1841 3412 2119 3467 nisterium
2160 3410 2467 3480 aegrotantis
2507 3411 2773 3465 misereri.
2811 3408 2928 3464 Non
2974 3421 3127 3481 potes
3156 3420 3213 3466 et
3245 3412 3395 3467 hoc?

1841 3513 1995 3573 potes
2033 3503 2197 3558 verbo
2229 3501 2459 3559 fratrem
2496 3513 2644 3556 tuum
2686 3502 2957 3558 consolari
2999 3510 3054 3557 et
3092 3502 3389 3559 adhortari.

1839 3596 2097 3650 Miserere
2124 3595 2286 3661 igitur
2308 3594 2454 3648 illius
2477 3610 2569 3663 per
2593 3594 2836 3658 verbum,
2858 3604 2913 3649 et
2935 3595 3064 3649 audi
3092 3590 3393 3653 dicentem:

1850 3685 2072 3739 Verbum
2112 3687 2300 3738 bonum
2344 3701 2501 3756 super
2530 3684 2722 3753 datum
2768 3687 3022 3755 optimum
3047 3686 3100 3743 δ.
3141 3685 3244 3741 Sed
3276 3696 3395 3742 esto

1840 3775 1984 3843 quod
2013 3790 2188 3842 neque
2217 3775 2384 3829 verbo
2423 3772 2598 3844 possis
2632 3775 3057 3829 miscricordiam
3094 3774 3306 3830 facere:
3340 3785 3397 3831 at

1839 3874 1982 3922 certe
2010 3873 2159 3935 potes
2187 3866 2231 3921 si
2274 3866 2328 3919 in
2366 3877 2418 3921 te
2441 3867 2787 3920 excanduerit
2840 3866 3044 3929 frater,
3092 3865 3395 3934 fragilitatis

1840 3960 1984 4015 illius
2012 3950 2251 4012 misereri
2278 3997 2293 4022 ,
2325 3965 2380 4013 et
2408 3972 2525 4011 eam
2554 3955 2695 4010 ferre
2720 3959 2773 4008 iu
2810 3966 3045 4024 tempore
3069 3957 3398 4015 turbationis

1840 4066 1973 4115 suae,
1998 4065 2119 4105 cum
2154 4066 2263 4103 non
2297 4050 2511 4118 ignores
2542 4056 2804 4101 tentatmu
2849 4047 2999 4100 illum
3039 4061 3070 4100 a
3111 4052 3389 4103 communi

1843 4145 2014 4199 boste.
2052 4143 2295 4212 Cumque
2322 4141 2498 4211 possis
2534 4139 2608 4194 illi
2642 4139 2980 4209 respondere,
3020 4146 3074 4193 et
3112 4140 3386 4195 turbatum

1842 4235 2014 4305 magis
2042 4234 2363 4298 incendere;
2397 4232 2443 4285 si
2473 4240 2672 4293 taceas,
2706 4228 3130 4287 misericordiam
3172 4231 3306 4286 facis
3333 4233 3387 4285 in

1841 4327 2075 4380 animam
2105 4323 2241 4391 ejus,
2269 4334 2324 4376 et
2360 4320 2427 4377 de
2458 4322 2638 4377 hostili
2675 4336 2796 4374 eum
2834 4336 2999 4376 manu
3037 4323 3203 4393 rapis.
3232 4322 3391 4376 Potes

1842 4432 2077 4480 rursum,
2111 4414 2157 4468 si
2190 4414 2244 4468 in
2279 4421 2331 4469 te
2368 4414 2670 4484 peccaverit
2714 4411 2878 4466 frater
2916 4422 3062 4480 tuus,
3097 4416 3172 4469 illi
3210 4413 3392 4468 dimit-

1826 4522 1952 4566 ‘tere
1978 4518 2032 4563 et
2055 4507 2335 4578 ignoscere
2360 4516 2637 4578 peccatum
2668 4505 2806 4573 ejus,
2839 4516 2976 4561 utet
3001 4516 3055 4560 tu
3092 4523 3121 4560 ιι
3164 4504 3391 4581 Domino

186 4602 343 4670 Λέγει
375 4605 516 4673 γάρ’
551 4606 753 4671 Ἅφετε
783 4603 881 4656 καὶ
914 4603 1275 4670 ἀφεθήσεται
1307 4608 1479 4675 ὑμῖν·
1526 4610 1619 4662 καὶ
1647 4610 1736 4662 εὗ-

1840 4598 2261 4655 misericordiam
2303 4610 2357 4654 et
2399 4596 2605 4651 veniam
2647 4600 3041 4670 consequaris:
3084 4598 3159 4651 ait
3201 4598 3386 4651 enim:

188 4691 344 4761 ρίσκῃ
376 4691 544 4743 ποιῶν
582 4690 727 4751 ἕλεος
777 4691 835 4753 ὲς
875 4690 972 4761 τὴν
1000 4692 1174 4761 ψυχὴν
1222 4693 1316 4746 τοῦ
1360 4696 1587 4766 ἀδελφοῦ
1623 4717 1736 4763 σου,

190 4781 481 4850 συγχωρῶν
508 4781 655 4851 αὐτῷ
678 4780 712 4834 ἃ
739 4782 983 4851 ἥμαρτεν
1015 4784 1095 4845 εἰς
1121 4784 1201 4836 σέ.
1238 4785 1441 4839 Ἔδωκε
1472 4790 1579 4861 γὰρ
1608 4791 1737 4861 ἡμῖν

188 4874 214 4925 ὁ
233 4873 362 4935 Θεδς
384 4872 650 4937 ἐξουσίαν,
676 4875 766 4925 ἐὰν
799 4873 1056 4944 θέλωμεν,
1083 4881 1381 4948 συγχωρεῖν
1404 4879 1649 4951 ἀλλήλοις
1668 4882 1736 4935 τὰ

188 4962 602 5035 παραπτώματα
633 4968 725 5016 καὶ
755 4950 831 5030 εἰς
854 4968 1001 5036 ἡμᾶς
1029 4970 1283 5039 γινόμενα
1310 4985 1323 4999 ’
1361 4971 1452 5023 καὶ
1473 4973 1570 5025 οὐκ
1595 4973 1736 5041 ἔχεις

191 5055 299 5119 πῶς
327 5055 548 5125 ἐλεῆσαι
580 5055 640 5107 ’ὸ
672 5052 849 5127 σῶμαζ
888 5058 1057 5121 ἐλεεῖς
1097 5060 1153 5112 δὲ
1195 5060 1292 5130 τὴν
1323 5062 1496 5133 ψυχὴν
1527 5062 1690 5116 αὐτοῦ
1714 5080 1729 5094 ’

190 5147 276 5199 καὶ
301 5149 451 5200 τωῖον
481 5148 623 5210 ἕλεος
649 5148 808 5216 μέγα,
833 5149 905 5211 ὡς
928 5149 987 5201 τὸ
1016 5150 1157 5214 ἕλεος
1181 5151 1277 5218 τῆς
1297 5150 1467 5220 ψυχῆς
1488 5169 1501 5213 ;
1524 5153 1691 5205 Ὢσπε
1699 5172 1731 5224 ρ

192 5237 292 5306 γὰρ
321 5240 357 5308 ὴ
386 5240 531 5309 ψυχὴ
554 5242 852 5310 ρἀιωτέρα
880 5243 991 5293 ἐστὶ
1024 5242 1115 5294 τοῦ
1147 5243 1411 5313 σώματος,
1436 5244 1603 5307 οὕτως
1640 5248 1731 5300 καὶ

192 5326 329 5392 ἕλεος
357 5331 420 5383 τὸ
446 5336 722 5399 γινόμενον
767 5336 845 5395 εἰς
889 5334 985 5403 τὴν
1031 5335 1225 5406 ψυχὴν,
1266 5334 1444 5405 μεῖζόν
1479 5338 1592 5388 ἐστι
1637 5337 1729 5390 τοῦ

256 5514 287 5545 ι
307 5502 471 5562 Marc.
510 5518 605 5572 ut,
654 5508 759 5571 ἃς
796 5506 925 5561 Luc.
953 5524 1060 5569 XXI,
1088 5509 1136 5565 l.
1214 5511 1241 5549 ι’
1270 5508 1433 5565 Eccli.
1459 5525 1610 5576 xvut,
1639 5512 1723 5565 l7.

1836 4692 2100 4747 Dimittite
2131 4702 2181 4746 et
2217 4692 2511 4745 dimittetur
2530 4690 2749 4743 vobisc:
2779 4702 2830 4745 et
2860 4691 2938 4745 sic
2965 4689 3389 4744 misericordiam

1835 4781 1972 4839 facis
2007 4783 2063 4839 in
2094 4784 2326 4838 animam
2353 4779 2536 4835 fratris
2569 4780 2669 4843 lui,
2701 4781 2978 4835 dimittens
3004 4780 3078 4833 illi
3107 4794 3387 4851 peccatum

1833 4875 1979 4945 quod
2012 4874 2068 4930 in
2100 4884 2150 4929 te
2175 4871 2459 4927 commisit.
2492 4869 2721 4927 Videtur
2746 4873 2887 4928 enim
2921 4870 3063 4926 Deus
3094 4872 3252 4926 nobis
3291 4888 3389 4941 po-

1833 4975 2076 5021 testatem
2104 4963 2314 5018 dedisse
2346 4963 2651 5018 dimittendi
2683 4972 2894 5033 peccata
2931 4953 3072 5016 inter
3110 4978 3207 5017 nos
3233 4979 3387 5019 com-

1836 5058 2033 5112 missa:
2069 5056 2143 5109 ita
2176 5062 2235 5108 ut
2262 5053 2305 5109 si
2334 5069 2441 5109 non
2473 5056 2693 5121 habeas,
2716 5053 2983 5124 quomodo
3007 5054 3248 5124 corporis
3266 5056 3387 5125 ejus
3414 5096 3415 5099 η

1836 5148 2175 5213 miserearis,
2222 5147 2467 5204 misereri
2508 5151 2685 5218 possis
2721 5148 2931 5199 animm.
2980 5144 3047 5201 Et
3088 5150 3255 5217 quod,
3285 5151 3386 5205 ob-

1836 5255 2008 5301 secro,
2046 5239 2432 5295 misericordia:
2466 5240 2640 5310 majus
2678 5254 2845 5307 genus
2868 5247 2952 5291 est
2975 5278 2991 5303 ,
3020 5255 3181 5310 quam
3226 5241 3384 5296 mise-

1834 5338 2064 5393 ricordia
2093 5340 2321 5395 animm?
2356 5341 2423 5397 Ut
2451 5342 2592 5396 enim
2620 5337 2877 5393 illustrior
2904 5350 2988 5395 est
3023 5341 3201 5397 anima
3221 5353 3380 5409 quam

1802 5522 1823 5548 ε
1860 5510 1988 5565 an.
2023 5528 2094 5574 νι,
2131 5512 2214 5568 57.

1452 5687 1681 5744 \‘ARIA‘I
1704 5686 2100 5747 LECTIONES.

265 5848 303 5882 ³⁹
333 5849 536 5906 Basilii.
574 5852 833 5922 Grrgorii.
911 5852 952 5881 ³²
987 5849 1153 5903 mito.
