4020 6340
609 414 741 478 1791

1775 417 1836 476 S.
1877 412 2262 475 DOROTHEI
2332 413 2644 473 ABBATIS

3682 407 3816 473 1792

610 535 728 582 tum
756 494 1048 596 unicuique
1079 526 1174 596 qui
1197 512 1290 582 cas
1324 527 1376 580 in
1415 542 1474 582 se
1497 543 1722 598 regnare
1741 527 1991 596 patietur.
2025 523 2158 580 Nam
2187 562 2196 587 ε

2301 543 2485 594 ματος.
2501 524 2561 579 '0
2589 525 2688 593 μὲν
2711 525 2818 594 γάρ
2853 524 2940 578 διὰ
2975 523 3310 578 παιδοποιίαν
3339 521 3748 594 συιλιμιγνυται⁹
3787 534 3816 574 ο

611 626 674 670 ιιι
704 617 883 671 dillert
912 617 1148 686 legitimo
1169 617 1509 670 matrimonio
1529 618 1629 682 uti,
1651 626 1705 672 et
1728 615 2156 676 fornicariycum

612 707 802 761 eadem
833 709 948 777 ipsa
974 707 1116 762 actio
1147 709 1237 770 sit,
1275 708 1501 761 intentio
1525 722 1656 762 vero
1692 697 1971 776 ipsius-rei
2006 703 2163 759 Λίσο-

620 798 849 853 rentiam
877 807 931 852 et
972 797 1372 852 distinctionem
1419 797 1720 862 faciat,.hic
1742 795 1887 850 enim
1927 804 1987 849 ut
2025 794 2166 850 ﬁlios

611 896 848 955 generet,
885 888 1260 942 commiscetur
1287 895 1346 942 et
1387 886 1514 950 coit,
1546 879 1635 942 ille
1668 898 1849 941 autem
1878 896 1938 939 ut
1982 885 2162 940 libidi-

616 993 742 1031 nem
768 978 978 1046 expleat
1003 996 1018 1032 :
1042 976 1092 1031 id
1123 977 1300 1046 ipsum
1319 976 1373 1030 in
1390 977 1513 1031 cibo
1526 977 1704 1032 dicere
1722 985 1777 1031 et
1804 978 2043 1032 invenire
2065 983 2166 1039 est,

615 1069 875 1140 quoniam
915 1069 967 1123 id
993 1078 1076 1122 est
1099 1069 1260 1122 cdere
1298 1068 1370 1122 ob
1409 1068 1804 1129 necessitatem,
1833 1074 1889 1120 et
1918 1066 2077 1120 edere
2099 1066 2170 1120 ob

615 1159 965 1229 voluptatem.
1008 1158 1236 1214 Intentio
1269 1167 1446 1213 autem
1497 1170 1774 1227 peccatum
1814 1157 1963 1213 facit.
1997 1155 2160 1210 Com-

618 1249 780 1303 edere
797 1259 976 1302 autem
1003 1249 1072 1304 ob
1107 1249 1502 1313 necessitatem,
1547 1257 1630 1303 est
1654 1247 1871 1319 quando
1893 1247 2024 1318 quis
2067 1246 2173 1302 sibi

620 1338 724 1409 ipsi
756 1341 941 1394 statuit
963 1341 1150 1410 quavis
1177 1339 1262 1393 die
1289 1348 1496 1394 tantum
1544 1339 1674 1402 cibi,
1723 1348 1984 1408 quantum
2010 1352 2174 1407 expe-

627 1432 711 1484 dit
735 1439 790 1486 et
823 1433 956 1486 satis
987 1436 1088 1495 est,
1110 1431 1271 1485 vesci.
1305 1430 1406 1496 Qui
1444 1433 1487 1486 si
1514 1443 1696 1501 postea
1721 1447 1783 1486 ea
1817 1446 2067 1487 mensura
2087 1445 2176 1486 se-

622 1537 681 1576 se
718 1530 1062 1592 aggravatum
1098 1523 1344 1583 senserit.
1387 1522 1778 1591 aliquantulum
1806 1538 1870 1576 ex
1895 1537 1957 1576 ea
1987 1521 2173 1582 demit,

624 1606 720 1666 aut
747 1613 794 1668 si
831 1613 1038 1668 modica
1090 1612 1250 1668 fuerit
1292 1615 1358 1669 ad
1401 1630 1717 1684 corpoream
1761 1616 2171 1679 necessitatem,

627 1703 814 1772 adjicit
841 1712 1098 1772 quantum
1123 1704 1255 1759 satis
1275 1719 1394 1760 esse
1412 1705 1617 1771 iudicat
1643 1724 1657 1760 :
1688 1705 1774 1760 hic
1809 1720 1940 1760 sane
1965 1719 2071 1758 non
2097 1705 2180 1758 in-

2261 615 2316 668 δὲ
2343 615 2433 668 διὰ
2463 616 2522 668 τδ
2558 615 2841 684 πληρῶσαι
2893 615 3028 668 ἰδίαν
3069 614 3407 686 φιληδονίανο
3452 613 3628 677 οὕτως
3670 611 3817 667 εστιν

2261 706 2443 774 εὑρεῖν
2469 705 2565 758 καὶ
2593 707 2686 758 ἐπὶ
2720 706 2819 775 τῆς
2852 705 3126 777 βρώσεως,
3157 706 3236 760 ὅτι
3265 706 3324 758 ἐν
3352 704 3588 776 πρᾶγμά
3613 705 3734 757 ἐστι
3757 702 3820 758 τὸ

2265 798 2459 865 φαγεῖν
2501 796 2645 852 κατά
2686 798 2874 868 χρείαν
2904 797 2999 850 καὶ
3039 798 3100 850 τὸ
3132 799 3327 866 φαγεῖν
3354 795 3442 850 διὰ
3468 796 3569 864 τὴν
3601 794 3814 866 ἡδονήν

2265 891 2294 942 ὁ
2320 889 2379 942 δὲ
2417 890 2616 953 σκοπός
2641 892 2789 942 ἐστιν
2813 889 2842 942 ὁ
2864 889 3031 944 ποιῶν
3059 890 3159 957 τὴν
3192 888 3482 960 ἁμαρτίαν.
3501 888 3577 941 Τὸ
3604 887 3663 940 δὲ
3683 885 3821 940 κατὰ

2263 978 2452 1048 χρείαν
2472 982 2664 1049 φαγεῖν
2681 979 2846 1044 ἐστιν,
2873 979 3000 1034 ὅταν
3030 978 3202 1049 ὁρίζει
3231 995 3312 1040 τις
3336 977 3512 1046 ἑαυτῷ
3537 977 3711 1030 πῦσον
3727 975 3819 1028 λα-

2269 1069 2384 1122 θεῖν
2430 1069 2532 1138 τῆς
2578 1068 2812 1140 ἡμέρας,
2859 1069 2953 1122 καὶ
2998 1068 3205 1140 βλέπει,
3251 1068 3299 1121 εἰ
3339 1067 3608 1138 ἐϐάρησεν
3662 1065 3822 1142 αὐτὴν

2271 1159 2452 1215 ἐκεῖνο
2481 1157 2723 1230 θῶρισε,
2756 1159 2850 1211 καὶ
2872 1157 3060 1231 χρῄζει
3086 1159 3286 1228 ἐπᾶραι
3319 1156 3514 1227 pupr
3542 1154 3606 1218 ἐξ
3632 1150 3821 1213 αὖαῦ.

2273 1249 2365 1303 καὶ
2387 1250 2589 1324 ἐπάρῃ,
2613 1248 2648 1320 ἢ
2673 1249 2776 1302 οὐκ
2801 1247 3068 1320 ἑὸάρησεν
3094 1249 3277 1320 αὐτὸν..
3302 1248 3403 1300 οὐκ
3431 1245 3636 1316 ἐστάθη
3660 1243 3718 1296 δὲ
3742 1244 3824 1297 ἐπ’

2276 1341 2439 1395 αὑτοῦ
2467 1341 2528 1395 τὸ
2557 1340 2738 1412 σῶμα,
2767 1341 2864 1395 καὶ
2889 1339 3078 1411 χρῄζει
3107 1338 3416 1410 προσθεῖναι
3447 1337 3574 1392 άλλο
3610 1336 3823 1407 μικρὸν,

2275 1423 2370 1486 καὶ
2416 1433 2742 1505 προστίθησι
2771 1433 2984 1504 μικρὸν,
3014 1429 3110 1484 καὶ
3136 1430 3307 1495 οὕτως
3330 1429 3615 1499 δοκιμάζει
3646 1425 3827 1490 καλῶς

2274 1524 2372 1593 τὴν
2408 1525 2595 1595 χρείαν
2627 1523 2813 1588 αὑτοῦ,
2843 1524 2938 1577 καὶ
2966 1525 3167 1593 στοιχεῖ
3191 1521 3373 1575 λοιπὸν
3403 1520 3482 1592 τῷ
3505 1507 3825 1590 ὡρισμένῳ,

2278 1611 2373 1665 καὶ
2413 1613 2474 1665 οὐ
2518 1612 2607 1666 διά
2643 1611 2740 1683 τὴν
2764 1612 2978 1682 ἡδονὴν,
3007 1611 3144 1666 ἀλλά
3172 1609 3359 1680 σκοπῷ
3381 1608 3475 1662 τοῦ
3503 1608 3704 1677 στῆσαι
3732 1605 3831 1675 τὴν

2276 1703 2503 1771 δύναμιν
2525 1702 2618 1756 τοῦ
2649 1702 2900 1773 σώματος
2927 1701 3112 1756 αὑτοῦ.
3136 1701 3248 1756 Καὶ
3267 1699 3400 1754 αὐτὸ
3423 1698 3479 1753 δὲ
3507 1697 3537 1751 ὅ
3559 1697 3832 1766 λαμϐάνει

629 1792 775 1861 juria
826 1796 1254 1859 commendatur,
1289 1797 1433 1864 quod
1487 1799 1697 1866 corpori
1747 1812 1848 1851 suo
1878 1795 2179 1851 necessaria

2296 1812 2394 1858 τις,
2423 1794 2559 1861 μετά
2587 1794 2754 1865 εὐχῆς
2785 1793 3103 1864 λαμσάνειν,
3131 1794 3225 1847 καὶ
3255 1791 3606 1860 κατακρίνειν
3639 1788 3832 1840 ἑαυτὸν

633 1883 831 1938 tribuat
861 1897 914 1938 et
933 1897 1202 1953 procuret,
1228 1902 1335 1939 non
1372 1887 1696 1956 voluptatem
1740 1887 1976 1941 inducat.
2005 1885 2184 1940 Inten—

2296 1893 2339 1937 εν
2383 1884 2461 1954 τῷ
2509 1884 2772 1955 λογισμῷ,
2805 1885 2900 1936 καὶ
2944 1883 3020 1946 ὡς
3061 1883 3274 1948 ἀνάξιον
3311 1883 3438 1936 ὄντα
3471 1881 3588 1944 οἵας
3635 1879 3831 1949 δήποτε

629 1975 708 2030 tio
731 1976 875 2033 enim
904 1977 1022 2048 ejus
1062 1993 1276 2047 semper
1303 1987 1386 2033 est
1417 1979 1483 2032 ad
1521 1993 1836 2042 corpoream
1890 1977 2182 2046 necessita-

2296 1975 2699 2047 παρακλήσεως,
2730 1976 2825 2030 καὶ
2859 1976 2935 2046 μὴ
2964 1973 3247 2045 προσέχειν
3279 1974 3373 2028 ἐάν
3402 1990 3546 2038 τινες
3570 1973 3720 2026 κατά
3753 1987 3832 2024 τι·

544 2091 558 2107 ι
632 2075 738 2118 tem
765 2105 782 2128 ,
816 2081 926 2120 non
961 2068 1027 2121 ad
1074 2067 1397 2136 voluptatem
1435 2077 1529 2120 aut
1580 2068 1778 2136 gulam.
1824 2066 1992 2122 Debet
2031 2075 2088 2121 et
2136 2068 2183 2122 is

2296 2065 2597 2135 νοςχρείας,
2625 2065 2700 2126 ὡς
2736 2065 2905 2128 εἰκὸς,
2943 2064 2978 2134 ἢ
3011 2064 3254 2134 ἀνάγκης
3289 2063 3720 2134 θεραπεύωνται,
3752 2060 3834 2112 ἶνα

634 2162 893 2220 praeterea
909 2155 998 2222 qui
1025 2153 1277 2214 comedit,
1303 2153 1482 2206 cibum
1508 2168 1630 2208 cum
1649 2155 1943 2222 gratiarum
1971 2154 2183 2208 actione

2296 2154 2367 2224 μὴ
2398 2153 2491 2206 καὶ
2525 2153 2859 2225 αὖτὸεζητῇ
2888 2155 3213 2216 ἀνάπαυσιν,
3240 2154 3275 2223 ἦ
3322 2153 3559 2222 νομίζειν
3605 2152 3693 2204 ὅτι
3719 2149 3838 2204 e1:-

633 2243 895 2312 recipere,
935 2255 987 2298 et
1013 2259 1132 2298 sese
1175 2246 1329 2313 quasi
1381 2245 1656 2315 indignum
1695 2247 2008 2300 existimare
2040 2245 2182 2302 refe-

2296 2247 2422 2316 ppdv
2448 2246 2563 2298 ἐστι
2594 2248 2658 2315 τῇ
2687 2246 2832 2316 ψυχῇ
2867 2245 2927 2299 τὸ
2957 2245 3353 2302 ἀναπαύεσθαι.

631 2336 814 2388 ctione
864 2336 1258 2402 hujuscemodi,
1299 2351 1471 2403 neque
1517 2335 1716 2390 imitari
1767 2335 2050 2405 quosdam,
2094 2336 2186 2404 qui
2227 2335 2308 2388 vel
2364 2351 2428 2390 ex
2469 2335 2861 2391 consuetudine
2924 2335 2996 2390 ob
3037 2351 3224 2391 eorum
3271 2335 3606 2406 dignitatem,
3653 2334 3736 2388 vel
3775 2347 3838 2386 ex

638 2427 959 2482 necessitate
1004 2427 1220 2481 servitia
1259 2429 1625 2483 ministrorum
1651 2428 1909 2482 adhibent
1958 2429 2060 2483 sibi
2123 2427 2444 2497 frequentia,
2490 2437 2544 2484 et
2574 2429 2628 2483 in
2661 2445 2847 2485 mensa
2907 2429 3110 2486 diutius
3174 2412 3513 2486 recumbunt.
3547 2425 3687 2482 Nam
3747 2428 3841 2482 hu-

637 2520 937 2592 juscemodi
981 2519 1314 2575 cazremOnia:
1371 2520 1566 2575 anima
1623 2520 1842 2576 inutiles
1897 2521 2187 2575 admodum
2223 2531 2368 2577 sunt.
3692 2523 3697 2526 ’

705 2672 792 2728 Ill.
824 2672 960 2728 Dum
1007 2690 1184 2728 essem
1227 2675 1518 2742 aliquando
1554 2674 1608 2727 in
1644 2673 1916 2735 eoenobio.
1950 2689 2116 2727 unum
2164 2687 2196 2726 c

638 2763 942 2827 senioribus
965 2762 1168 2816 visendi
1191 2763 1358 2832 gratia
1385 2763 1492 2818 adii
1533 2762 1685 2829 (tunc
1703 2761 1847 2815 enim
1877 2762 1949 2815 ihi
1972 2761 2197 2815 aderant

639 2853 823 2924 plures
843 2853 941 2906 viri
967 2866 1156 2924 graves
1180 2861 1234 2907 et
1253 2855 1454 2922 senes),
1495 2852 1783 2920 iuvenique
1803 2851 2196 2906 adolescentem

642 2958 765 2998 cum
787 2959 852 2998 co
872 2943 1262 3008 comedentem,
1289 2954 1449 3014 atque
1469 2943 1545 2996 illi
1566 2938 1766 3013 pariter
1784 2941 2196 2996 deservientem.

646 3034 904 3090 Scorsum
941 3035 1103 3104 igitur
1131 3045 1352 3089 evocato
1404 3035 1764 3096 adolescente,
1793 3032 1907 3086 dixi
1948 3033 2017 3097 ei,
2061 3050 2081 3084 ι
2113 3031 2199 3086 ln-

647 3126 950 3196 telligisne,
1003 3126 1184 3190 frater,
1235 3127 1477 3182 seniores
1516 3127 1616 3182 hos
1662 3125 2010 3180 convivantes
2035 3139 2198 3194 quam

648 3213 965 3282 parcissime
995 3220 1050 3268 et
1074 3213 1484 3278 modestissime,
1506 3213 1708 3267 similes
1737 3226 1926 3266 eorum
1959 3225 2080 3266 esse
2099 3205 2202 3278 iqui

651 3297 865 3351 loculos
924 3305 1108 3352 tenent
1145 3308 1198 3352 et
1246 3298 1428 3352 tandiu
1474 3307 1764 3369 cperantur
1809 3298 2051 3367 quandiu
2085 3299 2204 3352 illos

651 3391 908 3459 repleant.
942 3402 994 3443 et
1027 3405 1352 3459 congregare
1382 3391 1435 3444 in
1468 3405 1535 3444 eo
1572 3384 1789 3443 student
1820 3389 1954 3443 varii
1993 3390 2204 3458 generis

652 3479 930 3544 pecunias,
962 3488 1014 3530 et
1043 3489 1292 3530 nummos
1327 3477 1383 3529 in
1427 3475 1768 3530 necessitatis
1795 3485 2037 3544 tempore
2082 3489 2207 3544 pm-

657 3567 874 3621 fersnt?
900 3567 1118 3634 Operati
1158 3579 1286 3618 sane
1335 3573 1464 3618 sunt
1487 3562 1542 3617 hl
1581 3572 1635 3617 et
1676 3563 2057 3619 laboraverunt
2086 3565 2208 3620 dili-

660 3666 844 3727 genter
869 3697 885 3721 ,
933 3666 985 3710 et
1023 3656 1306 3710 thesauros
1347 3655 1660 3709 innumeros
1711 3654 1813 3708 sibi
1850 3665 2202 3724 paraverunt,

659 3760 887 3814 quorum
916 3754 1120 3814 partem
1149 3741 1567 3812 obsignaverunt
1586 3750 1641 3795 et
1660 3739 2063 3808 concluserunt,
2084 3757 2209 3812 par-

662 3844 767 3887 tem
815 3833 882 3888 ad
924 3832 1297 3886 necessitatem
1347 3846 1534 3885 eorum
1573 3840 2124 3900 servaverunt:qnos
2153 3831 2206 3886 in

663 3931 901 3990 tempore
923 3920 1250 3975 inﬁrmitatis
1270 3930 1323 3975 et
1337 3920 1628 3975 senectutis
1653 3921 1951 3990 proferunt,
1975 3922 2209 3992 reliquos

632 4049 635 4052 -
665 4021 841 4064 autem
866 4011 1077 4068 clausos
1105 4023 1157 4067 et
1185 4013 1496 4081 obsignatas
1528 4021 1764 4067 servant.
1792 4013 1902 4069 Nos
1928 4029 2058 4068 vero
2082 4029 2206 4068 cum

667 4099 871 4154 loculos
889 4102 1059 4154 nullos
1084 4104 1395 4166 habeamus,
1432 4102 1572 4156 unde
1593 4103 1969 4157 absumimus?
1990 4123 2010 4155 ›
2035 4103 2195 4177 “7

673 4188 743 4244 Ut
769 4189 928 4258 igitur
957 4188 1087 4253 dixi,
1129 4192 1288 4245 etiam
1323 4190 1378 4244 in
1422 4189 1506 4244 bis
1558 4204 1680 4260 quas
1724 4191 1790 4243 ad
1837 4193 2210 4248 necessitatem

673 4288 912 4334 nostram
956 4279 1236 4346 pertinent,
1273 4279 1551 4349 indignum
1590 4287 1674 4332 est
1693 4294 1879 4333 curam
1916 4289 1970 4334 et
1992 4281 2214 4350 diligen-

671 4371 803 4424 tiam
835 4377 1104 4436 expetere.
1134 4382 1252 4420 cum
1279 4370 1438 4423 etiam
1465 4369 1578 4437 ipsa
1607 4368 1712 4420 vita
1746 4367 1986 4420 solitaria
2017 4371 2106 4422 vix
2125 4369 2211 4422 dl-

675 4459 766 4530 ειιί
806 4458 1017 4515 simus:
1045 4467 1098 4508 et
1142 4457 1211 4508 ita
1235 4461 1412 4513 omnia
1444 4476 1568 4512 cum
1602 4459 1794 4512 timore
1825 4456 2036 4510 Domini
2069 4459 2214 4512 acci-

675 4550 809 4616 pere
826 4547 978 4600 decet
1009 4561 1022 4597 :
1060 4542 1242 4610 sicque
1277 4545 1404 4598 nihil
1440 4547 1596 4601 nobis
1634 4544 1724 4598 ﬁet
1753 4545 1807 4598 in
1839 4532 2123 4612 judicium.
2151 4542 2192 4597 E

674 4637 783 4705 jam
811 4635 944 4690 satis
968 4632 1168 4687 dictum
1204 4639 1286 4684 est
1314 4631 1380 4686 de
1401 4635 1602 4688 ventris
1635 4633 1986 4689 continentia.

751 4922 840 4977 ιν.
871 4922 938 4974 At
959 4918 1063 4975 nOn
1094 4923 1266 4976 solum
1293 4920 1462 4974 diaeta:
1491 4932 1682 4980 nostrze
1711 4942 1740 4980 a
1773 4926 1928 4982 nobis
1954 4919 2218 4982 ratio'ha-

687 5011 857 5067 benda
886 5023 986 5078 est,
1030 5015 1121 5068 sed
1159 5013 1318 5068 etiam
1347 5014 1414 5079 ab
1442 5014 1585 5065 omni
1633 5017 1735 5072 alio
1785 5020 1984 5086 peccati
2026 5033 2220 5090 genere

693 5101 1060 5155 abstinendum
1086 5143 1100 5166 ,
1125 5110 1183 5154 ut
1199 5101 1644 5171 quemadmodum
1661 5107 2216 5176 corporejejunamus,

694 5195 766 5246 ita
791 5206 1000 5260 quoque
1020 5192 1249 5262 linguam
1282 5208 1312 5246 a
1354 5192 1772 5247 murmuratione
1797 5206 2158 5260 coerceamus,
2189 5213 2220 5251 a

693 5281 990 5343 mendacio,
1017 5281 1085 5334 ab
1110 5283 1207 5347 ira,
1239 5296 1268 5336 a
1297 5281 1571 5341 conviciis,
1601 5282 1772 5335 otioso
1813 5300 2078 5352 sermone,
2110 5300 2163 5342 et
2185 5304 2216 5342 a

692 5374 880 5444 quovis
907 5372 1133 5442 denique
1177 5374 1375 5440 peccati
1420 5387 1628 5442 genere,
1661 5374 1801 5440 quod
1830 5392 1859 5428 a
1893 5376 2068 5441 lingua
2098 5393 2219 5446 pro-

695 5466 848 5519 cedit.
881 5461 1138 5518 Debemus
1152 5464 1310 5516 etiam
1336 5463 1506 5517 oculis
1524 5461 1786 5530 jejunare,
1813 5478 1877 5515 ne
1905 5466 2101 5519 scilicet
2125 5484 2220 5521 va-

699 5569 764 5607 na
794 5555 1156 5623 inspiciamus,
1187 5568 1252 5607 ne
1280 5553 1646 5608 discurramus
1667 5551 1783 5619 vagi
1824 5559 1877 5604 et
1902 5555 2121 5623 curiosi,
2157 5574 2222 5612 ne

702 5647 883 5699 oculos
923 5646 1205 5716 aliquando
1253 5645 1316 5698 ad
1365 5646 1645 5699 inhonesta
1699 5643 1872 5709 aliqua
1903 5656 1956 5697 et
1984 5647 2224 5712 pudenda

708 5733 1057 5792 inde-ciamus.
1097 5737 1347 5791 Similiter
1374 5751 1564 5790 manus
1602 5743 1652 5788 ct
1681 5733 1837 5803 pedes
1865 5734 1930 5788 ab
1957 5739 2100 5790 omni
2132 5755 2226 5794 nc-

2362 2675 2438 2729 Γ¹.
2479 2677 2616 2729 Ποτὲ
2641 2675 2794 2740 ὖντος
2819 2693 2920 2747 μου
2964 2679 3023 2731 ὲν
3049 2677 3129 2749 τῷ
3155 2680 3424 2751 κοινοσίῳ,
3456 2680 3702 2751 ἀπῆλθον
3728 2683 3844 2734 ἔπιε

2297 2764 2596 2833 σκέψασθαι
2623 2767 2720 2820 ενα
2739 2767 2846 2820 τῶν
2875 2770 3143 2840 γερόντων
3173 2766 3355 2842 (ἦσαν
3389 2772 3498 2844 γάρ
3523 2775 3641 2826 ἐκεῖ
3663 2774 3845 2827 πολλοὶ

2301 2855 2524 2925 μεγάλοι
2567 2857 2883 2928 γέροντες),
2913 2846 3008 2912 καῖ
3057 2861 3296 2932 εὑρίσκω
3341 2863 3434 2916 τὸν
3476 2863 3846 2936 ὑπηρετοῦντα

2300 2946 2446 3018 αὐτῷ
2477 2947 2703 3017 ἀδελφὸν
2728 2949 3005 3021 τρώγοντα
3041 2953 3159 3023 μετ’
3185 2951 3372 3020 αὐτοῦ,
3405 2955 3502 3009 καὶ
3533 2956 3682 3024 λέγω
3705 2957 3850 3026 αὐτῷ

2301 3040 2422 3092 κατ’
2449 3040 2602 3093 ἰδίαν·
2625 3059 2644 3092 ε
2662 3037 2840 3108 Οἶδας,
2863 3042 3074 3112 esset,
3093 3035 3237 3098 οὗτοι
3261 3047 3311 3100 οἰ
3331 3047 3582 3119 γέροντες
3605 3048 3706 3112 οὓς
3731 3031 3846 3120 βλέ-

2305 3150 2425 3196 πεις
2472 3133 2780 3206 τρώγοντας
2825 3136 2918 3219 καὶ
2972 3137 3195 3209 ἔχοντας
3255 3140 3458 3214 μικράν
3509 3142 3809 3214 θεραπείαν
3832 3181 3848 3204 .

2302 3225 2476 3295 ὅμοιοί
2515 3228 2653 3280 εἰσιν
2694 3227 2998 3299 ἀνθρώποις
3040 3230 3236 3296 οἵτινες
3282 3234 3613 3304 κτησάμενοι
3661 3232 3851 3302 βαλάνο

2302 3336 2434 3380 τιον.
2463 3318 2684 3388 ἔμειναν
2712 3319 3066 3390 ἐργαζόμενοι
3111 3323 3206 3376 καὶ
3237 3323 3523 3392 βάλλοντες
3551 3326 3631 3387 είς
3660 3323 3727 3376 τὸ
3763 3325 3852 3394 βα-

2301 3407 2509 3461 λάντιον
2541 3410 2736 3472 ἐκεῖνο,
2762 3410 2869 3473 ἕως
2908 3404 2970 3464 οὗ
3018 3411 3280 3482 ἐγέμισαν
3308 3414 3462 3477 αὐτὸ,
3502 3415 3596 3468 καὶ
3629 3416 3774 3485 μετὰ
3799 3416 3854 3469 ab

2308 3500 2602 3568 σφραγῖσαι
2641 3500 2792 3564 αὐτὸ,
2819 3500 2981 3554 πάλιν
3006 3501 3327 3572 εἰργάσαντο
3349 3505 3446 3557 καὶ
3471 3505 3710 3576 συνῆξαν
3735 3509 3855 3560 ho-

2303 3586 2415 3649 τοῖς
2447 3585 2582 3670 πρὸς
2627 3586 2762 3640 άλλα
2795 3587 2939 3658 χίλια
2964 3590 3295 3665 νομίσματα,
3329 3593 3417 3646 ἵνα
3461 3597 3520 3648 ιν
3562 3595 3743 3666 καιρῷ
3770 3598 3854 3650 άν-

2303 3676 2480 3746 άγκης
2530 3676 2731 3748 εὕρωσι
2777 3679 2939 3733 πόθεν
2968 3680 3235 3746 ἐκϐαλεῖν,
3261 3685 3355 3737 καὶ
3387 3685 3662 3760 φυλάξωσι
3702 3691 3771 3750 τά
3791 3690 3854 3741 ὲν

2303 3767 2382 3837 τῷ
2415 3766 2699 3839 βαλαντίῳ.
2726 3770 2910 3850 Οὕτως
2937 3773 3029 3825 καί
3055 3767 3198 3828 οὗτοι
3229 3775 3451 3844 ἔμειναν
3477 3778 3851 3850 ἐργαζόμενα.

2306 3858 2400 3910 καὶ
2445 3857 2862 3930 θησαυρίζοντες
2909 3862 3140 3927 ἑαυτοῖς,
3173 3866 3270 3918 καὶ
3317 3866 3458 3936 μετά
3504 3867 3566 3920 τὸ
3599 3872 3852 3938 σφαγίσαι

2305 3949 2430 4011 τοὺς
2466 3949 2766 4021 θησαυροὺς
2801 3951 2996 4016 αὐτῶν,
3025 3946 3347 4024 εἰργάσαντο
3379 3939 3516 4010 ἄλλα
3544 3957 3734 4026 ὀλίγα,
3769 3959 3856 4012 καὶ

2306 4039 2521 4109 ἔχουσιν
2543 4040 2681 4093 αὐτὰ
2711 4044 2769 4094 ἐν
2790 4043 2967 4114 καιρῷ
2992 4043 3299 4110 ἀσθενείας,
3333 4046 3366 4118 ἢ
3399 4047 3603 4118 γήρως.
3637 4049 3731 4103 ῖνα
3753 4052 3854 4104 ἀπ’

2308 4129 2487 4186 αὐτῶν
2510 4131 2846 4184 ἐκϐάλλωσιν
2864 4148 2879 4163 ο
2901 4133 3083 4186 ἐκεῖνα
3102 4133 3159 4186 δὲ
3181 4134 3344 4204 ῑχωσι
3366 4135 3853 4208 τεθησαυρισμένα.

2320 4219 2510 4289 Ἡμεῖς
2540 4220 2620 4283 δὲ,
2648 4221 2769 4285 οὐδὲ
2797 4221 2930 4274 αὐτὸ
2963 4222 3032 4276 cs.
3063 4223 3343 4293 βαλάντιον
3364 4227 3737 4299 ἐκτησάμεθα,
3763 4231 3855 4284 πόα

2309 4305 2403 4360 θεν
2429 4307 2809 4378 ἀναλίσκομεν.
2829 4328 2847 4359 ι
2863 4309 2962 4362 Διὰ
2979 4311 3158 4376 τοῦτο,
3176 4309 3429 4380 ὡςεῖπον,
3444 4316 3857 4389 ὀφείλομεν,κῦ

2311 4399 2390 4459 εἰς
2440 4397 2628 4468 χρείαν
2662 4399 3042 4474 λαμϐάνωμεν,
3092 4407 3440 4479 κατακρίνειν
3481 4411 3729 4479 ἑαυτοὺς,
3771 4416 3858 4468 καὶ

2317 4487 2568 4554 ἀναξίους
2595 4490 2900 4561 λογίζεσθαι
2923 4499 3178 4565 παντοίας
3207 4501 3526 4574 θεραπείας,
3555 4508 3651 4561 καὶ
3695 4509 3857 4576 αὐτῆς

2196 4553 2216 4598 ⁸
2244 4597 2288 4652 o
2313 4578 2372 4632 δὲ
2399 4581 2497 4650 τῆς
2517 4553 2806 4657 μοναέιέῆς
2838 4587 3000 4660 ζωῆς.
3029 4592 3122 4646 καὶ
3263 4553 3411 4665 ῥέιᾶ
3423 4553 3853 4669 iiii;

2317 4684 2448 4722 νειν.
2474 4671 2778 4760 Καὶόὖτως
2805 4677 2864 4730 οὐ
2893 4679 3099 4747 γίνεται
3127 4682 3256 4752 ἡμῖν
3285 4684 3364 4747 εἰς
3396 4687 3732 4757 κατάκριμα.
3757 4686 3856 4740 Καὶ

2317 4759 2490 4816 ταῦτα
2519 4759 2615 4836 μὲν
2643 4767 2769 4838 περὶ
2801 4768 2898 4839 τῆς
2928 4767 3253 4841 ἐγκρατείας
3277 4774 3378 4844 τῆς
3406 4778 3664 4848 γαστρός.

2388 4913 2461 4966 A'.
2501 4913 2786 4986 Χρῄζομεν
2815 4915 2873 4968 δὲ
2904 4915 2978 4986 μὴ
3008 4917 3168 4988 μόνον
3189 4919 3286 4990 τὴν
3306 4921 3516 4975 δίαιταν
3533 4921 3742 4975 ἑαυτῶν
3767 4940 3855 4990 φυ-

2320 5002 2550 5068 λάττειν,
2573 5007 2707 5060 ἀλλά
2731 5007 2824 5060 καὶ
2845 5007 3022 5077 πάσης
3049 5007 3217 5078 άλλης
3245 5011 3516 5080 ἁμαρτίας
3539 5011 3850 5084 ἀπέχεσθαι,

2323 5091 2408 5142 ἴνα
2436 5091 2622 5164 ὥσπερ
2649 5096 2977 5167 νηστεύομεν
2996 5099 3061 5168 τῇ
3085 5092 3280 5169 κοιλίᾳ,
3304 5097 3475 5161 οὕτως
3502 5103 3852 5172 νηστεύσομεν

2323 5182 2415 5235 καὶ
2456 5188 2521 5256 τῇ
2573 5187 2815 5259 γλώττῃ,
2862 5189 3188 5261 ἀπεχόμενοι
3221 5191 3330 5244 ἀπὸ
3364 5188 3716 5260 καταλαλιάς,
3756 5193 3853 5250 dab

2331 5272 2572 5342 ψεύδους,
2601 5281 2707 5334 άπὸ
2732 5282 3070 5352 άργολογίας,
3102 5285 3210 5339 ἀπὸ
3238 5284 3518 5354 λοιδορίας,
3543 5286 3650 5339 ἀπὸ
3674 5287 3850 5358 ὀργῆς.

2324 5367 2432 5420 άπὸ
2459 5369 2636 5441 πάσης
2661 5374 2845 5438 ἁπλῶς
2868 5376 3142 5446 ἁμαρτίας
3161 5378 3447 5447 γινομένης
3468 5378 3553 5431 διὰ
3575 5381 3674 5450 τῆς
3701 5378 3836 5448 γλώσ

2327 5473 2452 5526 σηςο
2479 5461 2692 5527 ’ὁμοίως
2720 5465 2996 5534 νηστεύειν
3028 5469 3136 5529 τοίς
3168 5466 3481 5536 ὀφθαλμοῖς,
3511 5467 3574 5520 τδ
3625 5470 3700 5540 μὴ
3744 5467 3844 5536 pu-

2327 5567 2449 5602 πειν
2473 5551 2694 5619 μάταια,
2715 5555 2776 5606 τὺ
2805 5555 2878 5626 μὴ
2923 5556 3386 5628 παρρησιάζεσθαι
3419 5557 3505 5612 διὰ
3531 5560 3640 5616 τῶν
3667 5557 3849 5629 690a}-

2333 5641 2469 5711 μῶν,
2502 5643 2574 5710 μὴ
2622 5645 2902 5716 προσέχειν
2945 5649 3052 5700 τινὶ
3090 5648 3336 5710 άναιδῶς.
3353 5647 3581 5720 Ὁμοίως
3627 5651 3721 5707 καὶ
3761 5647 3848 5708 τὰς

2329 5733 2512 5805 χεῖρας
2542 5735 2630 5785 καὶ
2668 5737 2790 5802 τοὺς
2824 5739 2984 5803 πόδας
3012 5737 3235 5792 κωλύειν
3271 5737 3376 5792 ἀπὸ
3407 5742 3603 5807 παντὸς
3634 5736 3853 5811 πονηῳῦ
