4020 6340
316 439 459 504 1793

1626 444 2002 508 DOCTBINA
2070 446 2220 513 XVI.

3379 448 3511 513 1794

311 567 640 630 πράγματος
660 575 672 590 ·
696 558 786 613 καὶ
809 558 975 621 οὕτως
1005 558 1367 629 νηστεύοντες,
1388 560 1461 623 ὡς
1487 559 1633 629 λέγει
1655 563 1684 614 ὁ
1707 562 1853 629 ἅγιος

1965 561 2093 612 nario
2115 566 2275 627 opere
2300 568 2556 629 perpetuo
2578 558 2831 615 cohibere
2854 575 3152 622 congruum
3182 570 3281 615 est.
3318 561 3379 615 Et
3408 544 3510 617 hu;

308 650 614 713 ιὶασίλειος,
644 649 894 719 νηστείαν
922 650 1135 720 δεκτήν,
1169 651 1491 720 ἀπεχόμενοι
1538 652 1647 704 ἀπὸ
1686 653 1861 716 πάσης

306 742 512 805 κακίας
535 741 620 794 διὰ
646 740 780 793 ὅλων
802 740 910 793 τῶν
938 742 1236 811 αἰσθήσεων
1266 743 1419 813 ἡμῶν
1449 744 1862 813 ἐνεργουμένης,

304 830 743 900 προσερχώμεθα
776 834 840 902 τῇ
869 833 998 903 ἁγίᾳ
1031 833 1209 903 ἡμέρᾳ
1252 833 1354 902 τῆς
1396 833 1758 899 ἀναστάσεως,
1791 836 1865 898 ὼς

307 924 539 991 εἴπομεν
558 922 696 992 ἤδη,
733 922 841 975 νέοι
875 922 971 977 καὶ
1000 922 1247 991 καθαροὶ,
1284 923 1379 976 καὶ
1414 924 1551 991 ἄξιοι
1573 927 1669 995 τῆς
1701 942 1864 995 μετα-

303 1013 527 1081 λήψεως
565 1010 672 1064 τῶν
700 1014 869 1081 ἁγίων
908 1014 1236 1083 μυστηρίων,
1272 1017 1530 1085 πρότερον
1565 1015 1867 1080 ἐξελθόντες

298 1108 392 1166 είς
418 1104 718 1173 ἀπάντησιν
744 1102 838 1156 τοῦ
872 1104 1071 1179 Κυρίου
1101 1104 1277 1173 ἡμῶν,
1299 1106 1391 1158 καὶ
1411 1106 1687 1177 δεξάμενοι
1707 1108 1867 1161 αὐτὸν

298 1196 455 1261 μετά
479 1194 644 1265 βαΐων
667 1195 759 1249 καὶ
788 1195 992 1249 κλάδων
1013 1196 1226 1261 ἐλαιῶν,
1244 1197 1550 1269 καθήμενον
1568 1200 1660 1251 ἐπὶ
1681 1199 1864 1272 πώλῳ,

302 1286 406 1338 καὶ
439 1286 815 1356 εἰσερχόμενον
840 1288 919 1349 εἰς
945 1288 1042 1358 τὴν
1069 1288 1228 1355 ἁγίαν
1255 1289 1425 1343 πόλιν.
1461 1291 1525 1342 Τί
1558 1289 1698 1343 θέλει
1730 1287 1867 1345 εἶναι

299 1376 372 1428 τὸ
416 1376 636 1429 καθίσαι
671 1377 831 1430 αὐτὸν
881 1379 971 1429 ἐπὶ
1008 1379 1169 1448 πώλῳ
1197 1396 1211 1443 ;
1248 1381 1369 1434 Ἐπὶ
1400 1381 1562 1451 πώλῳ
1594 1382 1865 1450 ἐκάθισεν,

302 1468 400 1539 ἴνα
425 1468 523 1539 τήν
558 1469 941 1538 ἀλογωθεῖσαν,
974 1471 1137 1540 φησὶν
1164 1472 1193 1523 ό
1223 1474 1527 1542 προφήτης,
1563 1472 1738 1543 ψυχὴν
1772 1475 1867 1526 καὶ

298 1559 667 1627 ὀμοιωθεῖσαν
690 1562 803 1625 τοῖς
830 1562 1052 1636 κτήνεσι
1094 1564 1206 1625 τοῖς
1253 1565 1495 1634 ἀνοήτοις
1538 1564 1864 1638 ἐπιστρέψῃ,

298 1650 387 1711 ὡς
428 1648 583 1718 λόγον
626 1649 719 1702 τοῦ
762 1650 920 1717 Θεοῦ,
954 1653 1048 1704 καὶ
1091 1651 1328 1725 ὑποτάξῃ
1367 1655 1535 1725 αὐτὴν
1573 1657 1638 1725 τῇ
1672 1655 1863 1707 ἐαυτοῦ

301 1740 545 1811 θεότητι.
578 1726 649 1793 ’Τί
676 1742 734 1795 δέ
772 1743 886 1795 ἐστι
920 1742 980 1795 τὸ
1017 1744 1325 1813 ἀπαντῆσαι
1350 1744 1495 1815 αὐτῷ
1526 1745 1663 1813 μετά
1697 1744 1863 1814 βαῖων

302 1836 407 1885 καὶ
436 1832 641 1885 κλάδων
671 1831 863 1885 ἐλαιῶν
885 1849 899 1894 ;
924 1833 1092 1886 Ὅταν
1111 1834 1387 1904 ἐξέρχεταί
1415 1852 1499 1899 τις
1523 1837 1602 1900 εἰς
1628 1836 1862 1907 πόλεμον

301 1920 452 1974 κατά
477 1920 569 1973 τοῦ
594 1921 883 1988 ἀντιδίκου,
906 1921 999 1975 καὶ
1017 1923 1345 1994 ὑποστρέφει
1373 1927 1617 1996 νικήσας,
1640 1926 1863 1992 ἕκαστος

302 2012 418 2067 τῶν
449 2012 592 2066 ίδίων
620 2014 833 2084 ἅπαντᾷ
860 2013 1007 2084 αὐτῷ
1044 2014 1182 2084 μετά
1216 2014 1401 2084 βαΐων,
1421 2016 1495 2080 ὡς
1526 2021 1739 2089 νικητῇ.
1766 2020 1864 2072 Νί-

302 2119 415 2171 κης
460 2101 566 2174 γάρ
613 2101 875 2172 σύμϐολόν
926 2105 1040 2157 ἐστι
1088 2104 1149 2156 τὸ
1192 2104 1362 2174 βαΐον.
1413 2107 1579 2161 Πάλιν
1616 2109 1745 2161 ὅταν
1779 2125 1865 2172 τις

299 2195 572 2248 ἀδικεῖται
604 2194 707 2247 ὑπό
747 2211 908 2263 τινος,
942 2197 1083 2250 θέλει
1124 2199 1441 2268 προσελθεῖν
1472 2200 1551 2270 τῷ
1583 2200 1863 2273 δυναμένῳ

300 2285 534 2360 ποιῆσαι
554 2285 651 2357 τὴν
677 2287 951 2358 ἐκδίκησιν
978 2289 1161 2353 αὐτοῦ,
1194 2291 1416 2355 κλάδους
1445 2288 1637 2347 ἐλαιῶν
1667 2294 1863 2363 βαστά-

298 2373 413 2441 ζει,
447 2375 581 2445 βοιῖιν
608 2378 700 2430 καὶ
723 2379 889 2432 αἰτῶν
918 2378 1199 2451 ἐλεηθῆναι
1236 2383 1330 2441 καὶ
1356 2387 1536 2453 τυχεῖν
1568 2384 1817 2455 βοηθείας
1843 2403 1857 2417 ο

300 2467 370 2519 αἱ
417 2467 590 2523 ἐλαῖαι
635 2469 742 2539 γὰρ
791 2469 1056 2542 σύμϐολόν
1084 2474 1189 2525 είσι
1229 2473 1322 2527 τοῦ
1351 2474 1550 2537 ἐλέους.
1580 2476 1677 2529 Διά
1708 2475 1862 2529 τοῦτο

299 2557 406 2611 καὶ
452 2560 610 2629 ἡμεῖς
657 2561 981 2628 ἀπαντῶμεν
1029 2562 1106 2633 τῷ
1151 2558 1394 2637 Δεσπότῃ
1444 2566 1597 2636 ἡμῶν
1644 2566 1862 2639 Χριστῷ

299 2648 454 2718 μετὰ
494 2648 660 2719 βαῖων
690 2650 809 2721 μὲν,
839 2650 914 2715 ὡς
941 2655 1134 2724 νικητῇ
1152 2670 1167 2685 ·
1200 2634 1499 2726 αὐτὸς-»γὰρ
1526 2634 1742 2728 ἐνίκησε

300 2737 503 2809 ἐχθρὸν
532 2740 671 2808 ὑπὲρ
693 2739 881 2810 ἡμῶν·
913 2742 1051 2812 μετά
1082 2743 1288 2799 κλάδων
1318 2745 1376 2798 δὲ
1404 2746 1618 2813 ἐλαιῶν,
1653 2748 1863 2803 αἰτοῦν-

301 2844 404 2893 τες
442 2829 571 2900 παρ’
592 2830 756 2884 αὐτοῦ
791 2831 956 2898 ἐλεος,
998 2832 1167 2898 οὕτως
1213 2837 1306 2890 καὶ
1352 2839 1514 2908 ἡμεῖς
1554 2840 1861 2910 νικήσωμεν

298 2919 381 2974 δι’
408 2918 571 2973 αὑτοῦ
598 2920 891 2991 αἰτοῦντες,
922 2924 1014 2978 καὶ
1040 2926 1350 2998 εὖρεθῶμεν
1385 2928 1741 2997 βαστάζοντες
1764 2931 1863 2983 αὑ-

300 3010 406 3065 τοῦ
430 3012 497 3067 τά
529 3014 840 3086 νικητήρια,
860 3015 919 3071 οὐ
948 3016 1108 3087 μόνον
1128 3018 1269 3089 ὑπὲρ
1295 3020 1393 3091 τῆς
1425 3020 1579 3093 νίκης
1606 3019 1674 3095 ἧς
1703 3024 1863 3087 αὐτὸς

303 3104 561 3175 ἐνίκησεν
606 3105 744 3176 ὑπὲρ
782 3107 959 3179 ἡμῶν,
987 3108 1123 3164 ἀλλά
1166 3111 1260 3163 καὶ
1305 3106 1372 3183 ἦς
1404 3113 1736 3183 ἐνικήσαμεν
1768 3114 1862 3168 καὶ

300 3193 475 3264 ἡμεῖς
503 3192 572 3248 δι’
604 3194 769 3249 αὑτοῦ
794 3197 979 3267 εὐχαῖς
1008 3198 1227 3255 πάντων
1254 3201 1361 3254 τῶν
1388 3200 1578 3270 ἁγίων.
1596 3204 1786 3274 Ἀμήν.

811 3533 1216 3588 ΔΙΔΑΣΚΔΛΙΑ
1252 3534 1372 3605 ις’.

344 3642 505 3715 Πρός
535 3660 703 3722 τινας
728 3645 1050 3714 nutritae
1066 3649 1491 3730 ἐρωτήσαντας
1517 3657 1703 3711 αὐτὸν
1728 3658 1834 3713 τοῦ

896 3722 1278 3786 παραϐαλεῖν.

384 3850 468 3905 Δθ.
502 3851 763 3919 Λέγουσιν
783 3848 832 3902 οἱ
858 3850 1115 3922 Πατέρες,
1135 3852 1217 3906 ὅτι
1236 3854 1454 3909 καθίσαι
1474 3858 1553 3920 είς
1581 3858 1643 3911 τὸ
1666 3859 1871 3914 κελλίον

306 3938 489 4012 ἥμισύ
513 3938 649 4003 ἐστι,
680 3938 771 3992 καὶ
796 3939 857 3990 τὸ
887 3942 1223 4010 παραϐαλεῖν
1254 3945 1507 4015 γέρουσιν
1537 3949 1707 4018 ἥμισύ
1731 3952 1869 4005 ἐστι.

311 4026 492 4085 τοῦτο
526 4026 779 4096 σημαίνει
814 4028 842 4081 ὁ
869 4027 1044 4097 λόγος,
1079 4030 1160 4083 ὅτι
1200 4033 1296 4084 καὶ
1327 4034 1387 4085 ἐν
1426 4033 1505 4104 τῷ
1538 4037 1732 4107 κελλίῳ
1776 4041 1872 4092 καὶ

315 4118 520 4187 ἔξωθεν
566 4118 659 4172 τοῦ
688 4118 921 4185 κελλίου,
942 4120 1141 4191 ὁμοίως
1181 4122 1392 4192 νὴψεως
1438 4127 1613 4195 χρεία,
1645 4130 1740 4182 καὶ
1776 4129 1870 4182 τοῦ

314 4211 522 4267 ειδέναι
552 4210 676 4265 τινὰ
702 4211 796 4265 καὶ
823 4210 912 4267 διὰ
938 4213 989 4266 τί
1017 4214 1219 4283 ὀφείλει
1258 4217 1547 4287 ἡσυχάζειν
1590 4221 1711 4272 καθ’
1743 4224 1870 4275 ἐαυ-

316 4302 436 4363 τὺν.
479 4305 574 4357 καὶ
618 4302 706 4357 διὰ
738 4303 1033 4373 τίοόφείλει
1084 4309 1449 4378 παραϐάλλειν
1492 4312 1732 4382 ῐιατράσι
1781 4315 1873 4368 καὶ

316 4390 589 4463 ἀδελφοῖς.
606 4393 733 4449 Ἐἀν
757 4394 867 4467 γὰρ
885 4397 1025 4469 νὴφῃ
1050 4416 1131 4462 τις
1159 4401 1286 4471 περὶ
1312 4400 1402 4455 τὸν
1434 4402 1632 4455 σκοπὸν
1664 4403 1870 4469 τοῦτον,

317 4485 613 4551 σπουδάζει
661 4490 852 4554 ποιεῖν,
876 4488 951 4553 ὡς
978 4485 1128 4543 εἷπον
1154 4494 1200 4544 οί
1232 4472 1473 4565 Πάτρες·
1504 4496 1595 4548 καὶ
1636 4497 1723 4549 ὅτε
1774 4497 1872 4567 μὲν

318 4578 558 4649 κᾶθηται
586 4580 645 4632 ἐν
675 4577 754 4649 τῷ
781 4579 995 4651 κελλίῳ,
1012 4570 1247 4652 εὔχεται,
1265 4583 1485 4654 μελετᾷ,
1508 4589 1651 4639 ποιεῖ
1677 4588 1871 4659 μικρὸν

320 4667 660 4741 ἔρι’όκειρον.
686 4666 958 4737 φροντίζει
996 4668 1136 4722 κατὰ
1167 4667 1397 4739 ,δύναμιν
1424 4669 1532 4722 τῶν
1561 4670 1832 4743 λογισμῶν
1852 4693 1866 4707 ο

321 4762 418 4815 ἅτε
444 4757 503 4813 δὲ
528 4754 690 4811 πάλιν
719 4750 1054 4828 ωραϐἀλλέι
1086 4744 1324 4822 πώποτε,
1362 4764 1609 4814 κατανοεῖ
1635 4766 1726 4816 καὶ
1752 4764 1874 4834 βλέ-

324 4864 430 4923 πει
449 4846 548 4918 τὴν
584 4844 917 4901 κατάστασιν
941 4845 1125 4911 αὑτοῦ,
1164 4834 1225 4901 εί
1258 4850 1537 4918 ὠφελεῖται
1563 4853 1626 4904 ἐκ
1646 4854 1744 4923 τῆς
1768 4857 1874 4909 ἀπ-

323 4935 603 5005 αντήσεως
627 4934 736 5025 τῶν
769 4934 1031 5025 ἀδελφῶν,
1060 4936 1094 5007 ἡ
1120 4937 1203 4992 οὗ.
1233 4940 1341 4994 Καὶ
1367 4941 1415 4993 εί
1443 4940 1680 5013 δύναται
1702 4945 1868 5004 ἀϐλα-

321 5025 464 5091 ϐῶς,
490 5024 802 5098 ἀνακάμψει
848 5026 1038 5110 eicite
1074 5029 1282 5085 κελλίον
1323 5031 1505 5097 αὐτοῦ,
1538 5033 1633 5085 καὶ
1659 5036 1754 5090 ἐὰν
1789 5037 1877 5110 ἴδῃ,

327 5119 495 5173 αὐτὸν
525 5119 607 5184 et;
630 5128 685 5174 τι
714 5108 996 5199 βλαϐέγτά,
1018 5120 1305 5190 μανθάνειν
1330 5126 1427 5196 τὴν
1452 5124 1731 5181 ἀσθένειαν
1748 5108 1873 5181 seu;

328 5214 462 5268 τοῦο
496 5214 757 5286 μανθάνει
802 5216 886 5269 ὃτι
928 5215 1110 5287 ἀκμὴν
1158 5217 1309 5271 οὐδὲν
1350 5219 1617 5290 ἐκτήσατο
1665 5221 1731 5275 ἐκ
1774 5223 1874 5293 τῆς

328 5304 602 5373 ἡσυχίας,
654 5303 753 5358 καὶ
802 5304 1130 5376 ἀποστρέφει
1181 5308 1640 5377 τεταπεινωμένος
1681 5311 1764 5373 είς
1813 5312 1875 5367 τὸ

333 5392 468 5448 ἴδιον
495 5394 724 5460 κελλίον,
753 5395 846 5448 καὶ
874 5394 1095 5458 κλαίων,
1114 5397 1405 5467 μετανοῶν,
1430 5398 1761 5469 παρακαλῶν
1780 5402 1872 5458 τὸν
1916 5426 1919 5427 ν

332 5482 471 5540 Bch
508 5484 647 5557 ὑπὲρ
687 5486 786 5557 τῆς
833 5484 1110 5548 ἀσθενείας
1144 5486 1331 5553 αὐτοῦ,
1362 5490 1459 5544 καὶ
1491 5490 1663 5555 οὕτως
1690 5491 1874 5548 λοιπὸν

339 5572 626 5639 καθέζεται
655 5572 936 5646 προσέχων
953 5574 1146 5648 ἑαυτῷ.
1171 5570 1300 5632 Εἶτα
1324 5579 1481 5634 πάλιν
1510 5580 1719 5651 ἔρχεται
1739 5584 1874 5655 πρὸς

335 5665 463 5726 τοὺς
486 5662 821 5734 ἀνθρώπους,
842 5666 937 5721 καὶ
963 5665 1145 5737 βλέπει
1172 5669 1362 5725 ἑαυτὸν
1392 5673 1441 5727 εί
1467 5671 1678 5742 ἔμεινεν
1698 5675 1865 5746 ἡττω-

415 5862 436 5901 ῐ
460 5858 603 5919 Psal.
629 5840 813 5932 sum,
840 5866 931 5922 21.
1016 5854 1019 5857 ’

1961 649 2258 718 juseemodi
2297 650 2563 719 jejunium
2614 651 2939 720 acceptabilc
2983 652 3307 721 jejnnantes,
3339 663 3397 707 ut
3436 656 3512 709 ait

1964 741 2121 794 divus
2155 742 2402 806 Basilius,
2431 742 2536 796 hoc
2562 751 2643 796 est
2664 742 2993 797 abstinentes
3022 743 3089 796 ab
3114 744 3259 798 οιιιιιι
3290 745 3429 798 malo
3455 746 3511 800 in

1965 830 2109 897 quod
2139 845 2331 885 sensus
2368 832 2538 887 nostri
2580 833 2926 905 inclinantur,
2959 834 3062 887 dici
3096 834 3168 888 illi
3212 836 3512 892 sacratissi-

1966 936 2067 974 ma:
2088 922 2496 978 resurrectionis
2526 924 2707 977 mundi
2736 926 2998 990 renovati,
3022 934 3074 979 et
3119 925 3261 995 digni
3300 926 3509 979 divino-

1971 1024 2091 1063 rum
2120 1010 2495 1080 mysteriorum
2518 1013 2924 1082 participatione
2952 1029 3315 1068 occurremus.
3346 1013 3509 1083 Egrc-
3622 1039 3633 1057 -

1964 1099 2175 1154 diemur
2200 1115 2428 1170 quoque
2458 1102 2669 1156 obviam
2709 1102 2932 1156 Domino
2961 1113 3165 1169 nostro,
3198 1105 3511 1173 recipientcs

1964 1205 2088 1245 eum
2119 1206 2241 1245 cum
2264 1192 2452 1261 palmis
2479 1201 2533 1246 et
2563 1186 2729 1247 ramis
2754 1193 3036 1258 olivarum,
3079 1195 3131 1247 in
3176 1195 3319 1263 pullo
3346 1194 3510 1249 asina:

1965 1283 2237 1336 sedentem
2293 1292 2347 1336 et
2390 1282 2442 1335 in
2506 1293 2746 1338 sanctam
2797 1284 3063 1338 civitatem
3110 1286 3508 1353 ingredientem.

1967 1371 2103 1438 Quid
2133 1382 2216 1427 cst
2241 1384 2418 1427 autem
2451 1371 2737 1427 Dominum
2771 1373 2823 1426 in
2855 1375 2999 1443 pullo
3028 1373 3193 1429 asinte
3216 1374 3507 1440 scdcre?ln

1965 1464 2110 1533 pullo
2139 1464 2304 1519 asina:
2335 1465 2493 1525 sedit,
2530 1475 2589 1518 ιιι
2617 1466 2850 1519 animam
2884 1476 3118 1519 nostram
3153 1466 3511 1521 irrationalcm

1966 1555 2183 1622 factam,
2221 1566 2278 1610 ut
2302 1558 2376 1611 ait
2412 1556 2674 1626 PrOpheta
2706 1557 2751 1625 ί,
2781 1567 2835 1612 et
2857 1558 3111 1627 jumentis
3138 1559 3515 1627 insipientibus

1963 1658 2322 1716 comparatam
2374 1657 2708 1703 converteret
2746 1649 2811 1702 ad
2864 1651 3120 1703 rationem
3157 1648 3281 1715 Dei,
3315 1660 3368 1704 ct
3394 1667 3511 1704 cam

1965 1737 2228 1792 divinitati
2260 1753 2373 1793 sum
2415 1739 2724 1808 subjiceret.
2751 1738 2889 1803 Quid
2942 1754 3066 1794 vero
3092 1749 3173 1793 est
3210 1739 3283 1792 illi
3317 1755 3514 1794 occur-

1969 1847 2086 1886 rere
2110 1847 2231 1885 cum
2266 1832 2458 1901 palmis
2485 1844 2538 1887 et
2563 1834 2725 1888 ramis
2751 1834 3049 1888 olivarum?
3077 1833 3238 1887 Moris
3272 1844 3353 1887 est
3389 1850 3511 1888 cum

1967 1924 2141 1993 quisa
2181 1922 2319 1977 bello
2367 1923 2606 1987 redierit,
2659 1924 2949 1993 proﬂigatis
2983 1926 3221 1979 Ιιοδιίιιιις
3254 1934 3305 1979 et
3345 1926 3395 1977 in
3427 1923 3513 1977 fn-

1963 2028 2086 2081 gam
2121 2012 2312 2075 versis,
2343 2021 2399 2065 nt
2448 2028 2665 2066 suorum
2697 2014 2923 2083 quisque
2974 2013 3025 2066 ei
3068 2030 3190 2067 cum
3234 2015 3421 2084 palmis
3461 2023 3516 2066 et.

1968 2105 2134 2158 ramis
2162 2104 2424 2158 olivarum
2461 2106 2536 2158 uti
2569 2105 2758 2158 victori
2790 2113 3058 2158 occurrat.
3087 2104 3334 2160 Victoria:
3361 2122 3513 2158 nam-

1963 2212 2067 2265 que
2117 2197 2330 2266 signum
2366 2197 2541 2266 palma
2581 2206 2681 2250 est.
2736 2194 2864 2250 ltcm
2907 2211 3033 2272 cum
3083 2197 3275 2265 aliquis
3323 2197 3516 2266 injuria

1964 2282 2189 2341 affectus
2216 2288 2365 2340 exire
2411 2286 2638 2341 voluerit
2682 2287 2749 2340 ad
2790 2302 2912 2341 cum
2957 2286 3047 2356 qui
3079 2288 3247 2356 possit
3274 2288 3421 2341 illum
3450 2289 3520 2343 ab

1964 2378 2158 2445 injuria
2196 2376 2476 2430 vindicare
2518 2385 2574 2430 et
2614 2378 2822 2441 ulcisci,
2858 2379 3119 2431 olivarum
3162 2380 3342 2432 ramos
3379 2394 3517 2447 pra:-

1968 2467 2156 2532 mittit,
2186 2467 2469 2521 clamitans
2490 2476 2547 2520 ut
2568 2466 2651 2520 sui
2671 2483 2861 2521 omnes
2890 2470 3261 2534 misereantur,
3288 2479 3341 2523 et
3361 2484 3515 2538 opem

1964 2556 2140 2612 ferant
2170 2576 2183 2611 :
2209 2558 2351 2612 oliva
2379 2558 2522 2612 enim
2560 2556 2940 2611 misericordiae
2967 2540 3179 2627 signum
3213 2569 3313 2614 est.
3346 2558 3440 2614 Sic
3463 2568 3519 2613 et

1963 2642 2067 2702 nos
2093 2645 2318 2701 Domino
2345 2656 2532 2700 nostro
2557 2643 2772 2699 Christo
2795 2660 3145 2699 occurramus
3173 2662 3293 2699 cum
3323 2647 3518 2715 palmis

1963 2745 2021 2790 ut
2055 2717 2278 2799 victori:
2311 2735 2436 2788 vicit
2476 2734 2618 2788 enim
2658 2735 2771 2802 ipse
2816 2735 3021 2788 hostem
3080 2743 3323 2788 nostrum
3350 2753 3364 2788 :
3391 2753 3513 2790 cum

1961 2827 2129 2882 ramis
2160 2835 2338 2881 autem
2377 2826 2665 2891 olivarum,
2697 2834 2751 2879 ut
2783 2826 2850 2879 ab
2876 2842 2941 2880 eo
2974 2826 3392 2881 misericordiam
3424 2828 3522 2880 im-

1965 2928 2239 2988 petremus
2272 2936 2285 2972 :
2316 2927 2375 2971 ut
2402 2917 2852 2988 quemadmodum
2886 2917 2973 2971 ille
3005 2932 3102 2987 pro
3133 2917 3285 2970 nobis
3311 2932 3516 2986 pugna-

1963 3010 2042 3063 vit
2068 3018 2123 3064 et
2148 3009 2299 3073 vicit,
2333 3009 2405 3062 ita
2434 3020 2489 3063 et
2516 3023 2615 3063 nos
2644 3025 2735 3076 per
2774 3009 2949 3078 ipsum
2993 3008 3222 3062 victores
3246 3022 3366 3064 esse
3392 3022 3519 3076 pos-

1966 3101 2177 3169 simus;
2219 3111 2602 3171 portemusque
2650 3101 2803 3170 signa
2832 3100 3070 3155 victoriae
3097 3116 3206 3154 non
3251 3100 3424 3155 solum
3450 3099 3522 3152 ob

1891 3226 1933 3284 ο
1969 3192 2244 3248 victoriam
2269 3209 2374 3262 qua
2401 3192 2487 3247 ille
2508 3205 2606 3261 pro
2634 3192 2790 3247 nobis
2818 3193 2965 3257 vicit,
2997 3192 3090 3247 sed
3121 3193 3283 3246 etiam
3305 3192 3374 3246 ob
3401 3207 3519 3245 eam

1969 3299 2075 3353 qua
2104 3294 2158 3337 et
2184 3299 2285 3337 nos
2315 3299 2407 3353 per
2440 3284 2621 3352 ipsum
2657 3283 2904 3349 vicimus,
2934 3283 3181 3353 precibus
3209 3295 3519 3338 sanctorum

1963 3373 2229 3428 omnium.
2258 3373 2448 3428 Amen.

2473 3544 2812 3632 DOCTRINA
2850 3545 2986 3601 xvr.

1966 3661 2053 3715 Ad.
2068 3660 2318 3732 quosdam
2340 3658 2572 3732 celliotoa
2597 3661 2971 3732 interrogantes
2998 3659 3169 3729 ipsum
3194 3657 3258 3713 de
3285 3674 3520 3729 congres-

2465 3730 2609 3783 sibus
2645 3739 2694 3782 et
2722 3718 3016 3799 colloquiis.

2040 3863 2078 3919 Ι.
2108 3863 2302 3917 Dicunt
2328 3861 2515 3917 Patres
2539 3850 2707 3917 nostri
2735 3864 2878 3933 quod
2904 3864 2959 3917 in
2992 3864 3124 3919 cella
3151 3863 3337 3919 sedere
3360 3863 3521 3917 dimi-

1969 3955 2115 4010 dium
2149 3953 2441 4023 quoddam,
2468 3961 2523 4006 et
2552 3968 2674 4006 cum
2705 3952 3009 4006 senioribus
3046 3951 3318 4021 congredi,
3358 3953 3518 4013 dimi-

1968 4045 2115 4100 dium
2144 4053 2246 4100 est.
2296 4041 2517 4097 Videtur
2554 4042 2644 4097 hic
2686 4057 2865 4097 sermo
2906 4042 3060 4096 nobis
3094 4043 3337 4109 innuere,
3376 4052 3430 4097 et
3462 4045 3517 4097 in

1968 4136 2101 4190 cella
2131 4144 2185 4191 et
2220 4143 2371 4188 extra
2401 4132 2588 4191 cellam
2615 4131 2857 4187 custodia
2879 4131 3031 4187 nobis
3048 4146 3183 4201 opus
3206 4145 3324 4187 esse
3356 4140 3411 4185 et
3434 4133 3519 4187 di-

1972 4223 2185 4294 ligentia
2219 4241 2233 4277 :
2262 4231 2321 4277 ut
2346 4222 2548 4278 scilicet
2588 4222 2895 4277 noverimus
2922 4235 3093 4290 quare
3124 4220 3181 4273 in
3205 4219 3338 4276 cella
3366 4222 3521 4291 quie-

1970 4312 2247 4380 scendum,
2286 4323 2341 4367 et
2368 4328 2536 4381 quare
2565 4313 2804 4367 seniores
2832 4321 2885 4368 et
2911 4309 3102 4379 fratres
3132 4309 3361 4371 adeundi
3387 4312 3521 4367 sint.

1974 4402 2030 4458 Si
2064 4405 2205 4457 enim
2240 4401 2469 4470 quisque
2494 4400 2547 4455 in
2588 4401 2689 4456 hac
2717 4398 3143 4456 consideratione
3181 4399 3436 4471 frequens
3462 4409 3520 4458 et

1972 4496 2199 4565 diligens
2227 4491 2408 4558 fuerit,
2442 4507 2504 4547 ea
2532 4492 2769 4548 studebit
2799 4490 2976 4545 facere
3015 4506 3137 4561 quae
3164 4490 3275 4560 jam
3310 4489 3515 4561 pridem

1976 4587 2083 4641 sint
2110 4600 2139 4637 a
2174 4581 2424 4639 Patribus
2452 4581 2692 4639 factitata
2722 4597 2738 4649 ;
2764 4594 2999 4651 cumque
3047 4583 3102 4638 in
3149 4583 3283 4639 cella
3328 4580 3512 4653 fuerit,

1974 4676 2167 4742 orabit,
2194 4673 2567 4743 meditabitur;
2598 4688 2701 4728 non
2744 4672 2848 4728 erit
2890 4675 3097 4733 otiosus
3125 4671 3389 4735 nianibus,
3419 4687 3517 4731 eo-

1973 4767 2258 4838 gitationes
2288 4783 2416 4825 suas
2435 4780 2805 4838 quascunque,
2844 4767 3043 4837 quales
3064 4766 3281 4826 fuerint,
3308 4774 3516 4821 scruta-

1971 4860 2139 4916 bitur.
2176 4859 2312 4917 Cum
2338 4875 2467 4916 vero
2497 4859 2934 4917 animadverterit
2972 4860 3059 4914 ubi
3087 4858 3176 4919 sit,
3202 4855 3517 4913 considera-

1972 4952 2051 5007 bit
2094 4954 2294 5023 pariter
2319 4963 2373 5009 et
2395 4952 2683 5022 cognoscet
2718 4961 2918 5009 statum
2948 4964 3125 5013 suum,
3153 4947 3519 5018 intelligetque

1940 5066 1943 5067 ν
1972 5045 2250 5105 lucrumne
2280 5062 2347 5101 an
2371 5043 2634 5114 iacturam
2680 5045 2883 5112 fecerit,
2920 5057 3029 5113 quo
3059 5050 3294 5110 tempore
3326 5056 3356 5094 a
3382 5041 3517 5098 cella

1972 5136 2170 5203 abfuit;
2222 5146 2275 5191 et
2320 5150 2389 5188 an
2436 5135 2574 5190 idem
2628 5136 2811 5191 redeat
2828 5136 2917 5206 qui
2946 5133 3014 5188 ab
3040 5131 3203 5204 ω
3237 5146 3299 5185 ea
3327 5132 3515 5200 exivit,

1972 5230 2089 5283 sine
2113 5227 2309 5281 damno
2327 5225 2532 5280 scilicet
2548 5235 2603 5281 et
2627 5226 2856 5297 jactura.
2896 5224 3063 5290 ριιίνεί
3088 5223 3143 5277 ἱιι
3165 5222 3345 5294 aliquo
3365 5226 3517 5282 sevio

1971 5316 2110 5372 derit
2118 5315 2382 5384 iacturam
2399 5314 2612 5385 fecisse,
2624 5317 2791 5373 discet
2802 5313 3158 5370 inﬁmitatem
3172 5315 3517 5391 suam,disc_et

1973 5423 2033 5465 se
2056 5406 2187 5461 nihil
2207 5407 2380 5463 adhuc
2399 5407 2536 5463 lucri
2554 5416 2899 5464 consecutum
2930 5421 2997 5460 ex
3031 5406 3213 5477 quiete
3231 5418 3388 5477 atque
3404 5405 3515 5461 otio
3547 5451 3550 5454 .

1974 5496 2141 5562 cells,
2154 5505 2554 5570 reverteturque
2573 5516 2693 5556 cum
2716 5497 3008 5553 humilitate
3022 5498 3086 5553 ad
3101 5513 3244 5562 eam,
3256 5494 3517 5567 peniten-

1974 5572 2103 5641 tiam
2121 5601 2418 5657 agenscum
2437 5589 2709 5661 lacrymis,
2723 5596 2777 5644 et
2796 5604 2992 5658 rogans
3005 5588 3169 5645 Deum
3192 5602 3286 5658 pro
3306 5600 3405 5641 sua
3419 5584 3518 5640 lm-

1966 5677 2251 5736 bccillitate
2267 5689 2320 5735 et
2341 5680 2649 5753 fragilitate;
2668 5688 2722 5735 et
2738 5681 2818 5736 sic
2832 5682 3045 5736 όειιιιιηι
3077 5674 3277 5736 sedebit
3295 5676 3397 5733 sibi
3414 5675 3518 5747 ipsi
