4020 6340
157 467 282 536 1801

1482 441 1877 513 nocrnma‘
1928 434 2111 509 XVII.

3282 442 3413 504 1802

154 590 241 643 καὶ
268 584 434 641 είκὼν
462 581 600 638 Θεοῦ
625 576 1043 651 ἑπηρεαζομένη
1065 574 1171 631 ὑπὸ
1199 571 1294 628 τοῦ
1322 570 1503 625 κοινοῦ
1532 568 1728 640 ἓ.χοροῦ

1844 568 1959 620 dine
2001 580 2125 620 cum
2182 562 2347 617 fratre
2379 560 2627 616 consulta
2668 603 2680 613 .
2726 570 2905 615 tnovet
2943 560 3086 615 enim
3138 561 3311 631 magis
3361 574 3415 616 ct

154 679 327 749 ἡμῶν,
361 676 455 731 καὶ
502 670 931 742 σπλαγχνίσθητι
959 670 1046 724 ἐπ’
1078 666 1239 737 αὐτῇ,
1272 666 1349 735 μή
1383 679 1503 725 πως
1530 664 1729 749 αἰχμα-

151 748 377 830 libatas;
412 764 584 835 αὐτὴν
614 765 642 816 6
671 759 914 824 διάϐολος
954 757 1064 811 ἀπὸ
1110 756 1209 826 τῆς
1254 752 1469 823 πληγῆς
1498 749 1591 804 τοῦ
1637 748 1729 802 θυ-

154 856 275 928 μοῦ,
306 852 594 923 θανατὼσῃ
626 856 707 914 εις
735 846 1122 921 μνησικακίας.
1152 846 1247 898 καὶ⁵
1278 843 1561 896 ἀπολεῖται
1582 840 1728 909 ψυχὴ

151 948 208 1013 ἐξ
261 944 592 1018 ἁπροσεξίας
639 941 812 1013 ἡμῶν
849 938 990 1009 ὑπὲρ
1038 932 1106 1007 ἧς
1159 935 1393 1006 Χριστὸς
1450 929 1725 985 ἀπέθανε·

153 1038 425 1110 μνήσθητι
451 1037 507 1090 δὲ
537 1037 617 1089 ὅτι
643 1035 738 1088 καὶ
773 1033 836 1086 σὺ
886 1027 1278 1098 ὑπόκεισαιίτῷ
1306 1026 1457 1095 αὐτῷ
1503 1024 1730 1094 κρίματι

150 1130 249 1200 τῆς
293 1128 486 1200 ὀργῆς,
515 1127 613 1180 καὶ
656 1126 722 1178 ὲκ
769 1124 868 1194 σῆς
912 1122 1194 1185 ἀσθενείας
1248 1118 1606 1189 συμπάθησον
1653 1116 1731 1186 τῷ

149 1218 363 1287 ἀδελφῷ
391 1235 507 1283 σου,
531 1216 628 1271 καὶ
650 1214 963 1285 εὐχαρίστει
993 1212 1076 1266 ὅτι
1101 1202 1260 1281 εὗρες
1282 1207 1536 1277 ἀφορμὴν
1564 1205 1643 1268 είς
1670 1206 1732 1258 τὸ

1834 658 2107 712 ellicacior
2138 655 2205 710 ad
2238 654 2669 727 persuadendum
2704 668 2888 709 sermo
2932 654 3331 722 hujuscemodi,
3362 668 3415 707 ct

1838 747 2085 802 turbatos
2110 746 2325 800 animos
2354 745 2525 799 sedat.
2565 744 2623 798 In
2661 754 2905 813 tempore
2936 754 3114 797 autem
3166 742 3415 799 frater-me

1838 837 2165 896 turbationis
2192 838 2241 893 si
2279 847 2469 893 contra
2503 838 2714 904 nititur,
2747 844 2805 890 tu
2845 836 3082 903 linguam
3132 846 3280 889 tuam
3323 852 3417 889 co-

1841 933 1965 989 ltibe
1993 942 2048 988 et
2072 931 2376 995 moderare,
2410 946 2479 985 ne
2506 931 2633 1000 quid
2664 929 2897 985 fortasse
2926 930 3194 998 perditum
3224 929 3418 997 inqua-

1840 1039 1931 1081 tur
1972 1026 2133 1089 irata,
2176 1039 2355 1094 neque
2382 1024 2533 1079 sinas
2563 1022 2741 1077 efferri
2787 1038 2883 1077 cor
2933 1031 3084 1075 tuum
3132 1022 3181 1075 in
3219 1022 3417 1091 ipsum.

1842 1117 1952 1175 Sed
1984 1117 2300 1174 memineris
2335 1116 2557 1171 fratrem
2598 1125 2751 1170 tuum
2782 1129 2906 1169 esse
2934 1125 2987 1169 et
3022 1118 3326 1169 membrum
3370 1116 3418 1167 in

1843 1210 2095 1277 Domino,
2125 1218 2181 1264 et
2206 1209 2499 1279 imaginem
2534 1209 2624 1264 Dei
2649 1210 2718 1263 ab
2740 1209 2895 1263 ltostc
2925 1220 3115 1263 nostro
3144 1210 3418 1263 connnuni

153 1309 528 1380 συγχωρῆσαι,
556 1308 641 1360 ἵνα
667 1307 762 1359 καὶ
784 1306 848 1357 σὺ
871 1306 941 1358 τά
970 1302 1193 1374 μείζονα
1219 1300 1312 1355 καὶ
1336 1298 1555 1351 πλείονα
1580 1297 1734 1369 παρὰ

1844 1313 2105 1361 tentatam
2135 1312 2189 1359 et
2216 1311 2593 1373 provocatum,
2624 1302 2867 1370 velisque
2896 1301 3074 1370 potius
3104 1302 3156 1354 in
3188 1316 3249 1354 ea
3276 1318 3423 1352 nmin-

150 1399 245 1455 τοῦ
278 1397 416 1453 θεοῦ
449 1394 1046 1467 συγχωρηθῇς.Ἀφετε
1083 1390 1215 1463 γὰρ,
1246 1386 1345 1443 καὶ
1366 1387 1730 1456 ἀφεθήσεται

1844 1408 2139 1458 suescere,
2188 1392 2522 1463 benignitate
2567 1408 2694 1463 erga
2730 1408 2849 1446 eam
2902 1391 2979 1445 uti
3034 1392 3218 1459 potius
3261 1407 3420 1461 quam
3446 1390 3453 1407 “

151 1491 315 1563 ὑμῖν.
348 1489 508 1543 Ἀλλὰ
538 1487 779 1559 νομίζεις
806 1483 1143 1557 βλάπτεσθαι
1174 1480 1267 1535 τὸν
1294 1478 1521 1548 ἀδελφόν
1554 1495 1647 1531 σου
1672 1480 1737 1531 ὲκ

1844 1488 2050 1552 saevire,
2087 1501 2156 1541 ne
2186 1487 2456 1556 captivam
2494 1484 2641 1539 illam
2669 1494 2795 1555 agat
2825 1484 3077 1539 diabolus
3105 1500 3169 1540 ex
3200 1485 3424 1539 vulnere

150 1587 250 1657 τῆς
280 1587 380 1656 σῆς
412 1583 828 1656 μακροθυμίας;
867 1579 982 1635 ἀλλ’
1007 1580 1037 1633 6
1078 1575 1398 1637 Ἀπόστολος
1422 1573 1737 1644 παραγγέλ-

1844 1576 2333 1647 excandescentia;,
2395 1584 2451 1629 et
2503 1583 2678 1630 morte
2722 1575 2919 1629 alliciat
2965 1574 3313 1643 postmodum
3371 1573 3421 1626 in

153 1679 255 1744 λει,
277 1680 433 1748 νικᾷν
461 1681 519 1731 ἐν
540 1676 616 1747 τῷ
643 1673 832 1744 ἀγαθῷ
853 1673 915 1725 τὸ
939 1670 1128 1735 κακὸν,
1154 1671 1247 1722 καὶ
1273 1669 1373 1720 οὐκ
1398 1667 1456 1719 ὲν
1484 1664 1561 1737 τῷ
1584 1664 1737 1735 κακῷ

1844 1669 2065 1724 vulnere
2094 1668 2412 1731 iracundiae,
2449 1666 2638 1737 sicque
2668 1678 2852 1737 pereat
2882 1668 3061 1721 anima
3102 1666 3423 1736 negligentia

150 1768 466 1836 τὸάγαθόν.
1840 1768 2046 1823 nostra,
2076 1772 2178 1826 pro
2207 1773 2314 1836 qua
2366 1766 2618 1811 mortuus
2663 1768 2749 1812 est
2788 1757 3062 1813 Christus.
3115 1754 3426 1810 Mentineris

150 1864 318 1916 etiam
351 1859 526 1914 eidem
552 1855 759 1927 judicio
786 1854 880 1909 ira:
944 1862 996 1907 te
1060 1851 1287 1905 subesse
1314 1867 1328 1904 :
1383 1859 1435 1905 et
1476 1867 1541 1906 ex
1595 1850 1809 1920 propria
1851 1850 2164 1904 inﬁrmitate
2194 1838 2347 1904 fratri
2374 1858 2469 1903 tuo
2496 1860 2829 1918 compatere,
2855 1858 2909 1904 et
2931 1864 3030 1919 age
3055 1851 3255 1921 gratias
3281 1853 3422 1919 quod

150 1954 393 2010 facultas
418 1950 511 2005 tibi
541 1951 666 2004 data
695 1948 768 2002 sit
794 1946 1133 2016 ignoscendi,
1162 1955 1220 1999 ut
1249 1945 1346 1999 tibi
1374 1958 1558 2014 postea
1587 1949 1740 2014 plura
1779 1955 1831 1998 et
1862 1944 2071 2014 majora
2134 1944 2487 2015 ignoscantur
2513 1952 2568 1998 et
2595 1942 2941 1998 dimittantur
2966 1959 2998 1998 a
3026 1942 3136 1999 Deo
3186 1962 3198 1997 :
3234 1943 3425 1996 Dimit-

151 2047 251 2101 tite
278 2044 449 2105 enim,
494 2043 591 2106 ait,
660 2050 711 2094 et
749 2039 1054 2093 dimittetur
1118 2038 1326 2092 robisi.
1360 2040 1495 2104 Quia
1531 2039 1574 2093 si
1608 2041 1816 2108 cogitas
1854 2053 2055 2094 nocere
2088 2037 2239 2093 fratri
2269 2038 2528 2110 patientia
2562 2047 2615 2091 et
2643 2036 2946 2091 constantia
2977 2046 3091 2121 tua,
3118 2037 3425 2092 memineris

145 2143 220 2198 ab
265 2139 529 2210 Apostolo
558 2137 764 2193 dictum
789 2136 838 2203 ι,
878 2146 935 2189 ιιι
963 2137 1103 2189 bnnu
1136 2138 1337 2188 malum
1377 2138 1587 2199 vincas,
1629 2150 1737 2189 non
1777 2135 1923 2190 malo
1964 2135 2195 2189 bonum-

222 2307 305 2363 Β.
344 2307 455 2361 Και
482 2304 532 2358 ot
560 2302 799 2376 ιιατὲρες
823 2303 880 2358 δὲ
914 2302 1191 2373 λέγουσιν’
1234 2305 1361 2360 Ἐαν
1394 2302 1572 2374 ,ἑτέρῳ
1615 2304 1737 2359 ἑπι-

1908 2303 1970 2359 11.
2013 2303 2249 2361 Aiebant
2281 2317 2463 2358 autem
2500 2317 2735 2372 majores
2761 2316 2817 2358 et
2844 2300 3035 2357 Patres
3060 2304 3253 2368 nostri,
3284 2306 3426 2374 quod

142 2400 333 2472 τιμῶν
378 2400 460 2462 είς
500 2395 673 2469 ὀργὴν
704 2395 953 2467 κινηθῇς,
994 2395 1123 2450 ῐδιον
1175 2395 1349 2457 πάθος
1390 2394 1736 2464 ὲπλήρωσας,

145 2488 253 2547 καὶ
288 2487 465 2549 οὐδεὶς
497 2486 715 2548 συνετὸς
760 2485 878 2537 λύει
922 2484 1023 2553 τὴν
1064 2483 1261 2537 ἑαυτοῦ
1288 2484 1489 2551 οἰκίαν,
1517 2484 1604 2537 ἵνα
1641 2484 1739 2538 τοῦ

144 2580 389 2649 πλησίον
425 2574 1189 2647 οἰκοδομήσῃῦΕπιμενούσης
1230 2574 1289 2628 δὲ
1323 2575 1424 2645 τῆς
1466 2575 1737 2647 ταραχῆς,

144 2652 346 2740 βίασαι
361 2667 461 2735 τὴν
476 2664 702 2736 καρδίαν
717 2680 837 2729 σου,
849 2663 943 2717 καὶ
957 2662 1111 2728 εὖξαι
1127 2664 1300 2731 λέγων
1314 2662 1507 2726 οὕτως·
1538 2661 1595 2715 't)
1607 2664 1740 2727 Θεὸς

140 2764 177 2817 6
209 2758 600 2831 φιλάνθρωπος
625 2758 717 2811 καὶ
747 2756 1061 2829 φιλόψυχος,
1093 2758 1125 2811 6
1154 2759 1220 2828 τῇ
1248 2757 1441 2827 ἀφάτῳ
1485 2773 1579 2811 σου
1610 2757 1742 2826 ἀγα.

142 2851 348 2922 θότητι
378 2853 441 2904 εκ
468 2848 562 2904 τοῦ
594 2848 670 2920 μὴ
693 2847 847 2913 ὄντος
880 2850 1114 2919 ποιήσας
1144 2850 1294 2921 ἡμᾶς
1323 2850 1415 2903 ἐπὶ
1442 2848 1742 2920 μεταλήψει

138 2938 267 2997 τῶν
304 2942 415 2995 σῶν
441 2940 684 3011 ἀγαθῶν,
713 2941 808 2995 καὶ
835 2940 1252 3012 άποστήσαντας
1283 2942 1434 3012 ἡμᾶς
1477 2941 1589 2997 ἀπὸ
1635 2942 1743 2998 τῶν

138 3033 395 3090 ιντολῶν
422 3050 518 3087 σου
547 3031 886 3097 ἀνακαλέσας
902 3032 994 3086 διὰ
1019 3030 1115 3085 τοῦ
1140 3032 1371 3102 αἵματος
1394 3030 1490 3085 τοῦ
1517 3048 1742 3102 μονογε-

138 3126 288 3193 νοῦς
319 3143 416 3180 σου
435 3125 567 3179 Υίοῦ
596 3125 847 3197 Σωτῆρος
872 3123 1065 3195 ήμῶνο
1093 3124 1190 3180 καὶ
1212 3123 1309 3178 νῦν
1336 3123 1649 3195 παράστηθι
1673 3126 1740 3195 τῇ

138 3216 424 3289 ἀσθενείᾳ
475 3216 654 3287 ἡμῶν,
683 3215 781 3270 καὶ
827 3214 1156 3286 ἐπιτίμησον
1179 3210 1373 3284 ὥσπερ
1401 3213 1531 3267 ποτε
1562 3230 1742 3284 κυμα-

1840 2397 1887 2452 si
1918 2397 2042 2466 quis
2068 2397 2298 2450 alterum
2332 2394 2627 2463 increpans
2653 2392 3022 2448 excandescat
3045 2402 3101 2449 et
3126 2396 3430 2449 concitetur

1841 2489 1895 2543 in
1927 2489 2087 2551 iram,
2120 2487 2499 2557 hujuscemodi
2534 2486 2811 2542 hominem
2843 2486 3035 2540 vitium
3063 2501 3224 2541 suum
3254 2488 3426 2555 palam

1841 2579 2081 2635 fecisse:
2132 2588 2186 2633 et
2223 2578 2434 2633 nullum
2466 2578 2558 2647 qui
2608 2578 2680 2631 sit
2722 2576 2989 2648 prudens,
3035 2576 3427 2632 dissoluturum

1843 2673 2180 2729 domicilium
2215 2688 2400 2737 suum,
2435 2685 2494 2727 ut
2532 2671 2663 2726 illud
2696 2668 2931 2743 proximi
2971 2672 3181 2728 reﬁciat
3211 2684 3268 2728 et
3310 2688 3428 2728 sar-

1841 2768 1969 2822 ciat.
1988 2767 2043 2821 Si
2065 2766 2357 2838 perrexeril
2381 2766 2618 2820 turbatio
2633 2774 2687 2821 et
2706 2766 2807 2833 ira,
2824 2766 3126 2837 comprime
3140 2782 3235 2822 cor
3254 2777 3427 2834 tuum.

1841 2859 2000 2932 451
2038 2871 2093 2914 et
2133 2875 2228 2916 ora
2280 2860 2570 2914 hominum
2616 2860 2669 2914 in
2702 2860 2818 2915 hzec
2850 2860 3057 2916 verba:
3108 2860 3431 2923 Clementis-

1844 2952 1981 3008 sime
2014 2950 2158 3007 Deus
2184 2961 2239 3007 et
2271 2962 2483 3006 amator
2522 2950 2852 3016 animarum,
2904 2950 2998 3021 qui
3042 2951 3286 3007 bonitate
3340 2962 3430 3007 tua

1845 3044 2103 3097 inelfabili
2129 3058 2252 3109 nos,
2281 3057 2407 3098 cum
2439 3056 2547 3097 non
2573 3057 2842 3106 essemus,
2873 3040 3052 3099 fecisti
3077 3051 3138 3099 ut
3159 3057 3428 3109 essemus,

1842 3132 2261 3203 communicatis
2290 3132 2576 3187 nobiscum
2608 3132 2751 3187 bona
2788 3143 2903 3199 tua,
2953 3130 3161 3204 quique
3206 3145 3427 3205 aposta-

1844 3230 2025 3276 tantes
2057 3221 2403 3290 postmodum
2437 3237 2465 3277 a
2498 3222 2787 3292 praeceptis
2830 3222 2942 3280 tuis
2988 3226 3257 3279 revocasti
3305 3240 3431 3295 pre-

134 3308 405 3380 τουμένῃ
433 3309 500 3379 τῇ
530 3305 796 3378 θαλάσσῃ,
824 3303 997 3368 οὕτως
1024 3303 1123 3359 νῦν
1144 3305 1211 3375 τῇ
1240 3306 1454 3376 ταραχῇ
1484 3304 1586 3374 τῆς
1604 3320 1743 3375 καρ·
1845 3314 1985 3367 tioso
2028 3312 2296 3383 sanguine
2322 3315 2586 3383 unigeniti
2623 3314 2860 3371 Filii'tui
2901 3313 2922 3383 ξ

131 3402 280 3466 δίας
313 3399 491 3472 ἡμῶν,
523 3399 617 3453 καὶ
657 3398 733 3470 μὴ
762 3396 1080 3468 ἀτεκνωθῇς
1114 3398 1174 3451 ὲν
1198 3396 1300 3467 μιᾷ
1326 3394 1446 3467 ὥρᾳ
1474 3394 1534 3459 ἐξ
1564 3396 1741 3465 ἀμφο-

1844 3411 1898 3455 et
1926 3418 2070 3457 nunc
2098 3402 2330 3458 obsecro
2361 3403 2557 3458 adesse
2591 3402 2834 3474 digneris
2864 3402 3166 3473 infirmitati
3202 3412 3427 3465 nostrae.

130 3494 340 3565 τάρων
375 3490 532 3562 ἡμῶν
557 3490 971 3574 θανατωθέντων
990 3491 1059 3560 τῇ
1082 3487 1456 3560 άμαρτίᾳ,καὶ
1483 3487 1559 3559 μὴ
1583 3487 1741 3558 εἴπῃς

1845 3500 1902 3544 οι
1928 3502 1987 3545 ιιι
2013 3491 2289 3559 quondam
2316 3493 2567 3548 aestuanti
2603 3492 2814 3564 pelago,
2850 3496 2933 3548 sic
2961 3508 3110 3549 nunc
3137 3493 3430 3549 turbationi

128 3588 331 3661 ἡμῖν
365 3587 461 3651 Τίς
488 3583 741 3653 ὠφέλεια
764 3583 835 3637 ἐν
863 3580 946 3648 τῷ
967 3582 1171 3651 αἵματί
1192 3598 1333 3652 μου,
1365 3581 1437 3635 ἐν
1458 3579 1541 3645 τῷ
1571 3576 1741 3634 κατα-

1846 3583 2026 3639 cordis
2074 3582 2248 3638 nostri
2302 3583 2530 3654 impera,
2585 3600 2686 3641 nec
2708 3586 2867 3641 \vclis
2916 3586 3105 3641 eodem
3156 3595 3469 3659 momenlo‘

130 3650 477 3746 ἆτλνεινμε
498 3650 587 3740 είς
599 3673 889 3744 διαφοράν
904 3672 950 3707 ⁸⁸
970 3691 987 3740 ;
1016 3650 1126 3727 Kal
1142 3688 1159 3703 ·
1192 3650 1379 3744 δΔμὴν
1397 3672 1553 3742 λέγω
1574 3671 1741 3741 ἡμῖν,

1847 3674 2032 3729 orbari
2063 3675 2279 3731 duobus
2312 3650 2459 3740 ﬁli-is,
2492 3676 2587 3745 qui
2622 3685 2800 3731 morte
2840 3677 3049 3746 peccati
3101 3676 3428 3733 adiciuntur.

127 3770 272 3825 οὐκ
333 3762 471 3820 οῖδα
514 3762 689 3833 ὑμᾶς,
732 3763 823 3818 διὰ
866 3761 929 3817 τὸ
974 3761 1267 3834 σϐεσθῆναι
1312 3763 1413 3826 τὰς
1455 3762 1741 3832 λαμπάδας

1846 3764 1925 3821 Ne
1949 3766 2100 3821 dicas
2134 3768 2293 3823 nobis
2320 3787 2332 3820 :
2364 3768 2499 3834 ρυω
2526 3769 2736 3824 utilitas
2767 3771 2822 3823 in
2850 3772 3109 3840 sanguine
3138 3787 3271 3833 utea,
3304 3770 3450 3829 dum,

131 3857 326 3930 ὑμῶν
361 3855 543 3910 ελαίου
567 3851 869 3920 λείψαντος.
904 3852 1016 3905 Καὶ
1046 3851 1187 3921 μετὰ
1214 3851 1315 3921 τὴν
1346 3850 1511 3923 εὐχὴν
1540 3854 1741 3924 ταύτην

1845 3859 2101 3912 descendo
2133 3860 2186 3912 in
2237 3856 2626 3925 corruptionem
2649 3857 2691 3911 ‘1
2749 3857 2816 3913 Et
2850 3876 2865 3911 :
2903 3860 3068 3913 Amen
3113 3860 3234 3912 dico
3265 3859 3428 3923 vobis,

129 3944 539 4021 ςραῦνθεισης
565 3958 660 3994 σου
700 3942 802 4012 τῆς
830 3939 1077 4011 καρδίας,
1100 3940 1327 3996 δύνασαι
1372 3941 1556 3996 λοιπὸν
1609 3944 1741 4012 μετὰ

1848 3952 2021 4004 nescio
2053 3961 2227 4005 uos-ﬂ:
2262 3950 2333 4005 ob
2358 3949 2637 4018 lampades
2660 3948 2871 4005 scilicet
2896 3958 3111 4006 vestras
3132 3949 3432 4005 exstinctas

131 4038 441 4100 συνέσεως
465 4032 711 4104 καρδίας,
734 4030 876 4097 κατὰ
898 4032 962 4085 τὸ
981 4030 1341 4085 ἀποστολικδν
1376 4032 1747 4105 παράγγελμα

127 4126 389 4198 ιλὲγξαι
429 4126 524 4181 καὶ
573 4124 917 4195 ἐπιτιμῆσαι,
946 4123 1044 4179 καὶ
1096 4114 1245 4195 μετὰ·
1280 4124 1646 4194 συμπαθείας,
1672 4125 1749 4188 ὡς

131 4220 340 4296 μέλος
384 4215 613 4280 ἀσθενὲς
656 4213 993 4285 θεραπεῦσαι
1022 4214 1119 4270 καὶ
1162 4214 1579 4287 διορθώσασθαι.
1612 4216 1748 4273 Τότε

124 4314 266 4384 γὰρ
304 4308 406 4363 καὶ
438 4310 469 4361 6
496 4307 721 4377 ἁδελφὸς
766 4297 1119 4377 καταδέχεται
1152 4307 1254 4378 τὴν
1294 4307 1577 4379 διζρθωσιν
1611 4311 1750 4380 μετὰ

126 4400 570 4476 πληροφορίας,
598 4400 903 4469 καταγνοὺς
930 4398 1125 4453 ἑαυτοῦ
1160 4400 1256 4455 ἐπὶ
1280 4404 1345 4471 τῇ
1381 4401 1708 4473 σκληρότὴτι
1732 4419 1745 4433 -

1845 3314 1985 3367 tiosn
2028 3312 2296 3383 sanguine
2322 3315 2586 3384 unigeniti
2623 3314 2860 3371 Filii'tui
2901 3313 3209 3383 Servatoris
3234 3318 3428 3383 nostri;

1846 4042 1971 4096 oleo
2009 4041 2310 4097 deﬁciente.
2361 4041 2492 4097 Post
2527 4041 2913 4111 hujuscemodi
2953 4044 3256 4099 orationem
3302 4046 3434 4101 red-

1844 4142 2009 4189 eunte
2051 4133 2441 4209 tranquillitate
2492 4144 2549 4189 et
2599 4144 3021 4192 mansuescente
3069 4138 3234 4193 corde
3279 4150 3434 4209 potes

1848 4225 2108 4295 deinceps
2140 4240 2266 4281 cum
2298 4225 2586 4297 prudentia
2622 4236 2677 4284 et
2706 4227 3019 4283 humilitate
3047 4230 3253 4295 cordis,
3280 4229 3434 4296 juxta

1849 4319 2577 4389 praeceptumapostolicum
2597 4328 2626 4359 ι
2665 4335 2918 4391 arguere,
2946 4322 3251 4393 increpare,
3280 4321 3436 4375 obsc-
3506 4386 3509 4389 γ

1851 4424 2027 4475 crare,
2056 4419 2264 4465 etcum
2300 4410 2675 4467 misericordia
2712 4421 2775 4466 ut
2810 4411 3087 4468 inﬁrmum
3128 4412 3430 4466 membrum

1853 4515 2047 4555 curare
2074 4511 2128 4555 et
2153 4502 2383 4572 erigere.
2415 4498 2569 4554 Tunc
2590 4500 2737 4556 enim
2766 4509 2820 4556 et
2842 4501 3010 4558 frater
3036 4501 3432 4570 correptionem

1855 4596 2003 4661 tuam
2035 4588 2286 4643 admittet
2320 4603 2444 4642 cum
2477 4586 2674 4642 ﬁducia
2708 4598 2761 4643 et
2793 4589 3148 4659 persuasione
3181 4597 3351 4653 certa,
3385 4600 3436 4639 i-t

1856 4680 2096 4748 Seipsum
2128 4694 2251 4735 cum
2281 4679 2573 4748 asperitate
2606 4690 2885 4750 eoarguet,
2934 4681 3121 4748 sicque
3168 4693 3301 4746 pace
3340 4691 3433 4733 tua

125 4499 249 4555 καὶ
268 4493 483 4561 διὰτῆς
499 4495 718 4565 εἰρήνης
728 4491 1067 4564 εἰρηνεύσεις
1082 4491 1181 4563 τὴν
1192 4492 1356 4546 αὑτοῦ
1374 4493 1617 4564 καρδίαν.
1632 4496 1724 4567 Μη
1738 4527 1755 4535 λ-

125 4592 239 4647 δὶν
260 4586 464 4642 ⁸ιεοίνυν
482 4583 763 4656 χωριζέτω
781 4600 840 4637 σε
849 4584 951 4654 τῆς
973 4583 1132 4652 ἁγίας
1150 4583 1243 4637 τοῦ
1263 4585 1499 4655 Χριστοῦ
1520 4588 1755 4659 παραδό-

126 4694 308 4746 σεως
324 4697 346 4712 ο
371 4676 603 4734 Πάθετε
623 4674 725 4731 ἀπ’
741 4674 889 4744 ἐμοῦ
908 4674 997 4728 ὅτι
1012 4672 1203 4743 πρᾶός
1219 4680 1333 4745 ειμι
1356 4675 1452 4730 καί
1477 4679 1756 4746 ταπεινὸς

123 4776 223 4847 τῇ
260 4768 517 4839 καρδίᾳ.
534 4766 937 4837 Ἐπιμελεῐσθαι
965 4766 1075 4837 γὰρ
1102 4766 1209 4837 χρὴ
1238 4766 1453 4837 πρῶτον
1474 4769 1757 4841 εἰρηνικῆς

126 4860 593 4925 καταστάσεως,
610 4857 750 4912 ὥστε
780 4856 916 4927 μηδὲ
952 4858 1045 4910 ἐπὶ
1062 4856 1297 4921 δικαίαις
1338 4859 1694 4929 προφάσεσιν,
1721 4862 1741 4913 ’1

1856 4878 1885 4916 a
1917 4870 1969 4915 te
1994 4859 2241 4915 discedat
2270 4870 2457 4914 sancta
2486 4861 2575 4915 illa
2614 4864 2823 4919 Christi
2852 4861 3098 4916 doctrina
3128 4878 3142 4914 :
3176 4859 3376 4914 Discite
3406 4882 3435 4913 ιι

124 4955 403 5027 ἐντολῆς
420 4952 577 5024 δῆθεν
594 4949 752 5021 χάριν
767 4941 869 5020 ἰτὴν
889 4950 1116 5021 καρδίαν
1137 4950 1342 5017 θολοῦν,
1357 4952 1741 5023 πεπεισμένους

1859 4968 1940 5004 me
1986 4951 2113 5020 quia
2144 4949 2288 5003 mitis
2315 4966 2435 5003 sum
2462 4961 2512 5005 et
2542 4952 2757 5007 humilis
2788 4952 2943 5005 corde
2963 4960 3010 5003 °.
3046 4948 3103 5004 In
3135 4951 3436 5021 primisque

122 5053 223 5118 ὡς
263 5048 470 5109 πάσας
489 5046 582 5107 τὰς
604 5042 820 5106 ἐντολὰς
844 5042 1235 5114 ιπιτηδεύομεν
1262 5043 1481 5113 ἀγάπης
1498 5042 1663 5098 ἕνεκα
1684 5063 1741 5099 κα

1859 5041 1955 5096 tibi
1986 5039 2089 5109 ipsi
2120 5053 2357 5109 procura
2405 5042 2651 5112 quietum
2692 5051 2891 5099 statum
2938 5050 2991 5095 et
3024 5041 3332 5110 paciﬁcum,
3380 5052 3437 5117 ut

124 5147 260 5215 τῆς
290 5140 683 5211 καθαρότητος
702 5134 799 5204 τῆς
824 5134 1070 5203 καρδίας·
1097 5134 1240 5189 οὔτώ
1257 5135 1349 5190 τὸν
1369 5134 1597 5205 ἀδελφὸν
1625 5135 1741 5189 διοι-

1860 5132 2068 5199 scilicet
2096 5147 2376 5201 nunquam
2408 5150 2515 5189 non
2542 5138 2705 5207 justis
2740 5133 3143 5198 occasionibus,
3192 5149 3298 5188 non
3334 5135 3437 5187 im-

126 5235 307 5301 κῶν,
347 5232 604 5294 ἀκούσεις
643 5228 741 5299 τῆς
777 5224 1041 5295 λεγούσης
1082 5225 1298 5295 φωνῆς’
1354 5224 1497 5281 Ἐὰν
1541 5224 1741 5291 ἐξανά.

1860 5222 2081 5296 perandi
2129 5224 2342 5292 gratia,
2393 5227 2687 5298 aliquando
2736 5228 2789 5280 in
2844 5225 3206 5281 turbationem
3256 5222 3437 5280 cordis

219 5391 241 5444 ἱ
288 5386 662 5452 Luc.vi,57.
738 5380 947 5436 ilRom.
1008 5393 1124 5443 xu,
1163 5378 1251 5433 ει.
1334 5377 1533 5435 1P5al.
1603 5395 1735 5437 ms

1844 5377 1886 5432 Β.
1964 5375 2227 5433 mMatth.
2290 5394 2415 5447 xxv,
2468 5380 2555 5436 l3.
2631 5378 2859 5435 n(Scal-at.
2903 5396 2977 5443 vi,
3048 5398 3083 5435 ι.
3163 5389 3188 5415 ο
3245 5376 3430 5432 Matth.

120 5484 221 5530 χι,
288 5455 402 5514 29.

1485 5652 1718 5711 νΑιιιΔΞ
1739 5650 2143 5711 LECTIONES.

329 5794 657 5866 διαφθοράν.

486 5969 753 6034 Ρηιιοι..
797 5968 1310 6036 ϐεινιιΧΧΧΥίιΙ.
2013 6010 2017 6015 ρ
2072 6016 2075 6019 .
2996 5968 3065 6028 57

1856 4784 2042 4840 pacem
2072 4768 2228 4823 dabis
2251 4767 2405 4821 fratri
2433 4778 2487 4822 et
2509 4784 2605 4822 cor
2624 4769 2742 4835 ejus
2766 4768 3114 4826 exhilarabis.
3143 4765 3433 4836 Nunquam
3527 4780 3530 4785 ‘
