4020 6340
154 461 282 523 1805

1426 461 1801 522 DOCTRINA

1864 461 2081 521 XVIII.
3234 462 3364 522 i836

151 571 416 643 κλασθῇ,ἢ
440 570 754 635 ἀπόλλυται,
780 572 856 644 μὴ
881 574 1240 646 μεριμνήσῃς.
1262 573 1435 628 Τοῦτο
1452 577 1508 629 δὲ
1538 576 1712 630 ποιεῖν

1824 573 1998 641 iratcr,
2028 572 2184 628 dato.
2228 570 2284 626 Si
2313 571 2441 643 quid
2490 572 2721 627 fraetum
2752 573 2834 628 vel
2878 572 3136 629 amissum
3184 576 3365 640 fuerit,

151 660 396 727 ὀφείλεις,
447 662 543 731 οὐχ
590 661 664 725 ὡς
713 662 1067 733 καταφρονῶν
1115 662 1224 717 τῶν
1245 664 1451 718 σκευῶν
1486 663 1580 718 τοῦ
1614 682 1711 735 μο-

151 754 456 823 ναστηρίου’
486 758 779 824 χρεωστείς
811 756 918 825 γὰρ
972 756 1121 827 πάσῃ
1167 758 1392 827 δυνάμει
1437 758 1533 811 καὶ
1564 757 1714 830 πάσῃ

153 844 351 914 σπουδῇ
378 846 681 915 φροντίζειν
708 848 883 901 αὑτῶν
904 864 919 879 ο
952 848 1067 902 ἀλλ’
1096 850 1171 913 ὡς
1214 850 1385 905 θέλων
1413 851 1475 904 τὸ
1504 852 1713 922 ἁτάρα·

150 953 236 1003 χον
262 936 361 987 καὶ
393 936 657 1007 ἀθόρυϐον
687 938 880 992 ἑαυτοῦ
901 940 1205 1009 φυλάττειν·
1243 943 1501 998 δεικνύων
1526 945 1612 997 ἀεὶ
1637 944 1716 1017 τῷ

151 1026 263 1097 Θεῷ
284 1030 347 1081 τὸ
376 1030 518 1084 κατὰ
547 1031 793 1102 δύναμιν.
826 1032 997 1088 Τοῦτο
1037 1034 1092 1088 δὲ
1116 1036 1457 1109 κατορθῶσαι
1486 1038 1712 1111 δυνήσῃ,

150 1120 241 1172 ἐὰν
271 1120 350 1192 μὴ
379 1122 453 1184 ὼς
476 1124 584 1177 ῐδια
617 1126 770 1194 οῖκῇς
797 1124 865 1177 τὰ
900 1127 1219 1197 πράγματα,
1255 1131 1371 1183 ἀλλ’
1391 1131 1561 1201 ὼςτῷ
1596 1132 1717 1203 Θεῷ

150 1212 501 1285 ἀνακείμενα,
543 1218 638 1269 καὶ
674 1217 833 1286 μόνον
851 1218 1056 1273 τούτων
1087 1222 1394 1286 πιστευθεὶς
1417 1223 1514 1295 τὴν
1557 1240 1719 1295 φρον-

150 1304 286 1357 τίδα.
316 1306 392 1359 Τὸ
432 1308 529 1376 μὲν
566 1312 673 1379 γάρ
703 1311 840 1375 ἐστι,
889 1313 961 1382 μὴ
999 1314 1391 1384 προσπάσχειν,
1431 1314 1612 1381 καθὼς
1637 1313 1716 1370 εἷ-

156 1415 273 1459 πον,
298 1397 362 1451 τδ
390 1398 465 1463 δὲ,
492 1400 565 1468 μὴ
589 1406 955 1473 καταφρονεῖν
983 1405 1409 1474 παρασκευάζει.
1434 1406 1497 1459 Εἰ
1516 1407 1575 1460 δὲ
1598 1408 1718 1461 τοῦ-

151 1505 240 1539 τον
268 1488 373 1541 οὐκ
410 1489 539 1559 ἔχῃς
566 1491 653 1543 τὸν
682 1493 904 1559 σκοπὸν,
948 1491 1161 1563 θάρσει,
1205 1496 1264 1549 ού
1307 1496 1384 1567 μὴ
1414 1497 1599 1571 παύσῃ
1621 1516 1719 1553 τα-

156 1575 486 1651 ρασσόμενος
547 1583 641 1637 καὶ
667 1585 969 1659 ταράσσων.

827 1863 1159 1934 Ἐρώτησις.

1814 675 1908 720 aut
1942 681 2007 719 ex
2047 666 2390 736 negligentia,
2442 674 2536 720 aut
2589 682 2653 721 ex
2718 665 3019 721 inversione
3065 656 3370 734 supellecti-

1813 754 1967 822 lium,
1999 771 2067 811 ne
2090 770 2248 810 cures
2294 766 2351 811 et
2377 756 2611 826 angaris.
2650 757 2823 811 Debes
2856 765 3032 811 autem
3064 757 3166 809 hoc
3195 755 3373 810 facere

1813 862 1923 902 non
1952 855 2012 901 ut
2045 858 2386 918 contemptor
2432 863 2611 902 rerum
2659 848 2994 912 monasterii,
3044 863 3181 917 quas
3227 847 3372 900 υιιιιιὶ

1814 953 1945 993 cura
1972 947 2028 995 et
2054 939 2231 1005 studio
2264 954 2456 993 curare
2488 954 2584 1008 per
2610 947 2713 1003 est,
2746 940 2841 994 sed
2870 950 2930 993 ut
2958 940 3185 1005 teipsum
3230 948 3374 991 tran-

1812 1031 2044 1103 quillum
2088 1041 2141 1086 et
2179 1032 2298 1087 sine
2323 1032 2559 1087 tumultu
2604 1042 2698 1087 aut
2741 1031 3149 1101 perturbatione
3198 1032 3377 1099 aliqua

1816 1124 2039 1180 habeas.
2094 1122 2415 1179 Demonstra
2455 1139 2669 1193 semper
2712 1121 2824 1178 Deo
2872 1123 3134 1193 quidquid
3185 1131 3373 1191 potes:

1814 1214 1919 1271 hoc
1944 1223 2125 1270 autem
2162 1225 2301 1270 recte
2344 1215 2545 1283 poteris
2577 1214 2772 1280 facere,
2818 1213 2866 1267 si
2912 1229 3000 1268 res
3032 1213 3381 1267 administra-

1814 1312 1958 1366 veris
1990 1326 2097 1367 non
2122 1322 2375 1389 tanquam
2404 1310 2675 1381 proprias,
2704 1310 2798 1365 sed
2828 1310 2905 1364 uti
2936 1310 3047 1365 Deo
3073 1310 3378 1378 subiectas.

1815 1412 1871 1457 et
1894 1412 2045 1459 certo
2067 1406 2257 1459 credas
2283 1403 2473 1457 harum
2506 1412 2713 1458 tantum
2742 1417 2923 1457 veram
2955 1416 2984 1455 a
3012 1402 3170 1457 nobis
3196 1416 3380 1455 curam

1818 1494 2142 1550 habendam.
2186 1494 2301 1551 Hoc
2333 1496 2476 1551 enim
2518 1495 2623 1564 (ut
2656 1494 2808 1561 dixi)
2844 1492 2991 1556 facit,
3022 1506 3087 1546 ne
3136 1492 3219 1545 his
3269 1489 3383 1544 atii-

1817 1585 2004 1651 ciaris,
2029 1601 2205 1656 neque
2230 1596 2572 1641 contemnas:
2606 1585 2750 1656 quod
2781 1586 2827 1642 si
2852 1582 3223 1653 hujuscemodi
3258 1597 3387 1635 cen-

1818 1676 2199 1732 siderationem
2235 1693 2343 1731 non
2404 1676 2677 1741 habueris,
2723 1686 2928 1731 certum
2977 1674 3116 1729 habe
3162 1671 3287 1739 quia
3336 1681 3388 1725 et

1818 1778 1878 1824 tu
1906 1770 2044 1825 alios
2090 1778 2144 1831 et
2177 1777 2227 1825 te
2257 1769 2347 1823 alii
2376 1770 2625 1840 pluribus
2673 1768 2908 1825 afticient
2938 1766 3221 1823 molestiis.

2422 1861 2798 1933 Interrogatio.

220 1945 335 2000 Τοῦ
382 1947 642 2019 λογισμοῦ
693 1953 971 2024 χαίροντος
1019 1959 1079 2011 ὲν
1122 1961 1232 2023 τοῖς
1283 1961 1463 2030 λόγοις
1490 1964 1722 2032 τούτοις,

1894 1958 2045 2014 Mens
2090 1973 2207 2013 mea
2238 1958 2293 2028 in
2336 1956 2422 2012 his
2465 1955 2643 2009 verbis
2681 1955 2788 2009 tuis
2834 1952 3088 2015 exsultat,
3138 1961 3188 2006 et
3241 1956 3387 2018 optat

151 2042 249 2094 καὶ
282 2040 533 2105 Θέλοντος
568 2040 707 2097 εἶναι
742 2047 947 2115 οὕτως,
985 2051 1151 2105 πόθεν
1176 2054 1273 2125 οὐχ
1296 2057 1618 2128 εὑρίσκομαι
1644 2062 1725 2125 εἰς

147 2130 249 2199 τὴν
276 2129 429 2201 ὥραν
464 2131 557 2185 τοῦ
590 2138 911 2208 πράγματος
952 2140 1168 2213 ἕτοιμος
1197 2163 1213 2214 ;

790 2231 1140 2303 Ἀπόκρισις.
1186 2280 1187 2283 η

230 2318 458 2394 Ἐπειδὴ
488 2322 547 2375 ού
602 2322 831 2397 μελετᾷς
869 2327 1008 2382 αὐτὰ
1055 2332 1303 2390 πάντοτε.
1355 2335 1416 2389 Ei
1455 2336 1513 2389 δὲ
1552 2335 1726 2399 Θέλεις

145 2409 298 2481 ἔχειν
344 2411 487 2467 αὐτὰ
527 2416 585 2467 ὲν
624 2414 823 2487 καιρῷ,
860 2417 1091 2471 πάντοτε
1121 2421 1261 2473 αὐτὰ
1310 2422 1510 2492 μελέτα
1539 2425 1635 2478 καὶ
1668 2427 1727 2478 ὲν

140 2504 365 2567 τούτοις
397 2504 505 2560 ἴσθι
535 2521 550 2535 ’
589 2508 683 2560 καὶ
699 2508 937 2561 πιστεύω
972 2509 1050 2580 τῷ
1071 2510 1214 2582 Θεῷ,
1238 2514 1319 2568 ὅτι
1349 2514 1565 2587 μέλλεις
1588 2534 1726 2587 προ-

142 2597 397 2651 κόπτεινὲ
433 2598 541 2670 Τὴν
572 2597 881 2670 προσευχὴν
915 2601 1174 2675 σύγκρινε
1212 2608 1279 2676 τῇ
1338 2607 1536 2681 μελέτῃ
1562 2624 1576 2638 ⁸
1604 2610 1729 2675 τοὺς

141 2687 404 2751 ἀσθενεῖς
429 2687 703 2760 θεράπευε
732 2708 745 2721 ·
779 2694 997 2764 πρῶτον
1028 2697 1147 2767 μὲν,
1191 2698 1279 2751 ῐνα
1313 2702 1490 2772 κτήσῃ
1519 2703 1583 2755 ὲκ
1604 2702 1730 2755 τού-

139 2795 245 2832 του
282 2781 649 2849 συμπάθειαν,
689 2784 766 2847 ὠς
799 2786 1059 2851 πολλάκις
1104 2784 1278 2855 εἷπον,
1309 2788 1501 2844 ἔπειτα
1525 2792 1604 2857 δὲ,
1640 2793 1729 2846 ἵνα

141 2874 248 2927 καὶ
274 2874 342 2928 σὺ
374 2875 464 2928 ὅτε
498 2876 695 2947 δήποτε
722 2878 1059 2951 άσθενήσεις,
1100 2880 1289 2954 ἐγείρῃ
1316 2884 1343 2935 ὁ
1374 2882 1507 2947 Θεὸς
1533 2884 1627 2937 τὸν
1647 2885 1730 2938 θε-

143 2969 472 3039 ραπεύοντά
492 2988 572 3025 σε.
610 2974 706 3024 Ἑν
746 2968 794 3039 ᾧ
817 2974 925 3043 γὰρ
969 2974 1181 3044 μέτρῳ,
1253 2978 1405 3047 φησὶ,
1442 2978 1728 3047 μετρεῖτε,

1825 2051 1950 2105 talis
1977 2064 2099 2104 esse
2131 2049 2345 2118 qualem
2392 2049 2659 2113 instruis;
2704 2046 2934 2100 miratur
2976 2055 3155 2098 autem
3197 2058 3291 2098 cur
3337 2042 3387 2095 i'n

1825 2143 1956 2198 hora
1992 2140 2165 2211 ipsius
2199 2140 2275 2194 rei
2306 2156 2413 2193 non
2446 2140 2517 2195 sit
2546 2150 2791 2208 prompta
2823 2148 2877 2193 et
2904 2145 3111 2207 parata.

2452 2229 2733 2299 Responsio
2749 2271 2761 2283 .

1894 2324 1972 2380 Ea
2008 2340 2168 2380 causa
2215 2332 2299 2379 est
2325 2322 2470 2393 quod
2507 2322 2596 2375 illa
2640 2321 2897 2375 continue
2936 2334 3043 2373 non
3074 2318 3388 2373 meditaris:

1828 2434 1952 2473 nam
1978 2419 2024 2473 si
2055 2418 2169 2472 haec
2200 2427 2385 2486 parata
2416 2413 2651 2469 volueris
2681 2411 2737 2466 in
2772 2410 3009 2483 tempore
3039 2426 3139 2465 suo
3170 2412 3389 2471 habere,

1828 2523 1888 2566 ut
1910 2511 2296 2582 praemediteris
2324 2509 2411 2563 illa
2436 2522 2655 2562 necesse
2678 2514 2780 2569 est,
2803 2513 2858 2559 et
2885 2503 2938 2558 in
2973 2504 3059 2559 his
3082 2517 3389 2573 persevera.

1826 2604 2046 2660 Certum
2082 2604 2253 2658 habeo
2279 2612 2331 2657 et
2363 2602 2526 2657 credo
2570 2600 2680 2655 Deo
2724 2607 2778 2653 te
2822 2595 3211 2667 profecturum.
3260 2594 3392 2650 Ora-

1829 2698 2029 2752 tionem
2070 2696 2400 2750 meditationi
2436 2704 2684 2749 annecte.
2718 2691 2970 2747 Intirmos
3003 2705 3135 2744 cura
3164 2688 3393 2758 diligen-

1827 2798 1927 2853 ter,
1972 2797 2027 2841 et
2070 2787 2155 2841 his
2183 2797 2489 2855 compatere
2534 2794 2587 2839 et
2620 2785 2897 2849 miserere,
2952 2792 3009 2837 ut
3056 2797 3195 2851 serpe
3238 2781 3391 2848 dixi;

1826 2894 1936 2950 quo
1974 2885 2029 2935 te
2060 2891 2243 2949 postea
2275 2878 2522 2933 fortassis
2559 2882 2851 2945 aegrotante
2878 2875 3075 2929 excitet
3118 2874 3261 2950 Deus
3290 2875 3392 2929 ali-

1828 2948 1988 3044 nnem
2021 2974 2113 3044 qui
2156 2972 2251 3029 tibi
2298 2972 2568 3027 ministret
2612 2981 2665 3025 et
2718 2968 2953 3025 serviat:
2997 2966 3063 3021 In
3096 2948 3199 3037 qu'a
3248 2966 3392 3021 enim

138 3062 722 3133 ἀντιμετρηθήσεται
734 3066 1027 3136 ὑμῖν-,Ἐὰν
1045 3069 1291 3141 σπεύσῃς
1312 3075 1483 3127 ποιεῖν
1499 3076 1727 3146 πρᾶγμα

1831 3084 2096 3143 mensura,
2127 3070 2221 3133 ait,
2256 3069 2417 3122 mensi
2464 3066 2693 3135 fueritis,
2726 3065 3024 3119 remetietur
3055 3072 3105 3117 et
3152 3063 3292 3117 vobis
3320 3072 3347 3113 ‘t
3377 3099 3393 3115 .

143 3155 303 3225 μετὰ
339 3156 440 3225 τῆς
463 3158 821 3228 συνειδήσεως
860 3160 997 3231 πρὸς
1026 3161 1126 3233 τὴν
1176 3162 1404 3233 δύναμίν
1438 3182 1556 3229 σου,
1594 3167 1727 3220 είόἐ-

1834 3163 2002 3216 Stude
2031 3162 2215 3217 omnia
2258 3176 2379 3231 cum
2427 3158 2758 3214 conscientia
2812 3155 2989 3211 facere
3016 3198 3031 3221 ,
3078 3164 3132 3210 et
3187 3164 3393 3210 certum

141 3246 514 3341 ναιόφείλεις
554 3249 648 3303 καὶ
697 3250 889 3303 ἑαυτὸν
924 3252 1307 3325 πληροφορεῖν,
1353 3256 1436 3309 ὅτι
1463 3256 1561 3327 τὴν
1600 3257 1727 3327 άλη-

1834 3253 1973 3308 habe
2016 3262 2067 3307 te
2108 3238 2348 3307 nondum
2388 3250 2529 3304 viam
2584 3264 2745 3319 quam
2793 3248 3057 3313 ambules,
3110 3247 3373 3313 reperisse

142 3340 318 3411 θινὴν
337 3340 457 3395 ὁδὸν
480 3340 633 3395 οὔπω
665 3338 837 3409 οἶδας,
883 3344 977 3397 καὶ
1023 3345 1260 3415 ὀφείλεις
1296 3349 1586 3419 ἀταράχως
1634 3353 1727 3407 καὶ

1830 3359 1952 3399 cum
1983 3342 2225 3398 audieris
2251 3344 2302 3396 in
2335 3342 2387 3397 id
2430 3340 2748 3410 collapsum,
2790 3338 2937 3409 quod
2972 3350 3021 3393 te
3052 3337 3394 3392 existimat-as

139 3432 443 3497 άθλίπτως
482 3434 576 3487 καὶ
619 3435 757 3505 μετὰ
793 3436 970 3506 χαρᾶς
1002 3435 1278 3507 δέχεσθαι,
1324 3439 1412 3491 ὅτε
1435 3439 1727 3515 άκούσεις,

1832 3438 2007 3492 facere
2028 3452 2151 3493 cum
2180 3436 2529 3509 conscientia.
2558 3433 2748 3489 Omnia
2772 3432 2889 3487 sine
2915 3431 3244 3493 turbatione,
3276 3431 3395 3485 sine

140 3523 236 3575 ὃτι
276 3521 524 3593 ἐσφάλης
557 3526 636 3587 εἰς
667 3526 853 3585 ,ἐκεῖνο
878 3525 906 3578 ὃ
926 3525 1183 3597 ἐνόμισας
1210 3532 1385 3583 ποιεῖν
1434 3533 1575 3601 μετὰ
1605 3548 1727 3585 συν-

1835 3530 2101 3595 molestia,
2132 3544 2255 3583 cum
2286 3527 2487 3597 gaudio
2512 3526 2747 3595 suscipe.
2788 3523 3000 3579 iudicio
3038 3522 3392 3592 coreqnaliuna

139 3615 444 3686 ειδήσεως.
476 3616 555 3687 Τῇ
588 3617 697 3687 γὰρ
727 3618 909 3688 κρίσει
937 3617 1046 3673 τῶν
1076 3620 1412 3693 συνεταίρων
1446 3639 1563 3690 σου,
1603 3624 1736 3677 πάν-

136 3722 261 3767 τως
295 3703 332 3775 ἢ
380 3704 446 3758 τὸ
498 3704 927 3776 ἀπολειπόμενον
992 3707 1320 3780 διορθοῦται,
1370 3710 1404 3781 ἢ
1449 3710 1510 3764 τὸ
1554 3712 1736 3775 καλῶς

135 3796 450 3865 γινόμενον
484 3795 887 3867 ἀσφαλέστερον
932 3797 1163 3866 γίνεται.
1206 3801 1483 3867 Σπούδαζε
1535 3804 1737 3874 προκό-

133 3890 279 3958 ψαι,
318 3887 404 3940 ἵνα
433 3886 533 3940 ὲάν
564 3887 747 3960 συμϐῇ
777 3905 859 3943 σοι
877 3889 1127 3962 ﬁtting?)
1165 3893 1546 3966 σωματικῶςῆ
1570 3912 1737 3948 πνευ-

141 3977 442 4053 ματικῶς,
493 3978 766 4043 ἀθλίπτως
822 3981 918 4034 καὶ
962 3980 1185 4054 ἀσαρῶς
1240 3984 1335 4037 καὶ
1377 3984 1499 4055 μεθ’
1532 3986 1737 4056 ὑπομο-

136 4075 253 4146 νῆς
279 4070 517 4143 δυνηθῇς
553 4071 842 4143 βαστάσαι.
894 4072 1021 4127 Ἐὰν
1049 4074 1287 4145 ἀκούσῃς
1342 4074 1425 4128 ὅτι
1471 4076 1747 4145 ἐποίησας

137 4167 403 4237 πρᾶγμα
428 4164 563 4232 ὅπερ
591 4164 691 4218 οὐκ
715 4165 1001 4237 ἐποίησας,
1037 4167 1113 4239 μὴ
1146 4165 1381 4238 θῳηθῇς
1425 4166 1560 4229 ὅλως
1600 4165 1736 4237 μηδὲ

134 4260 349 4329 πυρῇς
373 4273 389 4289 ·
423 4255 537 4332 ἀλλξ
570 4255 771 4320 εὐθέως
800 4256 930 4327 βάλε
957 4260 1249 4329 μετάνοιαν
1284 4258 1362 4331 τῷ
1395 4262 1602 4313 εἰπόντι
1629 4276 1743 4337 σοι,⁵

140 4349 313 4421 μετὰ
348 4350 729 4414 ταπεινώσεως
768 4347 941 4417 λέγων
992 4352 1144 4423 αὐτῷ
1169 4370 1184 4384 ο
1209 4350 1573 4423 Συγχώρησόν
1619 4368 1733 4423 μοι,

135 4440 255 4494 καὶ
281 4434 440 4503 εὖξαι
460 4441 604 4512 ὑπὲρ
643 4438 800 4512 ἐμοῦ,
832 4441 929 4494 καὶ
961 4440 1142 4495 σιώπα
1172 4443 1336 4514 μέχρι
1380 4443 1601 4497 τούτου·
1637 4460 1727 4497 κα-

1834 4450 2040 4512 ειίνοει
2061 4440 2179 4495 hazc
2206 4442 2427 4495 omnino
2455 4438 2728 4493 silentium
2753 4437 2919 4508 agito.
2955 4437 3049 4493 Sin
3076 4450 3201 4489 vero
3232 4430 3414 4488 inter!

140 4531 274 4594 θὼς
312 4531 411 4583 καὶ
444 4532 495 4583 οἱ
526 4532 771 4606 Πατέρες
809 4526 982 4587 εἷπον.
1042 4532 1166 4585 Ἐὰν
1200 4531 1259 4584 δὲ
1298 4534 1594 4603 ἐρωτηθεὶς
1640 4533 1727 4589 im”

1835 4543 2059 4604 rogatus
2104 4531 2273 4587 fueris
2319 4543 2576 4591 verumne
2622 4528 2694 4585 sit
2738 4530 2882 4601 quod
2929 4528 3119 4584 fecisse
3154 4526 3398 4593 diceris;

138 4621 364 4686 αὐτοῦ,
395 4624 445 4675 ει
473 4622 676 4694 ἀληθές
716 4626 833 4679 ἐστι
871 4624 934 4678 τὸ
980 4624 1233 4695 πρᾶγμα,
1270 4622 1417 4695 ἢοῦ,
1455 4625 1577 4678 τότε
1611 4626 1727 4696 βάλε

1843 4636 1964 4698 post
2009 4626 2414 4682 inclinationem
2469 4625 2717 4694 corporis
2761 4610 2885 4681 cum
2943 4621 3397 4685 mansuetudine,

145 4714 467 4789 μετάνοιαν
498 4714 635 4785 μετὰ
655 4715 1059 4781 ταπεινώσεως,
1080 4715 1255 4785 λέγων
1306 4716 1445 4785 μετὰ
1477 4715 1727 4787 ἀληθείας

1838 4718 2001 4791 453
2036 4735 2150 4775 rem
2196 4732 2408 4774 onmem
2442 4716 2633 4769 ordine
2672 4733 2774 4774 suo
2804 4732 2923 4771 cum
2967 4714 3190 4768 veritate
3222 4716 3403 4767 mani-

142 4809 289 4873 πῶς
312 4804 381 4876 ἦν
401 4806 462 4861 τὸ
492 4808 746 4878 πρᾶγμα.
774 4810 885 4863 Καὶ
914 4810 1032 4879 μεθ’
1054 4809 1083 4863 ὃ
1103 4809 1281 4879 λέγειν
1312 4807 1473 4861 πάλιν
1492 4806 1621 4878 βάλε
1642 4828 1727 4882 με-

1841 4812 2002 4867 festa.
2029 4812 2094 4868 Et
2128 4814 2231 4867 hoc
2258 4811 2425 4873 dicto,
2456 4825 2672 4865 rursum
2708 4824 2933 4879 corpore
2961 4806 3225 4861 inclinato
3247 4823 3401 4861 reve-

134 4905 393 4958 τάνοιαν
440 4903 579 4972 μετὰ
648 4891 1053 4972 ταπεινώσεως,
1122 4900 1321 4975 λέγων,
1369 4902 1727 4977 Συγχώρησόι

1841 4888 2072 4959 tentiam
2106 4902 2389 4967 exhibens,
2421 4908 2481 4955 ut
2516 4916 2613 4972 pro
2643 4911 2694 4957 te
2738 4899 2999 4971 supplicet
3038 4898 3321 4961 altissimo,
3351 4912 3404 4954 et

1833 3634 1885 3677 te
1914 3623 2092 3686 crede,
2125 3636 2248 3676 cum
2277 3620 2377 3675 vel'
2399 3623 2544 3691 quod
2583 3619 2764 3673 minus
2804 3616 3108 3681 videbatur,
3157 3614 3394 3679 additur,

1832 3711 1916 3766 vel
1944 3707 2088 3782 quod
2116 3712 2253 3783 bene
2282 3720 2461 3767 actum
2504 3706 2702 3773 fuerat,
2735 3708 2929 3763 melius
2962 3717 3016 3761 et
3046 3706 3249 3761 rectius
3294 3708 3398 3760 ite-

1832 3811 2003 3857 ratur.
2037 3800 2111 3855 Da
2140 3816 2357 3869 Operam
2388 3810 2448 3854 ut
2476 3788 2731 3869 proﬁcias
2760 3817 2773 3850 :
2806 3806 2867 3851 ut
2907 3814 3032 3852 cum
3063 3799 3157 3851 tibi
3182 3798 3397 3852 afflictio

1834 3893 2014 3963 aliqua
2040 3893 2125 3947 vel
2150 3892 2448 3962 spiritualis
2475 3891 2559 3946 vel
2583 3888 2884 3959 corporalis
2915 3888 3222 3959 contigerit,
3252 3890 3395 3943 illam

1832 4000 1957 4038 cum
2004 3984 2153 4037 omni
2208 3981 2466 4053 patientia
2505 3980 2647 4037 ferre
2688 3990 2741 4036 ct
2782 3981 3052 4036 sustinere
3096 3996 3313 4050 queas..
3342 3980 3398 4037 Si

1833 4076 2071 4133 audieris
2096 4076 2202 4131 dici
2232 4075 2426 4131 fecisse
2447 4087 2500 4131 te
2520 4090 2637 4130 rem
2664 4074 2827 4129 ullam
2858 4088 3020 4142 quam
3048 4088 3153 4127 non
3186 4073 3397 4141 feceris,

1834 4183 1903 4224 ne
1930 4167 2185 4231 turberis,
2215 4182 2283 4223 ne
2310 4166 2726 4230 commovearis,
2757 4162 2849 4218 sed
2878 4162 3022 4219 illico
3052 4164 3401 4219 inclinatione

1834 4261 2080 4333 corporis
2109 4260 2660 4322 honoremexhibens,
2686 4258 2833 4310 illum
2859 4256 2951 4326 qui
2985 4256 3080 4313 tibi
3109 4256 3396 4320 id-dixerit,

1835 4362 1897 4409 ut
1924 4353 2023 4408 tibi
2048 4354 2284 4408 dimittat
2309 4363 2363 4408 et
2393 4362 2510 4407 oret
2542 4364 2639 4421 pro
2673 4359 2721 4403 te
2756 4364 2879 4405 cum
2914 4350 3218 4404 humilitate
3250 4362 3395 4418 roga,

138 5015 259 5068 μοι
293 4999 393 5052 καὶ
413 4992 566 5064 εὖξαι
597 4995 749 5066 μένοι
776 4992 843 5050 ⁸¹.

811 5087 1147 5157 Ἐρώτησις.

227 5181 307 5234 ΤΞ
346 5165 578 5252 ποιήσω,
605 5184 687 5236 ὅτι
713 5180 777 5235 ού
815 5181 916 5252 τὴν
943 5182 1113 5254 αὐτὴν
1157 5186 1265 5255 ἔχω
1307 5181 1640 5237 κατάστασιν
1683 5184 1743 5236 ὲν

134 5277 225 5345 τῇ
278 5276 586 5348 ἀπαντήσει
612 5274 721 5329 τῶν
745 5272 993 5343 ἀδελφῶν
1019 5292 1034 5338 ἶ

810 5459 1168 5526 Ἀπόκρισις.

234 5551 359 5616 Τὴν
391 5549 490 5617 μὲν
523 5552 694 5623 αὐτὴν
726 5551 1056 5606 κατάστασιν
1101 5554 1161 5605 ἐν
1194 5556 1259 5624 τῇ
1305 5552 1603 5623 ἀπαντήσει
1633 5554 1741 5607 τῶν

230 5700 263 5737 q
295 5685 485 5739 Matth.
529 5702 624 5753 vn,
670 5690 723 5742 2.

1847 4997 2058 5052 veniam
2087 4996 2197 5061 det,
2225 5002 2431 5064 rogato.

2432 5085 2802 5155 Interrogatio.

1918 5180 2054 5247 Quid
2090 5178 2327 5234 faciam?
2354 5176 2472 5234 Non
2501 5180 2645 5234 enim
2684 5176 2735 5229 id
2782 5174 2910 5229 mihi
2945 5183 3029 5229 est
3070 5175 3236 5230 animi
3278 5192 3400 5231 cum

1845 5275 2041 5328 fratres
2072 5274 2261 5327 obvios
2289 5274 2547 5338 habuero,
2574 5279 2667 5325 aut
2694 5269 2758 5325 ad
2794 5269 2896 5323 hoc
2920 5284 3005 5325 tne
3028 5281 3325 5340 promptum
3348 5278 3404 5324 et

1843 5373 2086 5435 paratum
2119 5364 2351 5418 offendo.

2471 5456 2776 5523 Responsio.

1906 5544 1969 5606 Tn
1997 5552 2184 5607 eodem
2219 5564 2357 5609 statu
2391 5566 2509 5607 esse
2532 5565 2745 5619 semper
2778 5550 2914 5603 haud
2947 5556 3113 5626 potes,
3148 5545 3272 5601 dum
3297 5543 3403 5598 fra-

1462 5796 1693 5854 νΑιιιΑλ
1726 5798 2128 5858 LECTIONES.

239 5918 291 5948 ⁸⁸
329 5916 519 5973 Μένοι.
560 5914 695 5981 ὑπὲρ
724 5918 876 5981 ἐμοῦ.
