  <div class='ocr_page' id='page_1' title='image "/cluster/home/n/w/nwhite01/storage/ocr_20150623/88/pst.000005712946/943.png"; bbox 0 0 4020 6340; ppageno 0'>
   <div class='ocr_carea' id='block_1_1' title="bbox 669 430 803 495">
    <p class='ocr_par' dir='ltr' id='par_1_1' title="bbox 669 430 803 495">
     <span class='ocr_line' id='line_1_1' title="bbox 669 430 803 495; baseline 0 -2"><span class='ocrx_word' id='word_1_1' title='bbox 669 430 803 495; x_wconf 84' lang='grc'><strong>1807</strong></span> 
     </span>
    </p>
   </div>
   <div class='ocr_carea' id='block_1_2' title="bbox 1842 423 2700 488">
    <p class='ocr_par' dir='ltr' id='par_1_2' title="bbox 1842 423 2700 488">
     <span class='ocr_line' id='line_1_2' title="bbox 1842 423 2700 488; baseline 0 -1"><span class='ocrx_word' id='word_1_2' title='bbox 1842 426 1904 488; x_wconf 92' lang='lat' dir='ltr'><strong>S.</strong></span> <span class='ocrx_word' id='word_1_3' title='bbox 1960 423 2345 486; x_wconf 77' lang='lat' dir='ltr'><strong>DAROTHEI</strong></span> <span class='ocrx_word' id='word_1_4' title='bbox 2386 424 2700 487; x_wconf 77' lang='lat' dir='ltr'><strong>ABBATIS</strong></span> 
     </span>
    </p>
   </div>
   <div class='ocr_carea' id='block_1_3' title="bbox 3762 428 3876 497">
    <p class='ocr_par' dir='ltr' id='par_1_3' title="bbox 3762 428 3876 497">
     <span class='ocr_line' id='line_1_3' title="bbox 3762 428 3876 497; baseline 0 0"><span class='ocrx_word' id='word_1_5' title='bbox 3762 428 3876 497; x_wconf 62' lang='grc' dir='ltr'><strong>ηδε</strong></span> 
     </span>
    </p>
   </div>
   <div class='ocr_carea' id='block_1_4' title="bbox 661 533 2232 610">
    <p class='ocr_par' dir='ltr' id='par_1_4' title="bbox 661 535 2216 608">
     <span class='ocr_line' id='line_1_4' title="bbox 661 535 2216 608; baseline -0.003 -12"><span class='ocrx_word' id='word_1_6' title='bbox 661 544 835 596; x_wconf 88' lang='lat' dir='ltr'><strong>tribus</strong></span> <span class='ocrx_word' id='word_1_7' title='bbox 868 539 976 594; x_wconf 84' lang='lat' dir='ltr'><strong>tuis</strong></span> <span class='ocrx_word' id='word_1_8' title='bbox 1005 537 1194 595; x_wconf 86' lang='lat' dir='ltr'><strong>obvias</strong></span> <span class='ocrx_word' id='word_1_9' title='bbox 1219 554 1233 594; x_wconf 90' lang='lat'><strong>:</strong></span> <span class='ocrx_word' id='word_1_10' title='bbox 1264 536 1358 593; x_wconf 75' lang='lat' dir='ltr'><strong>sed</strong></span> <span class='ocrx_word' id='word_1_11' title='bbox 1386 536 1601 603; x_wconf 85' lang='lat' dir='ltr'><strong>interim</strong></span> <span class='ocrx_word' id='word_1_12' title='bbox 1631 535 1699 594; x_wconf 86' lang='lat' dir='ltr'><strong>da</strong></span> <span class='ocrx_word' id='word_1_13' title='bbox 1720 547 1941 608; x_wconf 82' lang='lat' dir='ltr'><strong>cperam</strong></span> <span class='ocrx_word' id='word_1_14' title='bbox 1970 551 2039 593; x_wconf 87' lang='lat' dir='ltr'><strong>ue</strong></span> <span class='ocrx_word' id='word_1_15' title='bbox 2064 552 2216 593; x_wconf 80' lang='lat' dir='ltr'><strong>scan-</strong></span> 
     </span>
    </p>
   </div>
   <div class='ocr_carea' id='block_1_5' title="bbox 2337 533 3876 610">
    <p class='ocr_par' dir='ltr' id='par_1_5' title="bbox 2337 533 3876 610">
     <span class='ocr_line' id='line_1_5' title="bbox 2337 533 3876 610; baseline 0.005 -20"><span class='ocrx_word' id='word_1_16' title='bbox 2337 535 2569 605; x_wconf 69' lang='grc' dir='ltr'>ὶδελφῶν</span> <span class='ocrx_word' id='word_1_17' title='bbox 2608 535 2763 591; x_wconf 76' lang='grc' dir='ltr'>οὔπω</span> <span class='ocrx_word' id='word_1_18' title='bbox 2790 533 3018 594; x_wconf 79' lang='grc' dir='ltr'>δύνασαι</span> <span class='ocrx_word' id='word_1_19' title='bbox 3047 537 3193 610; x_wconf 70' lang='grc' dir='ltr'>ἔχειν</span> <span class='ocrx_word' id='word_1_20' title='bbox 3212 554 3227 569; x_wconf 91' lang='grc'><strong>·</strong></span> <span class='ocrx_word' id='word_1_21' title='bbox 3273 538 3412 596; x_wconf 78' lang='grc' dir='ltr'>ἀλλὰ</span> <span class='ocrx_word' id='word_1_22' title='bbox 3441 540 3583 605; x_wconf 77' lang='grc' dir='ltr'>τέως</span> <span class='ocrx_word' id='word_1_23' title='bbox 3615 542 3876 610; x_wconf 69' lang='grc' dir='ltr'>σπούδιςε,</span> 
     </span>
    </p>
   </div>
   <div class='ocr_carea' id='block_1_6' title="bbox 660 624 2245 701">
    <p class='ocr_par' dir='ltr' id='par_1_6' title="bbox 660 624 2245 701">
     <span class='ocr_line' id='line_1_6' title="bbox 660 624 2245 701; baseline -0.003 -14"><span class='ocrx_word' id='word_1_24' title='bbox 660 633 914 687; x_wconf 84' lang='lat' dir='ltr'><strong>dalizeris</strong></span> <span class='ocrx_word' id='word_1_25' title='bbox 948 632 1002 689; x_wconf 89' lang='lat' dir='ltr'><strong>in</strong></span> <span class='ocrx_word' id='word_1_26' title='bbox 1031 632 1237 701; x_wconf 83' lang='lat' dir='ltr'><strong>aliquo,</strong></span> <span class='ocrx_word' id='word_1_27' title='bbox 1278 644 1454 699; x_wconf 90' lang='lat' dir='ltr'><strong>neque</strong></span> <span class='ocrx_word' id='word_1_28' title='bbox 1493 628 1705 697; x_wconf 89' lang='lat' dir='ltr'><strong>judices</strong></span> <span class='ocrx_word' id='word_1_29' title='bbox 1747 642 2099 699; x_wconf 89' lang='lat' dir='ltr'><strong>quemquam,</strong></span> <span class='ocrx_word' id='word_1_30' title='bbox 2131 624 2245 683; x_wconf 54' lang='lat' dir='ltr'><strong>aut&#39;</strong></span> 
     </span>
    </p>
   </div>
   <div class='ocr_carea' id='block_1_7' title="bbox 661 717 2223 795">
    <p class='ocr_par' dir='ltr' id='par_1_7' title="bbox 661 717 2223 795">
     <span class='ocr_line' id='line_1_7' title="bbox 661 717 2223 795; baseline 0 -20"><span class='ocrx_word' id='word_1_31' title='bbox 661 722 975 792; x_wconf 87' lang='lat' dir='ltr'><strong>obloquaris</strong></span> <span class='ocrx_word' id='word_1_32' title='bbox 1018 721 1086 777; x_wconf 92' lang='lat' dir='ltr'><strong>de</strong></span> <span class='ocrx_word' id='word_1_33' title='bbox 1133 719 1333 790; x_wconf 86' lang='lat' dir='ltr'><strong>aliquo.</strong></span> <span class='ocrx_word' id='word_1_34' title='bbox 1387 717 1529 773; x_wconf 80' lang='lat' dir='ltr'><strong>Neve</strong></span> <span class='ocrx_word' id='word_1_35' title='bbox 1574 720 1823 774; x_wconf 74' lang='lat' dir='ltr'><strong>advertas</strong></span> <span class='ocrx_word' id='word_1_36' title='bbox 1869 718 2110 795; x_wconf 85' lang='lat' dir='ltr'><strong>animum</strong></span> <span class='ocrx_word' id='word_1_37' title='bbox 2156 718 2223 775; x_wconf 84' lang='lat' dir='ltr'><strong>ad</strong></span> 
     </span>
    </p>
   </div>
   <div class='ocr_carea' id='block_1_8' title="bbox 662 804 2225 880">
    <p class='ocr_par' dir='ltr' id='par_1_8' title="bbox 662 804 2225 880">
     <span class='ocr_line' id='line_1_8' title="bbox 662 804 2225 880; baseline -0.007 -13"><span class='ocrx_word' id='word_1_38' title='bbox 662 826 988 875; x_wconf 85' lang='lat' dir='ltr'><strong>sermonem,</strong></span> <span class='ocrx_word' id='word_1_39' title='bbox 1030 818 1117 863; x_wconf 90' lang='lat' dir='ltr'><strong>aut</strong></span> <span class='ocrx_word' id='word_1_40' title='bbox 1146 823 1304 880; x_wconf 89' lang='lat' dir='ltr'><strong>opus,</strong></span> <span class='ocrx_word' id='word_1_41' title='bbox 1337 817 1433 862; x_wconf 88' lang='lat' dir='ltr'><strong>aut</strong></span> <span class='ocrx_word' id='word_1_42' title='bbox 1463 817 1670 862; x_wconf 90' lang='lat' dir='ltr'><strong>motum</strong></span> <span class='ocrx_word' id='word_1_43' title='bbox 1703 806 1871 861; x_wconf 91' lang='lat' dir='ltr'><strong>ullum</strong></span> <span class='ocrx_word' id='word_1_44' title='bbox 1900 804 2225 871; x_wconf 81' lang='lat' dir='ltr'><strong>fraternum,</strong></span> 
     </span>
    </p>
   </div>
   <div class='ocr_carea' id='block_1_9' title="bbox 662 898 2227 976">
    <p class='ocr_par' dir='ltr' id='par_1_9' title="bbox 662 898 2227 976">
     <span class='ocr_line' id='line_1_9' title="bbox 662 898 2227 976; baseline -0.004 -16"><span class='ocrx_word' id='word_1_45' title='bbox 662 908 955 976; x_wconf 91' lang='lat' dir='ltr'><strong>quominus</strong></span> <span class='ocrx_word' id='word_1_46' title='bbox 987 901 1307 968; x_wconf 69' lang='lat' dir='ltr'><strong>mdiiieeris;</strong></span> <span class='ocrx_word' id='word_1_47' title='bbox 1351 901 1445 956; x_wconf 89' lang='lat' dir='ltr'><strong>sed</strong></span> <span class='ocrx_word' id='word_1_48' title='bbox 1473 910 1529 955; x_wconf 89' lang='lat' dir='ltr'><strong>tu</strong></span> <span class='ocrx_word' id='word_1_49' title='bbox 1570 910 1621 956; x_wconf 88' lang='lat' dir='ltr'><strong>te</strong></span> <span class='ocrx_word' id='word_1_50' title='bbox 1660 900 1831 971; x_wconf 82' lang='lat' dir='ltr'><strong>magis</strong></span> <span class='ocrx_word' id='word_1_51' title='bbox 1870 900 1925 954; x_wconf 86' lang='lat' dir='ltr'><strong>in</strong></span> <span class='ocrx_word' id='word_1_52' title='bbox 1971 898 2227 954; x_wconf 82' lang='lat' dir='ltr'><strong>omnibus</strong></span> 
     </span>
    </p>
   </div>
   <div class='ocr_carea' id='block_1_10' title="bbox 664 989 2223 1066">
    <p class='ocr_par' dir='ltr' id='par_1_10' title="bbox 664 989 2223 1066">
     <span class='ocr_line' id='line_1_10' title="bbox 664 989 2223 1066; baseline -0.006 -13"><span class='ocrx_word' id='word_1_53' title='bbox 664 1014 791 1053; x_wconf 89' lang='lat' dir='ltr'><strong>cura</strong></span> <span class='ocrx_word' id='word_1_54' title='bbox 817 1009 1159 1066; x_wconf 87' lang='lat' dir='ltr'><strong>componere.</strong></span> <span class='ocrx_word' id='word_1_55' title='bbox 1198 990 1383 1062; x_wconf 81' lang='lat' dir='ltr'><strong>Neque</strong></span> <span class='ocrx_word' id='word_1_56' title='bbox 1413 991 1545 1047; x_wconf 90' lang='lat' dir='ltr'><strong>velis</strong></span> <span class='ocrx_word' id='word_1_57' title='bbox 1578 991 1845 1063; x_wconf 85' lang='lat' dir='ltr'><strong>gloriosus</strong></span> <span class='ocrx_word' id='word_1_58' title='bbox 1874 989 2068 1057; x_wconf 88' lang='lat' dir='ltr'><strong>videri,</strong></span> <span class='ocrx_word' id='word_1_59' title='bbox 2095 989 2223 1045; x_wconf 89' lang='lat' dir='ltr'><strong>dum</strong></span> 
     </span>
    </p>
   </div>
   <div class='ocr_carea' id='block_1_11' title="bbox 664 1083 2226 1159">
    <p class='ocr_par' dir='ltr' id='par_1_11' title="bbox 664 1083 2226 1159">
     <span class='ocr_line' id='line_1_11' title="bbox 664 1083 2226 1159; baseline -0.003 -15"><span class='ocrx_word' id='word_1_60' title='bbox 664 1090 902 1159; x_wconf 88' lang='lat' dir='ltr'><strong>loqueris</strong></span> <span class='ocrx_word' id='word_1_61' title='bbox 924 1133 940 1157; x_wconf 87' lang='lat'><strong>,</strong></span> <span class='ocrx_word' id='word_1_62' title='bbox 970 1089 1100 1144; x_wconf 88' lang='lat' dir='ltr'><strong>dum</strong></span> <span class='ocrx_word' id='word_1_63' title='bbox 1128 1087 1261 1142; x_wconf 79' lang='lat' dir='ltr'><strong>faris</strong></span> <span class='ocrx_word' id='word_1_64' title='bbox 1289 1086 1585 1157; x_wconf 77' lang='lat' dir='ltr'><strong>quidpiam.</strong></span> <span class='ocrx_word' id='word_1_65' title='bbox 1632 1085 1958 1140; x_wconf 73' lang='lat' dir='ltr'><strong>Libertatem</strong></span> <span class='ocrx_word' id='word_1_66' title='bbox 2004 1083 2058 1137; x_wconf 92' lang='lat' dir='ltr'><strong>in</strong></span> <span class='ocrx_word' id='word_1_67' title='bbox 2088 1097 2226 1139; x_wconf 88' lang='lat' dir='ltr'><strong>cun-</strong></span> 
     </span>
    </p>
   </div>
   <div class='ocr_carea' id='block_1_12' title="bbox 664 1174 2226 1253">
    <p class='ocr_par' dir='ltr' id='par_1_12' title="bbox 664 1174 2226 1253">
     <span class='ocr_line' id='line_1_12' title="bbox 664 1174 2226 1253; baseline -0.004 -17"><span class='ocrx_word' id='word_1_68' title='bbox 664 1182 765 1236; x_wconf 85' lang='lat' dir='ltr'><strong>ctis</strong></span> <span class='ocrx_word' id='word_1_69' title='bbox 793 1180 1028 1253; x_wconf 81' lang='lat' dir='ltr'><strong>posside,</strong></span> <span class='ocrx_word' id='word_1_70' title='bbox 1060 1181 1114 1235; x_wconf 92' lang='lat' dir='ltr'><strong>in</strong></span> <span class='ocrx_word' id='word_1_71' title='bbox 1135 1180 1564 1243; x_wconf 84' lang='lat' dir='ltr'><strong>conversatione,</strong></span> <span class='ocrx_word' id='word_1_72' title='bbox 1592 1178 1646 1233; x_wconf 92' lang='lat' dir='ltr'><strong>in</strong></span> <span class='ocrx_word' id='word_1_73' title='bbox 1668 1192 1920 1233; x_wconf 91' lang='lat' dir='ltr'><strong>sermone</strong></span> <span class='ocrx_word' id='word_1_74' title='bbox 1939 1184 1994 1231; x_wconf 88' lang='lat' dir='ltr'><strong>et</strong></span> <span class='ocrx_word' id='word_1_75' title='bbox 2019 1174 2071 1230; x_wconf 89' lang='lat' dir='ltr'><strong>in</strong></span> <span class='ocrx_word' id='word_1_76' title='bbox 2093 1189 2226 1231; x_wconf 84' lang='lat' dir='ltr'><strong>uua-</strong></span> 
     </span>
    </p>
   </div>
   <div class='ocr_carea' id='block_1_13' title="bbox 663 1268 2225 1347">
    <p class='ocr_par' dir='ltr' id='par_1_13' title="bbox 663 1268 2225 1347">
     <span class='ocr_line' id='line_1_13' title="bbox 663 1268 2225 1347; baseline -0.003 -21"><span class='ocrx_word' id='word_1_77' title='bbox 663 1289 877 1343; x_wconf 77' lang='lat' dir='ltr'><strong>quaque</strong></span> <span class='ocrx_word' id='word_1_78' title='bbox 910 1288 969 1328; x_wconf 88' lang='lat' dir='ltr'><strong>re</strong></span> <span class='ocrx_word' id='word_1_79' title='bbox 1011 1271 1327 1327; x_wconf 85' lang='lat' dir='ltr'><strong>tenuissima</strong></span> <span class='ocrx_word' id='word_1_80' title='bbox 1371 1281 1427 1325; x_wconf 90' lang='lat' dir='ltr'><strong>et</strong></span> <span class='ocrx_word' id='word_1_81' title='bbox 1463 1270 1707 1324; x_wconf 86' lang='lat' dir='ltr'><strong>minima.</strong></span> <span class='ocrx_word' id='word_1_82' title='bbox 1739 1268 1876 1324; x_wconf 84' lang='lat' dir='ltr'><strong>Cum</strong></span> <span class='ocrx_word' id='word_1_83' title='bbox 1916 1268 2061 1323; x_wconf 90' lang='lat' dir='ltr'><strong>enim</strong></span> <span class='ocrx_word' id='word_1_84' title='bbox 2100 1268 2225 1347; x_wconf 85' lang='lat' dir='ltr'><strong>quis</strong></span> 
     </span>
    </p>
   </div>
   <div class='ocr_carea' id='block_1_14' title="bbox 663 1358 2226 1436">
    <p class='ocr_par' dir='ltr' id='par_1_14' title="bbox 663 1358 2226 1436">
     <span class='ocr_line' id='line_1_14' title="bbox 663 1358 2226 1436; baseline -0.004 -17"><span class='ocrx_word' id='word_1_85' title='bbox 663 1358 1004 1436; x_wconf 78' lang='lat' dir='ltr'><strong>Oppugnatur</strong></span> <span class='ocrx_word' id='word_1_86' title='bbox 1030 1363 1112 1419; x_wconf 83' lang='lat' dir='ltr'><strong>vel</strong></span> <span class='ocrx_word' id='word_1_87' title='bbox 1158 1362 1409 1434; x_wconf 78' lang='lat' dir='ltr'><strong>aﬂiigitur</strong></span> <span class='ocrx_word' id='word_1_88' title='bbox 1452 1363 1521 1417; x_wconf 87' lang='lat' dir='ltr'><strong>ab</strong></span> <span class='ocrx_word' id='word_1_89' title='bbox 1560 1362 1743 1432; x_wconf 83' lang='lat' dir='ltr'><strong>aliqua</strong></span> <span class='ocrx_word' id='word_1_90' title='bbox 1781 1361 1974 1415; x_wconf 86' lang='lat' dir='ltr'><strong>vitiosa</strong></span> <span class='ocrx_word' id='word_1_91' title='bbox 2024 1360 2226 1431; x_wconf 80' lang='lat' dir='ltr'><strong>cogita-</strong></span> 
     </span>
    </p>
   </div>
   <div class='ocr_carea' id='block_1_15' title="bbox 664 1450 2225 1521">
    <p class='ocr_par' dir='ltr' id='par_1_15' title="bbox 664 1450 2225 1521">
     <span class='ocr_line' id='line_1_15' title="bbox 664 1450 2225 1521; baseline -0.003 -14"><span class='ocrx_word' id='word_1_92' title='bbox 664 1456 829 1517; x_wconf 85' lang='lat' dir='ltr'><strong>tione,</strong></span> <span class='ocrx_word' id='word_1_93' title='bbox 860 1463 914 1507; x_wconf 80' lang='lat' dir='ltr'><strong>rt</strong></span> <span class='ocrx_word' id='word_1_94' title='bbox 946 1468 1063 1507; x_wconf 79' lang='lat' dir='ltr'><strong>eam</strong></span> <span class='ocrx_word' id='word_1_95' title='bbox 1103 1454 1169 1508; x_wconf 88' lang='lat' dir='ltr'><strong>ad</strong></span> <span class='ocrx_word' id='word_1_96' title='bbox 1204 1464 1383 1507; x_wconf 87' lang='lat' dir='ltr'><strong>actum</strong></span> <span class='ocrx_word' id='word_1_97' title='bbox 1416 1452 1699 1521; x_wconf 86' lang='lat' dir='ltr'><strong>perducit,</strong></span> <span class='ocrx_word' id='word_1_98' title='bbox 1729 1450 2012 1506; x_wconf 83' lang='lat' dir='ltr'><strong>invalescit</strong></span> <span class='ocrx_word' id='word_1_99' title='bbox 2036 1451 2225 1505; x_wconf 83' lang='lat' dir='ltr'><strong>vitium</strong></span> 
     </span>
    </p>
   </div>
   <div class='ocr_carea' id='block_1_16' title="bbox 2332 626 3873 701">
    <p class='ocr_par' dir='ltr' id='par_1_16' title="bbox 2332 626 3873 701">
     <span class='ocr_line' id='line_1_16' title="bbox 2332 626 3873 701; baseline 0.003 -21"><span class='ocrx_word' id='word_1_100' title='bbox 2332 626 2411 698; x_wconf 74' lang='grc' dir='ltr'>μὴ</span> <span class='ocrx_word' id='word_1_101' title='bbox 2449 626 2907 700; x_wconf 59' lang='lat' dir='ltr'><strong>mmmam</strong></span> <span class='ocrx_word' id='word_1_102' title='bbox 2938 628 3000 682; x_wconf 75' lang='grc' dir='ltr'>ἓν</span> <span class='ocrx_word' id='word_1_103' title='bbox 3030 644 3161 695; x_wconf 81' lang='grc' dir='ltr'>τινι,</span> <span class='ocrx_word' id='word_1_104' title='bbox 3198 630 3334 701; x_wconf 84' lang='grc' dir='ltr'><strong>μηδὲ</strong></span> <span class='ocrx_word' id='word_1_105' title='bbox 3382 630 3734 699; x_wconf 78' lang='grc' dir='ltr'><strong>κατακρίνειν</strong></span> <span class='ocrx_word' id='word_1_106' title='bbox 3758 636 3873 697; x_wconf 64' lang='grc' dir='ltr'>τινὰ,</span> 
     </span>
    </p>
   </div>
   <div class='ocr_carea' id='block_1_17' title="bbox 2328 716 3874 793">
    <p class='ocr_par' dir='ltr' id='par_1_17' title="bbox 2328 716 3874 793">
     <span class='ocr_line' id='line_1_17' title="bbox 2328 716 3874 793; baseline 0.003 -22"><span class='ocrx_word' id='word_1_107' title='bbox 2328 716 2465 790; x_wconf 76' lang='grc' dir='ltr'>μηδὲ</span> <span class='ocrx_word' id='word_1_108' title='bbox 2484 717 2810 775; x_wconf 78' lang='grc' dir='ltr'>καταλαλεῖν</span> <span class='ocrx_word' id='word_1_109' title='bbox 2834 736 3001 786; x_wconf 84' lang='grc' dir='ltr'>τινος,</span> <span class='ocrx_word' id='word_1_110' title='bbox 3021 720 3158 792; x_wconf 72' lang='grc' dir='ltr'><strong>μηδὲ</strong></span> <span class='ocrx_word' id='word_1_111' title='bbox 3180 722 3470 791; x_wconf 82' lang='grc' dir='ltr'><strong>προσέχειν</strong></span> <span class='ocrx_word' id='word_1_112' title='bbox 3491 722 3660 793; x_wconf 80' lang='grc' dir='ltr'>λόγῳ,</span> <span class='ocrx_word' id='word_1_113' title='bbox 3680 722 3713 793; x_wconf 68' lang='grc' dir='ltr'><strong>ἢ</strong></span> <span class='ocrx_word' id='word_1_114' title='bbox 3734 722 3874 793; x_wconf 69' lang='grc' dir='ltr'>ἔργῳ,</span> 
     </span>
    </p>
   </div>
   <div class='ocr_carea' id='block_1_18' title="bbox 2324 806 3875 882">
    <p class='ocr_par' dir='ltr' id='par_1_18' title="bbox 2324 806 3875 882">
     <span class='ocr_line' id='line_1_18' title="bbox 2324 806 3875 882; baseline 0.005 -21"><span class='ocrx_word' id='word_1_115' title='bbox 2324 806 2359 881; x_wconf 68' lang='grc' dir='ltr'>ἢ</span> <span class='ocrx_word' id='word_1_116' title='bbox 2379 809 2646 879; x_wconf 76' lang='grc' dir='ltr'>κινήματι</span> <span class='ocrx_word' id='word_1_117' title='bbox 2668 808 2912 878; x_wconf 71' lang='grc' dir='ltr'>ἀδελφῶν</span> <span class='ocrx_word' id='word_1_118' title='bbox 2944 809 3021 882; x_wconf 76' lang='grc' dir='ltr'>μὴ</span> <span class='ocrx_word' id='word_1_119' title='bbox 3039 809 3377 880; x_wconf 74' lang='grc' dir='ltr'>ὠφελοῦντος</span> <span class='ocrx_word' id='word_1_120' title='bbox 3410 811 3456 843; x_wconf 77' lang='grc'>⁸³</span> <span class='ocrx_word' id='word_1_121' title='bbox 3478 827 3539 864; x_wconf 81' lang='grc' dir='ltr'><strong>σε</strong></span> <span class='ocrx_word' id='word_1_122' title='bbox 3558 826 3575 841; x_wconf 82' lang='grc'><em>’</em></span> <span class='ocrx_word' id='word_1_123' title='bbox 3615 810 3747 867; x_wconf 61' lang='grc' dir='ltr'>ἀλλὰ</span> <span class='ocrx_word' id='word_1_124' title='bbox 3765 812 3875 882; x_wconf 73' lang='grc' dir='ltr'><strong>μᾶλ-</strong></span> 
     </span>
    </p>
   </div>
   <div class='ocr_carea' id='block_1_19' title="bbox 2324 898 3876 974">
    <p class='ocr_par' dir='ltr' id='par_1_19' title="bbox 2324 898 3876 974">
     <span class='ocr_line' id='line_1_19' title="bbox 2324 898 3876 974; baseline 0.001 -19"><span class='ocrx_word' id='word_1_125' title='bbox 2324 898 2415 955; x_wconf 90' lang='grc' dir='ltr'><strong>λον</strong></span> <span class='ocrx_word' id='word_1_126' title='bbox 2461 899 2731 966; x_wconf 72' lang='grc' dir='ltr'>σπούδαζε</span> <span class='ocrx_word' id='word_1_127' title='bbox 2774 903 2834 957; x_wconf 76' lang='grc' dir='ltr'>ὲν</span> <span class='ocrx_word' id='word_1_128' title='bbox 2882 903 3048 957; x_wconf 74' lang='grc' dir='ltr'>πᾶσιν</span> <span class='ocrx_word' id='word_1_129' title='bbox 3088 903 3397 974; x_wconf 68' lang='grc' dir='ltr'><strong>οἰκοδομεῖν</strong></span> <span class='ocrx_word' id='word_1_130' title='bbox 3440 903 3662 966; x_wconf 78' lang='grc' dir='ltr'>ἑαυτὸν,</span> <span class='ocrx_word' id='word_1_131' title='bbox 3700 904 3876 974; x_wconf 78' lang='grc' dir='ltr'>καὶμὴ</span> 
     </span>
    </p>
   </div>
   <div class='ocr_carea' id='block_1_20' title="bbox 2325 990 3877 1068">
    <p class='ocr_par' dir='ltr' id='par_1_20' title="bbox 2325 990 3877 1068">
     <span class='ocr_line' id='line_1_20' title="bbox 2325 990 3877 1068; baseline 0.001 -21"><span class='ocrx_word' id='word_1_132' title='bbox 2325 990 2447 1047; x_wconf 79' lang='grc' dir='ltr'>θέλε</span> <span class='ocrx_word' id='word_1_133' title='bbox 2477 994 2749 1066; x_wconf 73' lang='grc' dir='ltr'>φανητιᾷν</span> <span class='ocrx_word' id='word_1_134' title='bbox 2772 994 2829 1049; x_wconf 66' lang='grc' dir='ltr'>ἐν</span> <span class='ocrx_word' id='word_1_135' title='bbox 2854 993 3019 1067; x_wconf 77' lang='grc' dir='ltr'>λόγῳ,</span> <span class='ocrx_word' id='word_1_136' title='bbox 3042 996 3074 1068; x_wconf 82' lang='grc' dir='ltr'>ἢ</span> <span class='ocrx_word' id='word_1_137' title='bbox 3098 995 3267 1068; x_wconf 77' lang='grc' dir='ltr'>ἔργῳ,</span> <span class='ocrx_word' id='word_1_138' title='bbox 3290 995 3386 1050; x_wconf 78' lang='grc' dir='ltr'><strong>καὶ</strong></span> <span class='ocrx_word' id='word_1_139' title='bbox 3410 994 3729 1061; x_wconf 75' lang='grc' dir='ltr'><strong>κενοδοξεῖν.</strong></span> <span class='ocrx_word' id='word_1_140' title='bbox 3755 996 3877 1062; x_wconf 54' lang='lat' dir='ltr'><strong>Kri—</strong></span> 
     </span>
    </p>
   </div>
   <div class='ocr_carea' id='block_1_21' title="bbox 2324 1067 3873 1157">
    <p class='ocr_par' dir='ltr' id='par_1_21' title="bbox 2324 1067 3873 1157">
     <span class='ocr_line' id='line_1_21' title="bbox 2324 1067 3873 1157; baseline 0.002 -21"><span class='ocrx_word' id='word_1_141' title='bbox 2324 1100 2416 1137; x_wconf 86' lang='grc' dir='ltr'><strong>σαι</strong></span> <span class='ocrx_word' id='word_1_142' title='bbox 2443 1083 2763 1155; x_wconf 67' lang='grc' dir='ltr'>ἐλευθερίαν</span> <span class='ocrx_word' id='word_1_143' title='bbox 2799 1067 2881 1151; x_wconf 77' lang='grc' dir='ltr'><strong>είς</strong></span> <span class='ocrx_word' id='word_1_144' title='bbox 2906 1086 3004 1157; x_wconf 78' lang='grc' dir='ltr'>τὴν</span> <span class='ocrx_word' id='word_1_145' title='bbox 3030 1067 3246 1142; x_wconf 81' lang='grc' dir='ltr'>διαίταν</span> <span class='ocrx_word' id='word_1_146' title='bbox 3282 1105 3401 1153; x_wconf 86' lang='grc' dir='ltr'>σου,</span> <span class='ocrx_word' id='word_1_147' title='bbox 3443 1087 3538 1140; x_wconf 77' lang='grc' dir='ltr'>καὶ</span> <span class='ocrx_word' id='word_1_148' title='bbox 3568 1089 3654 1149; x_wconf 82' lang='grc' dir='ltr'><strong>είς</strong></span> <span class='ocrx_word' id='word_1_149' title='bbox 3690 1085 3774 1139; x_wconf 79' lang='grc' dir='ltr'>τὸν</span> <span class='ocrx_word' id='word_1_150' title='bbox 3801 1086 3873 1138; x_wconf 81' lang='grc' dir='ltr'><strong>λό-</strong></span> 
     </span>
    </p>
   </div>
   <div class='ocr_carea' id='block_1_22' title="bbox 2323 1176 3877 1251">
    <p class='ocr_par' dir='ltr' id='par_1_22' title="bbox 2323 1176 3877 1251">
     <span class='ocr_line' id='line_1_22' title="bbox 2323 1176 3877 1251; baseline 0.001 -23"><span class='ocrx_word' id='word_1_151' title='bbox 2323 1191 2421 1244; x_wconf 84' lang='grc' dir='ltr'>γον</span> <span class='ocrx_word' id='word_1_152' title='bbox 2444 1192 2561 1242; x_wconf 83' lang='grc' dir='ltr'>σου,</span> <span class='ocrx_word' id='word_1_153' title='bbox 2592 1177 2697 1241; x_wconf 74' lang='grc' dir='ltr'>ἕως</span> <span class='ocrx_word' id='word_1_154' title='bbox 2719 1176 2917 1232; x_wconf 78' lang='grc' dir='ltr'>λεπτοῦ</span> <span class='ocrx_word' id='word_1_155' title='bbox 2940 1179 3289 1251; x_wconf 75' lang='grc' dir='ltr'>πράγματος.</span> <span class='ocrx_word' id='word_1_156' title='bbox 3316 1179 3553 1243; x_wconf 82' lang='grc' dir='ltr'>Γῖνωσκε</span> <span class='ocrx_word' id='word_1_157' title='bbox 3577 1178 3686 1243; x_wconf 81' lang='grc' dir='ltr'>ὅτι,</span> <span class='ocrx_word' id='word_1_158' title='bbox 3701 1177 3787 1232; x_wconf 71' lang='grc' dir='ltr'><strong>ἐὰν</strong></span> <span class='ocrx_word' id='word_1_159' title='bbox 3802 1194 3877 1229; x_wconf 73' lang='grc' dir='ltr'>πο-</span> 
     </span>
    </p>
   </div>
   <div class='ocr_carea' id='block_1_23' title="bbox 2325 1264 3868 1339">
    <p class='ocr_par' dir='ltr' id='par_1_23' title="bbox 2325 1264 3868 1339">
     <span class='ocr_line' id='line_1_23' title="bbox 2325 1264 3868 1339; baseline 0.001 -22"><span class='ocrx_word' id='word_1_160' title='bbox 2325 1264 2557 1337; x_wconf 83' lang='grc' dir='ltr'>λεμῆταῑ</span> <span class='ocrx_word' id='word_1_161' title='bbox 2581 1285 2687 1331; x_wconf 85' lang='grc' dir='ltr'>τις,</span> <span class='ocrx_word' id='word_1_162' title='bbox 2728 1268 2761 1339; x_wconf 77' lang='grc' dir='ltr'>ἢ</span> <span class='ocrx_word' id='word_1_163' title='bbox 2796 1266 3041 1321; x_wconf 77' lang='grc' dir='ltr'>θλίϐεται</span> <span class='ocrx_word' id='word_1_164' title='bbox 3088 1269 3192 1321; x_wconf 73' lang='grc' dir='ltr'>ὑπό</span> <span class='ocrx_word' id='word_1_165' title='bbox 3229 1286 3375 1332; x_wconf 81' lang='grc' dir='ltr'>τινος</span> <span class='ocrx_word' id='word_1_166' title='bbox 3419 1265 3705 1339; x_wconf 77' lang='grc' dir='ltr'>ὲμπαθοῦς</span> <span class='ocrx_word' id='word_1_167' title='bbox 3742 1266 3868 1334; x_wconf 78' lang='grc' dir='ltr'>λογι-</span> 
     </span>
    </p>
   </div>
   <div class='ocr_carea' id='block_1_24' title="bbox 2328 1358 3879 1435">
    <p class='ocr_par' dir='ltr' id='par_1_24' title="bbox 2328 1358 3879 1435">
     <span class='ocr_line' id='line_1_24' title="bbox 2328 1358 3879 1435; baseline -0.001 -24"><span class='ocrx_word' id='word_1_168' title='bbox 2328 1358 2490 1429; x_wconf 76' lang='grc' dir='ltr'>σμοῦ,</span> <span class='ocrx_word' id='word_1_169' title='bbox 2526 1360 2620 1413; x_wconf 73' lang='grc' dir='ltr'><strong>καὶ</strong></span> <span class='ocrx_word' id='word_1_170' title='bbox 2640 1359 2947 1435; x_wconf 71' lang='grc' dir='ltr'><strong>ἐξαγορεύῃ</strong></span> <span class='ocrx_word' id='word_1_171' title='bbox 2972 1359 3158 1425; x_wconf 80' lang='grc' dir='ltr'>αὐτὸν,</span> <span class='ocrx_word' id='word_1_172' title='bbox 3185 1361 3348 1424; x_wconf 77' lang='grc' dir='ltr'>αὐτὸς</span> <span class='ocrx_word' id='word_1_173' title='bbox 3385 1360 3722 1432; x_wconf 76' lang='grc' dir='ltr'><strong>ἰσχυροποιεῖ</strong></span> <span class='ocrx_word' id='word_1_174' title='bbox 3744 1358 3879 1412; x_wconf 72' lang='grc' dir='ltr'>αὐτὸν</span> 
     </span>
    </p>
   </div>
   <div class='ocr_carea' id='block_1_25' title="bbox 2327 1446 3881 1523">
    <p class='ocr_par' dir='ltr' id='par_1_25' title="bbox 2327 1446 3881 1523">
     <span class='ocr_line' id='line_1_25' title="bbox 2327 1446 3881 1523; baseline -0.001 -21"><span class='ocrx_word' id='word_1_175' title='bbox 2327 1447 2453 1502; x_wconf 89' lang='grc' dir='ltr'>καθ’</span> <span class='ocrx_word' id='word_1_176' title='bbox 2484 1450 2682 1504; x_wconf 81' lang='grc' dir='ltr'>ἑαυτοῦ</span> <span class='ocrx_word' id='word_1_177' title='bbox 2707 1467 2721 1481; x_wconf 92' lang='grc'><strong>·</strong></span> <span class='ocrx_word' id='word_1_178' title='bbox 2753 1451 2920 1504; x_wconf 76' lang='grc' dir='ltr'>οἱονεὶ</span> <span class='ocrx_word' id='word_1_179' title='bbox 2967 1450 3199 1523; x_wconf 81' lang='grc' dir='ltr'>δύναμιν</span> <span class='ocrx_word' id='word_1_180' title='bbox 3244 1452 3501 1523; x_wconf 83' lang='grc' dir='ltr'><strong>παρέχων</strong></span> <span class='ocrx_word' id='word_1_181' title='bbox 3543 1449 3695 1520; x_wconf 80' lang='grc' dir='ltr'><strong>αὑτῷ</strong></span> <span class='ocrx_word' id='word_1_182' title='bbox 3734 1448 3807 1512; x_wconf 74' lang='grc' dir='ltr'><strong>εις</strong></span> <span class='ocrx_word' id='word_1_183' title='bbox 3830 1446 3881 1501; x_wconf 69' lang='grc' dir='ltr'><strong>τὸ</strong></span> 
     </span>
    </p>
   </div>
   <div class='ocr_carea' id='block_1_26' title="bbox 663 1540 2232 1614">
    <p class='ocr_par' dir='ltr' id='par_1_26' title="bbox 663 1542 2229 1614">
     <span class='ocr_line' id='line_1_26' title="bbox 663 1542 2229 1614; baseline -0.001 -15"><span class='ocrx_word' id='word_1_184' title='bbox 663 1547 718 1599; x_wconf 90' lang='lat' dir='ltr'><strong>in</strong></span> <span class='ocrx_word' id='word_1_185' title='bbox 758 1547 929 1614; x_wconf 85' lang='lat' dir='ltr'><strong>ipsum</strong></span> <span class='ocrx_word' id='word_1_186' title='bbox 961 1564 973 1599; x_wconf 93' lang='lat'><strong>:</strong></span> <span class='ocrx_word' id='word_1_187' title='bbox 1006 1554 1059 1598; x_wconf 83' lang='lat' dir='ltr'><strong>et</strong></span> <span class='ocrx_word' id='word_1_188' title='bbox 1098 1545 1213 1614; x_wconf 88' lang='lat' dir='ltr'><strong>ipse</strong></span> <span class='ocrx_word' id='word_1_189' title='bbox 1239 1544 1287 1599; x_wconf 85' lang='lat' dir='ltr'><strong>ei</strong></span> <span class='ocrx_word' id='word_1_190' title='bbox 1317 1542 1684 1599; x_wconf 75' lang='lat' dir='ltr'><strong>fortitudinem</strong></span> <span class='ocrx_word' id='word_1_191' title='bbox 1720 1542 1860 1597; x_wconf 87' lang='lat' dir='ltr'><strong>hanc</strong></span> <span class='ocrx_word' id='word_1_192' title='bbox 1888 1551 2126 1613; x_wconf 65' lang='lat' dir='ltr'><strong>praestat,</strong></span> <span class='ocrx_word' id='word_1_193' title='bbox 2168 1549 2229 1597; x_wconf 86' lang='lat' dir='ltr'><strong>ut</strong></span> 
     </span>
    </p>
   </div>
   <div class='ocr_carea' id='block_1_27' title="bbox 2337 1540 3880 1614">
    <p class='ocr_par' dir='ltr' id='par_1_27' title="bbox 2337 1540 3880 1613">
     <span class='ocr_line' id='line_1_27' title="bbox 2337 1540 3880 1613; baseline 0.003 -21"><span class='ocrx_word' id='word_1_194' title='bbox 2337 1540 2500 1593; x_wconf 82' lang='grc' dir='ltr'>πλέον</span> <span class='ocrx_word' id='word_1_195' title='bbox 2559 1540 2812 1613; x_wconf 82' lang='grc' dir='ltr'>πολεμεῖν</span> <span class='ocrx_word' id='word_1_196' title='bbox 2853 1544 2948 1597; x_wconf 80' lang='grc' dir='ltr'><strong>καὶ</strong></span> <span class='ocrx_word' id='word_1_197' title='bbox 2988 1541 3197 1597; x_wconf 80' lang='grc' dir='ltr'>θλίσειν</span> <span class='ocrx_word' id='word_1_198' title='bbox 3244 1541 3431 1595; x_wconf 79' lang='grc' dir='ltr'>αὐτόν.</span> <span class='ocrx_word' id='word_1_199' title='bbox 3479 1541 3606 1596; x_wconf 82' lang='grc' dir='ltr'><strong>Ἐὰν</strong></span> <span class='ocrx_word' id='word_1_200' title='bbox 3646 1541 3704 1597; x_wconf 76' lang='grc' dir='ltr'><strong>δι</strong></span> <span class='ocrx_word' id='word_1_201' title='bbox 3744 1540 3880 1596; x_wconf 68' lang='grc' dir='ltr'>πάλιν</span> 
     </span>
    </p>
   </div>
   <div class='ocr_carea' id='block_1_28' title="bbox 662 1617 2232 1708">
    <p class='ocr_par' dir='ltr' id='par_1_28' title="bbox 662 1633 2227 1708">
     <span class='ocr_line' id='line_1_28' title="bbox 662 1633 2227 1708; baseline -0.002 -17"><span class='ocrx_word' id='word_1_202' title='bbox 662 1638 913 1708; x_wconf 74' lang='lat' dir='ltr'><strong>deinceps</strong></span> <span class='ocrx_word' id='word_1_203' title='bbox 954 1637 1150 1693; x_wconf 81' lang='lat' dir='ltr'><strong>fortius</strong></span> <span class='ocrx_word' id='word_1_204' title='bbox 1193 1645 1535 1708; x_wconf 84' lang='lat' dir='ltr'><strong>oppugnetur</strong></span> <span class='ocrx_word' id='word_1_205' title='bbox 1570 1645 1625 1691; x_wconf 86' lang='lat' dir='ltr'><strong>ct</strong></span> <span class='ocrx_word' id='word_1_206' title='bbox 1665 1634 1952 1705; x_wconf 81' lang='lat' dir='ltr'><strong>alliigatur.</strong></span> <span class='ocrx_word' id='word_1_207' title='bbox 1999 1633 2138 1702; x_wconf 84' lang='lat' dir='ltr'><strong>Quia</strong></span> <span class='ocrx_word' id='word_1_208' title='bbox 2179 1633 2227 1689; x_wconf 97' lang='lat' dir='ltr'><strong>si</strong></span> 
     </span>
    </p>
   </div>
   <div class='ocr_carea' id='block_1_29' title="bbox 2337 1617 3881 1708">
    <p class='ocr_par' dir='ltr' id='par_1_29' title="bbox 2337 1617 3881 1707">
     <span class='ocr_line' id='line_1_29' title="bbox 2337 1617 3881 1707; baseline 0.001 -23"><span class='ocrx_word' id='word_1_209' title='bbox 2337 1632 2695 1704; x_wconf 80' lang='grc' dir='ltr'>ἀγωνίσηται,</span> <span class='ocrx_word' id='word_1_210' title='bbox 2730 1634 2829 1687; x_wconf 83' lang='grc' dir='ltr'><strong>καὶ</strong></span> <span class='ocrx_word' id='word_1_211' title='bbox 2877 1634 3175 1707; x_wconf 67' lang='grc' dir='ltr'>ἒναπιωθῇ</span> <span class='ocrx_word' id='word_1_212' title='bbox 3207 1633 3284 1705; x_wconf 81' lang='grc' dir='ltr'><strong>τῷ</strong></span> <span class='ocrx_word' id='word_1_213' title='bbox 3310 1633 3557 1705; x_wconf 82' lang='grc' dir='ltr'>λογισμῷ</span> <span class='ocrx_word' id='word_1_214' title='bbox 3595 1617 3777 1697; x_wconf 69' lang='grc' dir='ltr'>αὐτοὶῖ,</span> <span class='ocrx_word' id='word_1_215' title='bbox 3806 1632 3881 1686; x_wconf 78' lang='grc' dir='ltr'>καὶ</span> 
     </span>
    </p>
   </div>
   <div class='ocr_carea' id='block_1_30' title="bbox 660 1726 2232 1799">
    <p class='ocr_par' dir='ltr' id='par_1_30' title="bbox 660 1726 2229 1799">
     <span class='ocr_line' id='line_1_30' title="bbox 660 1726 2229 1799; baseline -0.003 -17"><span class='ocrx_word' id='word_1_216' title='bbox 660 1744 759 1799; x_wconf 88' lang='lat' dir='ltr'><strong>pro</strong></span> <span class='ocrx_word' id='word_1_217' title='bbox 792 1729 932 1783; x_wconf 87' lang='lat' dir='ltr'><strong>virili</strong></span> <span class='ocrx_word' id='word_1_218' title='bbox 964 1737 1115 1799; x_wconf 89' lang='lat' dir='ltr'><strong>parte</strong></span> <span class='ocrx_word' id='word_1_219' title='bbox 1146 1726 1458 1797; x_wconf 81' lang='lat' dir='ltr'><strong>cogitationi</strong></span> <span class='ocrx_word' id='word_1_220' title='bbox 1499 1726 1899 1796; x_wconf 72' lang='lat' dir='ltr'><strong>repugnaverit,</strong></span> <span class='ocrx_word' id='word_1_221' title='bbox 1927 1734 1982 1780; x_wconf 89' lang='lat' dir='ltr'><strong>et</strong></span> <span class='ocrx_word' id='word_1_222' title='bbox 2010 1734 2229 1781; x_wconf 86' lang='lat' dir='ltr'><strong>contra-</strong></span> 
     </span>
    </p>
   </div>
   <div class='ocr_carea' id='block_1_31' title="bbox 2337 1726 3883 1799">
    <p class='ocr_par' dir='ltr' id='par_1_31' title="bbox 2337 1726 3883 1799">
     <span class='ocr_line' id='line_1_31' title="bbox 2337 1726 3883 1799; baseline 0.001 -19"><span class='ocrx_word' id='word_1_223' title='bbox 2337 1726 2600 1799; x_wconf 76' lang='grc' dir='ltr'>ἑνεργήσῃ</span> <span class='ocrx_word' id='word_1_224' title='bbox 2633 1728 2703 1781; x_wconf 80' lang='grc' dir='ltr'><strong>τά</strong></span> <span class='ocrx_word' id='word_1_225' title='bbox 2752 1728 3141 1799; x_wconf 70' lang='grc' dir='ltr'>ι’)αντιοὺμενα</span> <span class='ocrx_word' id='word_1_226' title='bbox 3196 1726 3347 1799; x_wconf 81' lang='grc' dir='ltr'><strong>αὐτῷ</strong></span> <span class='ocrx_word' id='word_1_227' title='bbox 3370 1766 3387 1791; x_wconf 87' lang='grc'><strong>,</strong></span> <span class='ocrx_word' id='word_1_228' title='bbox 3416 1726 3603 1790; x_wconf 83' lang='grc' dir='ltr'>καθὼς</span> <span class='ocrx_word' id='word_1_229' title='bbox 3652 1727 3883 1791; x_wconf 80' lang='grc' dir='ltr'>πολλάκις</span> 
     </span>
    </p>
   </div>
   <div class='ocr_carea' id='block_1_32' title="bbox 661 1815 2232 1889">
    <p class='ocr_par' dir='ltr' id='par_1_32' title="bbox 661 1816 2225 1889">
     <span class='ocr_line' id='line_1_32' title="bbox 661 1816 2225 1889; baseline -0.003 -14"><span class='ocrx_word' id='word_1_230' title='bbox 661 1822 742 1875; x_wconf 87' lang='lat' dir='ltr'><strong>ria</strong></span> <span class='ocrx_word' id='word_1_231' title='bbox 776 1821 849 1873; x_wconf 85' lang='lat' dir='ltr'><strong>illi</strong></span> <span class='ocrx_word' id='word_1_232' title='bbox 883 1819 1217 1889; x_wconf 82' lang='lat' dir='ltr'><strong>opposuerit,</strong></span> <span class='ocrx_word' id='word_1_233' title='bbox 1261 1818 1575 1873; x_wconf 85' lang='lat' dir='ltr'><strong>debilitatur</strong></span> <span class='ocrx_word' id='word_1_234' title='bbox 1604 1818 1817 1881; x_wconf 88' lang='lat' dir='ltr'><strong>vitium,</strong></span> <span class='ocrx_word' id='word_1_235' title='bbox 1856 1826 1913 1873; x_wconf 90' lang='lat' dir='ltr'><strong>et</strong></span> <span class='ocrx_word' id='word_1_236' title='bbox 1954 1816 2225 1885; x_wconf 85' lang='lat' dir='ltr'><strong>impotens</strong></span> 
     </span>
    </p>
   </div>
   <div class='ocr_carea' id='block_1_33' title="bbox 2337 1815 3877 1889">
    <p class='ocr_par' dir='ltr' id='par_1_33' title="bbox 2337 1815 3877 1889">
     <span class='ocr_line' id='line_1_33' title="bbox 2337 1815 3877 1889; baseline -0.002 -18"><span class='ocrx_word' id='word_1_237' title='bbox 2337 1820 2575 1889; x_wconf 77' lang='grc' dir='ltr'>εἴπομεν,</span> <span class='ocrx_word' id='word_1_238' title='bbox 2611 1818 2893 1883; x_wconf 79' lang='grc' dir='ltr'><strong>ἐξασθενεῖ</strong></span> <span class='ocrx_word' id='word_1_239' title='bbox 2918 1815 2982 1872; x_wconf 73' lang='grc' dir='ltr'><strong>τὸ</strong></span> <span class='ocrx_word' id='word_1_240' title='bbox 3011 1819 3205 1886; x_wconf 80' lang='grc' dir='ltr'>πάθος,</span> <span class='ocrx_word' id='word_1_241' title='bbox 3238 1819 3335 1874; x_wconf 73' lang='grc' dir='ltr'>καὶ</span> <span class='ocrx_word' id='word_1_242' title='bbox 3358 1820 3654 1889; x_wconf 81' lang='grc' dir='ltr'>άνίσχυρον</span> <span class='ocrx_word' id='word_1_243' title='bbox 3693 1817 3877 1886; x_wconf 73' lang='grc' dir='ltr'>γίνεται</span> 
     </span>
    </p>
   </div>
   <div class='ocr_carea' id='block_1_34' title="bbox 663 1887 2232 1987">
    <p class='ocr_par' dir='ltr' id='par_1_34' title="bbox 663 1887 2229 1987">
     <span class='ocr_line' id='line_1_34' title="bbox 663 1887 2229 1987; baseline -0.003 -22"><span class='ocrx_word' id='word_1_244' title='bbox 663 1914 723 1965; x_wconf 84' lang='lat' dir='ltr'><strong>tit</strong></span> <span class='ocrx_word' id='word_1_245' title='bbox 750 1887 932 1964; x_wconf 87' lang='lat' dir='ltr'><strong>denuo</strong></span> <span class='ocrx_word' id='word_1_246' title='bbox 955 1911 1019 1963; x_wconf 84' lang='lat' dir='ltr'><strong>ad</strong></span> <span class='ocrx_word' id='word_1_247' title='bbox 1050 1908 1469 1987; x_wconf 81' lang='lat' dir='ltr'><strong>oppugnandum</strong></span> <span class='ocrx_word' id='word_1_248' title='bbox 1499 1923 1625 1964; x_wconf 89' lang='lat' dir='ltr'><strong>eum</strong></span> <span class='ocrx_word' id='word_1_249' title='bbox 1654 1926 1669 1975; x_wconf 91' lang='lat'><strong>;</strong></span> <span class='ocrx_word' id='word_1_250' title='bbox 1709 1909 1896 1980; x_wconf 83' lang='lat' dir='ltr'><strong>sicque</strong></span> <span class='ocrx_word' id='word_1_251' title='bbox 1929 1915 2147 1963; x_wconf 84' lang='lat' dir='ltr'><strong>certans</strong></span> <span class='ocrx_word' id='word_1_252' title='bbox 2176 1916 2229 1961; x_wconf 91' lang='lat' dir='ltr'><strong>et</strong></span> 
     </span>
    </p>
   </div>
   <div class='ocr_carea' id='block_1_35' title="bbox 2337 1887 3883 1987">
    <p class='ocr_par' dir='ltr' id='par_1_35' title="bbox 2337 1887 3883 1981">
     <span class='ocr_line' id='line_1_35' title="bbox 2337 1887 3883 1981; baseline -0.003 -17"><span class='ocrx_word' id='word_1_253' title='bbox 2337 1912 2409 1975; x_wconf 74' lang='grc' dir='ltr'>εἰς</span> <span class='ocrx_word' id='word_1_254' title='bbox 2524 1910 2786 1981; x_wconf 77' lang='grc' dir='ltr'>πολεμεῖν</span> <span class='ocrx_word' id='word_1_255' title='bbox 2816 1909 2912 1965; x_wconf 78' lang='grc' dir='ltr'><strong>καὶ</strong></span> <span class='ocrx_word' id='word_1_256' title='bbox 2959 1909 3164 1965; x_wconf 71' lang='grc' dir='ltr'>θλίϐειν</span> <span class='ocrx_word' id='word_1_257' title='bbox 3197 1910 3360 1965; x_wconf 84' lang='grc' dir='ltr'>αὐτόν</span> <span class='ocrx_word' id='word_1_258' title='bbox 3381 1927 3396 1941; x_wconf 89' lang='grc'><strong>·</strong></span> <span class='ocrx_word' id='word_1_259' title='bbox 3560 1887 3738 1972; x_wconf 76' lang='grc' dir='ltr'>οὕτως</span> <span class='ocrx_word' id='word_1_260' title='bbox 3764 1908 3883 1961; x_wconf 66' lang='grc' dir='ltr'>κατὰ</span> 
     </span>
    </p>
   </div>
   <div class='ocr_carea' id='block_1_36' title="bbox 664 1998 2232 2077">
    <p class='ocr_par' dir='ltr' id='par_1_36' title="bbox 664 1998 2229 2077">
     <span class='ocr_line' id='line_1_36' title="bbox 664 1998 2229 2077; baseline -0.003 -20"><span class='ocrx_word' id='word_1_261' title='bbox 664 2018 715 2077; x_wconf 36' lang='grc' dir='ltr'>ιι,</span> <span class='ocrx_word' id='word_1_262' title='bbox 740 2000 849 2056; x_wconf 88' lang='lat' dir='ltr'><strong>Deo</strong></span> <span class='ocrx_word' id='word_1_263' title='bbox 887 2001 1105 2071; x_wconf 83' lang='lat' dir='ltr'><strong>adjutus</strong></span> <span class='ocrx_word' id='word_1_264' title='bbox 1147 2001 1202 2055; x_wconf 90' lang='lat' dir='ltr'><strong>in</strong></span> <span class='ocrx_word' id='word_1_265' title='bbox 1237 1999 1551 2064; x_wconf 83' lang='lat' dir='ltr'><strong>certamine,</strong></span> <span class='ocrx_word' id='word_1_266' title='bbox 1590 1999 1794 2054; x_wconf 88' lang='lat' dir='ltr'><strong>sensim</strong></span> <span class='ocrx_word' id='word_1_267' title='bbox 1832 1998 2023 2053; x_wconf 91' lang='lat' dir='ltr'><strong>vitium</strong></span> <span class='ocrx_word' id='word_1_268' title='bbox 2050 1998 2229 2069; x_wconf 87' lang='lat' dir='ltr'><strong>ipsum</strong></span> 
     </span>
    </p>
   </div>
   <div class='ocr_carea' id='block_1_37' title="bbox 2337 1998 3881 2077">
    <p class='ocr_par' dir='ltr' id='par_1_37' title="bbox 2337 1998 3881 2075">
     <span class='ocr_line' id='line_1_37' title="bbox 2337 1998 3881 2075; baseline -0.001 -20"><span class='ocrx_word' id='word_1_269' title='bbox 2337 2001 2527 2071; x_wconf 82' lang='grc' dir='ltr'>μικρὸν</span> <span class='ocrx_word' id='word_1_270' title='bbox 2548 2001 2969 2070; x_wconf 67' lang='grc' dir='ltr'>ἀγωνιζόμενος,</span> <span class='ocrx_word' id='word_1_271' title='bbox 3001 2002 3099 2056; x_wconf 79' lang='grc' dir='ltr'><strong>καὶ</strong></span> <span class='ocrx_word' id='word_1_272' title='bbox 3122 2001 3488 2075; x_wconf 83' lang='grc' dir='ltr'>βοηθούμενος</span> <span class='ocrx_word' id='word_1_273' title='bbox 3506 2001 3612 2055; x_wconf 78' lang='grc' dir='ltr'><strong>ὑπὸ</strong></span> <span class='ocrx_word' id='word_1_274' title='bbox 3633 2000 3727 2055; x_wconf 80' lang='grc' dir='ltr'>τοῦ</span> <span class='ocrx_word' id='word_1_275' title='bbox 3744 1998 3881 2062; x_wconf 69' lang='grc' dir='ltr'>θεοῖ),</span> 
     </span>
    </p>
   </div>
   <div class='ocr_carea' id='block_1_38' title="bbox 664 2090 2232 2164">
    <p class='ocr_par' dir='ltr' id='par_1_38' title="bbox 664 2090 2232 2163">
     <span class='ocr_line' id='line_1_38' title="bbox 664 2090 2232 2163; baseline -0.002 -14"><span class='ocrx_word' id='word_1_276' title='bbox 664 2096 887 2149; x_wconf 88' lang='lat' dir='ltr'><strong>omnino</strong></span> <span class='ocrx_word' id='word_1_277' title='bbox 920 2103 1138 2163; x_wconf 84' lang='lat' dir='ltr'><strong>superat</strong></span> <span class='ocrx_word' id='word_1_278' title='bbox 1166 2103 1221 2146; x_wconf 92' lang='lat' dir='ltr'><strong>ct</strong></span> <span class='ocrx_word' id='word_1_279' title='bbox 1248 2093 1498 2146; x_wconf 89' lang='lat' dir='ltr'><strong>conterit.</strong></span> <span class='ocrx_word' id='word_1_280' title='bbox 1536 2090 1677 2145; x_wconf 87' lang='lat' dir='ltr'><strong>Deus</strong></span> <span class='ocrx_word' id='word_1_281' title='bbox 1712 2104 1809 2145; x_wconf 88' lang='lat' dir='ltr'><strong>nos</strong></span> <span class='ocrx_word' id='word_1_282' title='bbox 1835 2099 2084 2162; x_wconf 77' lang='lat' dir='ltr'><strong>protegat</strong></span> <span class='ocrx_word' id='word_1_283' title='bbox 2108 2105 2232 2161; x_wconf 90' lang='lat' dir='ltr'><strong>prc-</strong></span> 
     </span>
    </p>
   </div>
   <div class='ocr_carea' id='block_1_39' title="bbox 2337 2090 3883 2164">
    <p class='ocr_par' dir='ltr' id='par_1_39' title="bbox 2337 2092 3883 2164">
     <span class='ocr_line' id='line_1_39' title="bbox 2337 2092 3883 2164; baseline 0.002 -21"><span class='ocrx_word' id='word_1_284' title='bbox 2337 2092 2673 2164; x_wconf 58' lang='grc' dir='ltr'>ιπριγίνεται</span> <span class='ocrx_word' id='word_1_285' title='bbox 2708 2094 2803 2145; x_wconf 74' lang='grc' dir='ltr'><strong>καὶ</strong></span> <span class='ocrx_word' id='word_1_286' title='bbox 2828 2092 2997 2146; x_wconf 81' lang='grc' dir='ltr'>αὑτοῦ</span> <span class='ocrx_word' id='word_1_287' title='bbox 3034 2094 3127 2148; x_wconf 83' lang='grc' dir='ltr'>τοῦ</span> <span class='ocrx_word' id='word_1_288' title='bbox 3158 2095 3386 2158; x_wconf 72' lang='grc' dir='ltr'>πάθους.</span> <span class='ocrx_word' id='word_1_289' title='bbox 3430 2094 3490 2149; x_wconf 91' lang='grc' dir='ltr'>Ὀ</span> <span class='ocrx_word' id='word_1_290' title='bbox 3542 2094 3676 2158; x_wconf 77' lang='grc' dir='ltr'>Θεὸς</span> <span class='ocrx_word' id='word_1_291' title='bbox 3706 2092 3883 2147; x_wconf 78' lang='grc' dir='ltr'>σκεπά-</span> 
     </span>
    </p>
   </div>
   <div class='ocr_carea' id='block_1_40' title="bbox 662 2180 2232 2257">
    <p class='ocr_par' dir='ltr' id='par_1_40' title="bbox 662 2180 1705 2239">
     <span class='ocr_line' id='line_1_40' title="bbox 662 2180 1705 2239; baseline -0.004 0"><span class='ocrx_word' id='word_1_292' title='bbox 662 2186 820 2239; x_wconf 87' lang='lat' dir='ltr'><strong>cibus</strong></span> <span class='ocrx_word' id='word_1_293' title='bbox 854 2185 1098 2238; x_wconf 89' lang='lat' dir='ltr'><strong>omnium</strong></span> <span class='ocrx_word' id='word_1_294' title='bbox 1139 2190 1473 2237; x_wconf 83' lang='lat' dir='ltr'><strong>sanctorum.</strong></span> <span class='ocrx_word' id='word_1_295' title='bbox 1512 2180 1705 2235; x_wconf 83' lang='lat' dir='ltr'><strong>Ameu.</strong></span> 
     </span>
    </p>
   </div>
   <div class='ocr_carea' id='block_1_41' title="bbox 2337 2180 3652 2257">
    <p class='ocr_par' dir='ltr' id='par_1_41' title="bbox 2337 2184 3652 2257">
     <span class='ocr_line' id='line_1_41' title="bbox 2337 2184 3652 2257; baseline 0 -19"><span class='ocrx_word' id='word_1_296' title='bbox 2337 2201 2417 2238; x_wconf 86' lang='grc' dir='ltr'><strong>σει</strong></span> <span class='ocrx_word' id='word_1_297' title='bbox 2450 2184 2598 2255; x_wconf 77' lang='grc' dir='ltr'>ἡμᾶς</span> <span class='ocrx_word' id='word_1_298' title='bbox 2613 2185 2800 2255; x_wconf 82' lang='grc' dir='ltr'>εὐχαῖς</span> <span class='ocrx_word' id='word_1_299' title='bbox 2820 2185 3044 2239; x_wconf 85' lang='grc' dir='ltr'>πάντων</span> <span class='ocrx_word' id='word_1_300' title='bbox 3078 2186 3187 2239; x_wconf 84' lang='grc' dir='ltr'>τῶν</span> <span class='ocrx_word' id='word_1_301' title='bbox 3218 2188 3411 2255; x_wconf 79' lang='grc' dir='ltr'>ἁγίων.</span> <span class='ocrx_word' id='word_1_302' title='bbox 3459 2188 3652 2257; x_wconf 80' lang='grc' dir='ltr'>Ἀμήν.</span> 
     </span>
    </p>
   </div>
   <div class='ocr_carea' id='block_1_42' title="bbox 1184 2312 2472 2385">
    <p class='ocr_par' dir='ltr' id='par_1_42' title="bbox 1184 2312 2472 2385">
     <span class='ocr_line' id='line_1_42' title="bbox 1184 2312 2472 2385; baseline 0.014 -31"><span class='ocrx_word' id='word_1_303' title='bbox 1184 2359 1191 2363; x_wconf 44' lang='grc'><strong>,</strong></span> <span class='ocrx_word' id='word_1_304' title='bbox 2100 2312 2472 2385; x_wconf 79' lang='lat' dir='ltr'><strong>Interrogatio.</strong></span> 
     </span>
    </p>
   </div>
   <div class='ocr_carea' id='block_1_43' title="bbox 739 2404 3881 2483">
    <p class='ocr_par' dir='ltr' id='par_1_43' title="bbox 739 2404 3881 2483">
     <span class='ocr_line' id='line_1_43' title="bbox 739 2404 3881 2483; baseline 0 -20"><span class='ocrx_word' id='word_1_305' title='bbox 739 2407 804 2463; x_wconf 88' lang='lat' dir='ltr'><strong>Ut</strong></span> <span class='ocrx_word' id='word_1_306' title='bbox 831 2408 961 2477; x_wconf 84' lang='lat' dir='ltr'><strong>quid</strong></span> <span class='ocrx_word' id='word_1_307' title='bbox 991 2408 1160 2461; x_wconf 81' lang='lat' dir='ltr'><strong>abbas</strong></span> <span class='ocrx_word' id='word_1_308' title='bbox 1196 2407 1388 2461; x_wconf 78' lang='lat' dir='ltr'><strong>Pastor</strong></span> <span class='ocrx_word' id='word_1_309' title='bbox 1413 2406 1587 2463; x_wconf 87' lang='lat' dir='ltr'><strong>dixit:</strong></span> <span class='ocrx_word' id='word_1_310' title='bbox 1618 2404 1742 2459; x_wconf 85' lang='lat' dir='ltr'><strong>Tria</strong></span> <span class='ocrx_word' id='word_1_311' title='bbox 1773 2418 1893 2458; x_wconf 77' lang='lat' dir='ltr'><strong>esse</strong></span> <span class='ocrx_word' id='word_1_312' title='bbox 1925 2404 2207 2473; x_wconf 86' lang='lat' dir='ltr'><strong>principia,</strong></span> <span class='ocrx_word' id='word_1_313' title='bbox 2250 2406 2441 2463; x_wconf 84' lang='lat' dir='ltr'><strong>timere</strong></span> <span class='ocrx_word' id='word_1_314' title='bbox 2474 2407 2783 2477; x_wconf 76' lang='lat' dir='ltr'><strong>Dominum,</strong></span> <span class='ocrx_word' id='word_1_315' title='bbox 2811 2411 3120 2483; x_wconf 84' lang='lat' dir='ltr'><strong>supplicare</strong></span> <span class='ocrx_word' id='word_1_316' title='bbox 3155 2409 3284 2477; x_wconf 84' lang='lat' dir='ltr'><strong>Deo,</strong></span> <span class='ocrx_word' id='word_1_317' title='bbox 3313 2420 3368 2466; x_wconf 90' lang='lat' dir='ltr'><strong>ct</strong></span> <span class='ocrx_word' id='word_1_318' title='bbox 3396 2411 3451 2467; x_wconf 87' lang='lat' dir='ltr'><strong>in</strong></span> <span class='ocrx_word' id='word_1_319' title='bbox 3481 2410 3781 2483; x_wconf 83' lang='lat' dir='ltr'><strong>proximum</strong></span> <span class='ocrx_word' id='word_1_320' title='bbox 3818 2409 3881 2464; x_wconf 78' lang='lat' dir='ltr'><strong>l’a-</strong></span> 
     </span>
    </p>
   </div>
   <div class='ocr_carea' id='block_1_44' title="bbox 664 2501 1290 2558">
    <p class='ocr_par' dir='ltr' id='par_1_44' title="bbox 664 2501 1290 2558">
     <span class='ocr_line' id='line_1_44' title="bbox 664 2501 1290 2558; baseline -0.006 0"><span class='ocrx_word' id='word_1_321' title='bbox 664 2517 787 2558; x_wconf 73' lang='lat' dir='ltr'><strong>cere</strong></span> <span class='ocrx_word' id='word_1_322' title='bbox 816 2503 1244 2557; x_wconf 82' lang='lat' dir='ltr'><strong>misericordiam</strong></span> <span class='ocrx_word' id='word_1_323' title='bbox 1269 2501 1290 2554; x_wconf 70' lang='grc' dir='ltr'><em>ἲ</em></span> 
     </span>
    </p>
   </div>
   <div class='ocr_carea' id='block_1_45' title="bbox 2118 2593 3100 2665">
    <p class='ocr_par' dir='ltr' id='par_1_45' title="bbox 2118 2593 3100 2665">
     <span class='ocr_line' id='line_1_45' title="bbox 2118 2593 3100 2665; baseline 0.008 -16"><span class='ocrx_word' id='word_1_324' title='bbox 2118 2593 2423 2665; x_wconf 75' lang='lat' dir='ltr'><strong>Responsio.</strong></span> <span class='ocrx_word' id='word_1_325' title='bbox 3094 2652 3100 2657; x_wconf 89' lang='lat'><strong>.</strong></span> 
     </span>
    </p>
   </div>
   <div class='ocr_carea' id='block_1_46' title="bbox 734 2684 3878 2765">
    <p class='ocr_par' dir='ltr' id='par_1_46' title="bbox 734 2684 3878 2765">
     <span class='ocr_line' id='line_1_46' title="bbox 734 2684 3878 2765; baseline 0.001 -21"><span class='ocrx_word' id='word_1_326' title='bbox 734 2689 1061 2745; x_wconf 84' lang='lat' dir='ltr'><strong>Timendum</strong></span> <span class='ocrx_word' id='word_1_327' title='bbox 1090 2704 1213 2745; x_wconf 86' lang='lat' dir='ltr'><strong>esse</strong></span> <span class='ocrx_word' id='word_1_328' title='bbox 1244 2686 1533 2743; x_wconf 90' lang='lat' dir='ltr'><strong>Dominum</strong></span> <span class='ocrx_word' id='word_1_329' title='bbox 1561 2686 1699 2742; x_wconf 91' lang='lat' dir='ltr'><strong>dixit</strong></span> <span class='ocrx_word' id='word_1_330' title='bbox 1746 2700 1911 2749; x_wconf 83' lang='lat' dir='ltr'><strong>senex</strong></span> <span class='ocrx_word' id='word_1_331' title='bbox 1934 2724 1953 2752; x_wconf 90' lang='lat'><strong>,</strong></span> <span class='ocrx_word' id='word_1_332' title='bbox 1993 2684 2125 2756; x_wconf 86' lang='lat' dir='ltr'><strong>quia</strong></span> <span class='ocrx_word' id='word_1_333' title='bbox 2158 2687 2320 2746; x_wconf 87' lang='lat' dir='ltr'><strong>timor</strong></span> <span class='ocrx_word' id='word_1_334' title='bbox 2365 2686 2460 2741; x_wconf 87' lang='lat' dir='ltr'><strong>Dei</strong></span> <span class='ocrx_word' id='word_1_335' title='bbox 2501 2687 2754 2745; x_wconf 86' lang='lat' dir='ltr'><strong>virtutem</strong></span> <span class='ocrx_word' id='word_1_336' title='bbox 2792 2703 3011 2749; x_wconf 85' lang='lat' dir='ltr'><strong>omnem</strong></span> <span class='ocrx_word' id='word_1_337' title='bbox 3058 2692 3333 2762; x_wconf 59' lang='lat' dir='ltr'><strong>praecedit.</strong></span> <span class='ocrx_word' id='word_1_338' title='bbox 3382 2692 3716 2765; x_wconf 71' lang='lat' dir='ltr'><strong>Principium</strong></span> <span class='ocrx_word' id='word_1_339' title='bbox 3755 2690 3878 2748; x_wconf 77' lang='lat' dir='ltr'><strong>enim</strong></span> 
     </span>
    </p>
   </div>
   <div class='ocr_carea' id='block_1_47' title="bbox 665 2776 3881 2857">
    <p class='ocr_par' dir='ltr' id='par_1_47' title="bbox 665 2776 3881 2857">
     <span class='ocr_line' id='line_1_47' title="bbox 665 2776 3881 2857; baseline -0.002 -16"><span class='ocrx_word' id='word_1_340' title='bbox 665 2786 940 2855; x_wconf 65' lang='lat' dir='ltr'><strong>sapientia</strong></span> <span class='ocrx_word' id='word_1_341' title='bbox 966 2793 1042 2839; x_wconf 84' lang='lat' dir='ltr'><strong>est</strong></span> <span class='ocrx_word' id='word_1_342' title='bbox 1075 2785 1233 2837; x_wconf 79' lang='lat' dir='ltr'><strong>timor</strong></span> <span class='ocrx_word' id='word_1_343' title='bbox 1264 2780 1481 2836; x_wconf 78' lang='lat' dir='ltr'><strong>Domini</strong></span> <span class='ocrx_word' id='word_1_344' title='bbox 1504 2788 1566 2845; x_wconf 71' lang='grc' dir='ltr'>’ς</span> <span class='ocrx_word' id='word_1_345' title='bbox 1599 2788 1656 2836; x_wconf 89' lang='lat' dir='ltr'><strong>et</strong></span> <span class='ocrx_word' id='word_1_346' title='bbox 1695 2780 1878 2835; x_wconf 86' lang='lat' dir='ltr'><strong>nullus</strong></span> <span class='ocrx_word' id='word_1_347' title='bbox 1921 2778 2129 2848; x_wconf 81' lang='lat' dir='ltr'><strong>absque</strong></span> <span class='ocrx_word' id='word_1_348' title='bbox 2160 2776 2357 2836; x_wconf 89' lang='lat' dir='ltr'><strong>timore</strong></span> <span class='ocrx_word' id='word_1_349' title='bbox 2402 2778 2497 2836; x_wconf 89' lang='lat' dir='ltr'><strong>Dei</strong></span> <span class='ocrx_word' id='word_1_350' title='bbox 2528 2781 2782 2839; x_wconf 83' lang='lat' dir='ltr'><strong>virtutem</strong></span> <span class='ocrx_word' id='word_1_351' title='bbox 2810 2782 3013 2854; x_wconf 80' lang='lat' dir='ltr'><strong>dirigit,</strong></span> <span class='ocrx_word' id='word_1_352' title='bbox 3062 2796 3156 2840; x_wconf 91' lang='lat' dir='ltr'><strong>aut</strong></span> <span class='ocrx_word' id='word_1_353' title='bbox 3207 2786 3412 2841; x_wconf 79' lang='lat' dir='ltr'><strong>bonum</strong></span> <span class='ocrx_word' id='word_1_354' title='bbox 3460 2784 3682 2857; x_wconf 81' lang='lat' dir='ltr'><strong>aliquod</strong></span> <span class='ocrx_word' id='word_1_355' title='bbox 3720 2801 3735 2840; x_wconf 90' lang='lat'><strong>:</strong></span> <span class='ocrx_word' id='word_1_356' title='bbox 3777 2797 3881 2839; x_wconf 76' lang='lat' dir='ltr'><strong>cum</strong></span> 
     </span>
    </p>
   </div>
   <div class='ocr_carea' id='block_1_48' title="bbox 3952 144 3989 423">
    <p class='ocr_par' dir='ltr' id='par_1_48' title="bbox 3952 144 3989 423">
     <span class='ocr_line' id='line_1_48' title="bbox 3952 144 3989 423; baseline 0 -16"><span class='ocrx_word' id='word_1_357' title='bbox 3952 144 3989 407; x_wconf 76' lang='lat' dir='ltr'><strong>l</strong></span> 
     </span>
    </p>
   </div>
   <div class='ocr_carea' id='block_1_49' title="bbox 667 2871 3989 2961">
    <p class='ocr_par' dir='ltr' id='par_1_49' title="bbox 667 2871 3989 2961">
     <span class='ocr_line' id='line_1_49' title="bbox 667 2871 3989 2961; baseline -0 -28"><span class='ocrx_word' id='word_1_358' title='bbox 667 2880 863 2933; x_wconf 83' lang='lat' dir='ltr'><strong>timore</strong></span> <span class='ocrx_word' id='word_1_359' title='bbox 892 2876 985 2932; x_wconf 83' lang='lat' dir='ltr'><strong>Dei</strong></span> <span class='ocrx_word' id='word_1_360' title='bbox 1012 2874 1447 2946; x_wconf 59' lang='lat' dir='ltr'><strong>decliuet&#39;quivis</strong></span> <span class='ocrx_word' id='word_1_361' title='bbox 1473 2888 1505 2930; x_wconf 93' lang='lat' dir='ltr'><strong>a</strong></span> <span class='ocrx_word' id='word_1_362' title='bbox 1549 2872 1713 2929; x_wconf 80' lang='lat' dir='ltr'><strong>malo.</strong></span> <span class='ocrx_word' id='word_1_363' title='bbox 1759 2871 2187 2944; x_wconf 80' lang='lat' dir='ltr'><strong>Supplicandum</strong></span> <span class='ocrx_word' id='word_1_364' title='bbox 2227 2880 2408 2928; x_wconf 89' lang='lat' dir='ltr'><strong>autem</strong></span> <span class='ocrx_word' id='word_1_365' title='bbox 2453 2887 2577 2929; x_wconf 87' lang='lat' dir='ltr'><strong>esse</strong></span> <span class='ocrx_word' id='word_1_366' title='bbox 2613 2874 2844 2931; x_wconf 90' lang='lat' dir='ltr'><strong>Domino</strong></span> <span class='ocrx_word' id='word_1_367' title='bbox 2873 2875 3046 2961; x_wconf 35' lang='lat' dir='ltr'><strong>dixit)</strong></span> <span class='ocrx_word' id='word_1_368' title='bbox 3081 2876 3209 2949; x_wconf 84' lang='lat' dir='ltr'><strong>quia</strong></span> <span class='ocrx_word' id='word_1_369' title='bbox 3241 2892 3417 2950; x_wconf 87' lang='lat' dir='ltr'><strong>neque</strong></span> <span class='ocrx_word' id='word_1_370' title='bbox 3452 2878 3709 2933; x_wconf 76' lang='lat' dir='ltr'><strong>virtutem</strong></span> <span class='ocrx_word' id='word_1_371' title='bbox 3735 2884 3885 2945; x_wconf 77' lang='lat' dir='ltr'><strong>potest</strong></span> <span class='ocrx_word' id='word_1_372' title='bbox 3988 2916 3989 2949; x_wconf 30' lang='lat'>1</span> 
     </span>
    </p>
   </div>
   <div class='ocr_carea' id='block_1_50' title="bbox 667 2961 3881 3042">
    <p class='ocr_par' dir='ltr' id='par_1_50' title="bbox 667 2961 3881 3042">
     <span class='ocr_line' id='line_1_50' title="bbox 667 2961 3881 3042; baseline -0 -19"><span class='ocrx_word' id='word_1_373' title='bbox 667 2969 945 3040; x_wconf 79' lang='lat' dir='ltr'><strong>possidere</strong></span> <span class='ocrx_word' id='word_1_374' title='bbox 976 2968 1162 3033; x_wconf 76' lang='lat' dir='ltr'><strong>homo,</strong></span> <span class='ocrx_word' id='word_1_375' title='bbox 1187 2980 1363 3035; x_wconf 83' lang='lat' dir='ltr'><strong>neque</strong></span> <span class='ocrx_word' id='word_1_376' title='bbox 1384 2964 1617 3035; x_wconf 86' lang='lat' dir='ltr'><strong>quodvis</strong></span> <span class='ocrx_word' id='word_1_377' title='bbox 1647 2963 1791 3019; x_wconf 84' lang='lat' dir='ltr'><strong>aliud</strong></span> <span class='ocrx_word' id='word_1_378' title='bbox 1824 2965 2024 3019; x_wconf 88' lang='lat' dir='ltr'><strong>bonum</strong></span> <span class='ocrx_word' id='word_1_379' title='bbox 2062 2961 2241 3019; x_wconf 79' lang='lat' dir='ltr'><strong>facere</strong></span> <span class='ocrx_word' id='word_1_380' title='bbox 2266 2964 2347 3031; x_wconf 90' lang='lat' dir='ltr'><strong>(ut</strong></span> <span class='ocrx_word' id='word_1_381' title='bbox 2376 2962 2536 3032; x_wconf 87' lang='lat' dir='ltr'><strong>dixi),</strong></span> <span class='ocrx_word' id='word_1_382' title='bbox 2562 2966 2775 3025; x_wconf 87' lang='lat' dir='ltr'><strong>etiamsi</strong></span> <span class='ocrx_word' id='word_1_383' title='bbox 2805 2966 2860 3023; x_wconf 88' lang='lat' dir='ltr'><strong>id</strong></span> <span class='ocrx_word' id='word_1_384' title='bbox 2890 2968 3018 3024; x_wconf 88' lang='lat' dir='ltr'><strong>velit</strong></span> <span class='ocrx_word' id='word_1_385' title='bbox 3044 2978 3101 3028; x_wconf 86' lang='lat' dir='ltr'><strong>et</strong></span> <span class='ocrx_word' id='word_1_386' title='bbox 3123 2980 3341 3042; x_wconf 79' lang='lat' dir='ltr'><strong>appetat</strong></span> <span class='ocrx_word' id='word_1_387' title='bbox 3363 2987 3463 3042; x_wconf 88' lang='lat' dir='ltr'><strong>per</strong></span> <span class='ocrx_word' id='word_1_388' title='bbox 3513 2969 3763 3026; x_wconf 73' lang='lat' dir='ltr'><strong>timorem</strong></span> <span class='ocrx_word' id='word_1_389' title='bbox 3783 2965 3881 3032; x_wconf 86' lang='lat' dir='ltr'><strong>Dei,</strong></span> 
     </span>
    </p>
   </div>
   <div class='ocr_carea' id='block_1_51' title="bbox 667 3052 3886 3129">
    <p class='ocr_par' dir='ltr' id='par_1_51' title="bbox 667 3052 3886 3129">
     <span class='ocr_line' id='line_1_51' title="bbox 667 3052 3886 3129; baseline 0 -12"><span class='ocrx_word' id='word_1_390' title='bbox 667 3061 875 3129; x_wconf 83' lang='lat' dir='ltr'><strong>absque</strong></span> <span class='ocrx_word' id='word_1_391' title='bbox 902 3071 1005 3129; x_wconf 85' lang='lat' dir='ltr'><strong>ope</strong></span> <span class='ocrx_word' id='word_1_392' title='bbox 1038 3064 1093 3112; x_wconf 89' lang='lat' dir='ltr'><strong>et</strong></span> <span class='ocrx_word' id='word_1_393' title='bbox 1119 3055 1322 3112; x_wconf 63' lang='lat' dir='ltr'><strong>auxilio</strong></span> <span class='ocrx_word' id='word_1_394' title='bbox 1352 3054 1556 3110; x_wconf 90' lang='lat' dir='ltr'><strong>divino.</strong></span> <span class='ocrx_word' id='word_1_395' title='bbox 1604 3052 1755 3125; x_wconf 85' lang='lat' dir='ltr'><strong>Opus</strong></span> <span class='ocrx_word' id='word_1_396' title='bbox 1798 3054 1944 3109; x_wconf 86' lang='lat' dir='ltr'><strong>enim</strong></span> <span class='ocrx_word' id='word_1_397' title='bbox 1972 3064 2055 3108; x_wconf 87' lang='lat' dir='ltr'><strong>est</strong></span> <span class='ocrx_word' id='word_1_398' title='bbox 2076 3054 2367 3123; x_wconf 73' lang='lat' dir='ltr'><strong>diligentia:</strong></span> <span class='ocrx_word' id='word_1_399' title='bbox 2400 3064 2457 3110; x_wconf 91' lang='lat' dir='ltr'><strong>et</strong></span> <span class='ocrx_word' id='word_1_400' title='bbox 2498 3057 2682 3112; x_wconf 82' lang='lat' dir='ltr'><strong>studio</strong></span> <span class='ocrx_word' id='word_1_401' title='bbox 2711 3066 2900 3115; x_wconf 80' lang='lat' dir='ltr'><strong>nostro</strong></span> <span class='ocrx_word' id='word_1_402' title='bbox 2928 3060 3097 3117; x_wconf 87' lang='lat' dir='ltr'><strong>etiam</strong></span> <span class='ocrx_word' id='word_1_403' title='bbox 3134 3062 3379 3119; x_wconf 87' lang='lat' dir='ltr'><strong>divinum</strong></span> <span class='ocrx_word' id='word_1_404' title='bbox 3418 3063 3706 3120; x_wconf 78' lang='lat' dir='ltr'><strong>auxilium.</strong></span> <span class='ocrx_word' id='word_1_405' title='bbox 3735 3057 3886 3127; x_wconf 76' lang='lat' dir='ltr'><strong>Quare</strong></span> 
     </span>
    </p>
   </div>
   <div class='ocr_carea' id='block_1_52' title="bbox 666 3147 3886 3226">
    <p class='ocr_par' dir='ltr' id='par_1_52' title="bbox 666 3147 3886 3226">
     <span class='ocr_line' id='line_1_52' title="bbox 666 3147 3886 3226; baseline 0 -16"><span class='ocrx_word' id='word_1_406' title='bbox 666 3167 889 3211; x_wconf 72' lang='lat' dir='ltr'><strong>necesse</strong></span> <span class='ocrx_word' id='word_1_407' title='bbox 914 3160 998 3208; x_wconf 86' lang='lat' dir='ltr'><strong>est</strong></span> <span class='ocrx_word' id='word_1_408' title='bbox 1032 3152 1224 3223; x_wconf 86' lang='lat' dir='ltr'><strong>quavis</strong></span> <span class='ocrx_word' id='word_1_409' title='bbox 1254 3151 1305 3205; x_wconf 93' lang='lat' dir='ltr'><strong>in</strong></span> <span class='ocrx_word' id='word_1_410' title='bbox 1347 3165 1407 3206; x_wconf 89' lang='lat' dir='ltr'><strong>re</strong></span> <span class='ocrx_word' id='word_1_411' title='bbox 1437 3149 1600 3207; x_wconf 85' lang='lat' dir='ltr'><strong>etiam</strong></span> <span class='ocrx_word' id='word_1_412' title='bbox 1632 3148 1855 3205; x_wconf 84' lang='lat' dir='ltr'><strong>minima</strong></span> <span class='ocrx_word' id='word_1_413' title='bbox 1895 3147 2204 3221; x_wconf 87' lang='lat' dir='ltr'><strong>supplicare</strong></span> <span class='ocrx_word' id='word_1_414' title='bbox 2231 3155 2288 3203; x_wconf 91' lang='lat' dir='ltr'><strong>et</strong></span> <span class='ocrx_word' id='word_1_415' title='bbox 2330 3164 2489 3206; x_wconf 87' lang='lat' dir='ltr'><strong>orare</strong></span> <span class='ocrx_word' id='word_1_416' title='bbox 2520 3148 2833 3219; x_wconf 88' lang='lat' dir='ltr'><strong>Dominum,</strong></span> <span class='ocrx_word' id='word_1_417' title='bbox 2863 3159 2923 3211; x_wconf 90' lang='lat' dir='ltr'><strong>ut</strong></span> <span class='ocrx_word' id='word_1_418' title='bbox 2964 3153 3275 3226; x_wconf 85' lang='lat' dir='ltr'><strong>cuicunque</strong></span> <span class='ocrx_word' id='word_1_419' title='bbox 3310 3155 3513 3212; x_wconf 87' lang='lat' dir='ltr'><strong>actioni</strong></span> <span class='ocrx_word' id='word_1_420' title='bbox 3542 3158 3741 3212; x_wconf 69' lang='lat' dir='ltr'><strong>nostra:</strong></span> <span class='ocrx_word' id='word_1_421' title='bbox 3765 3157 3886 3214; x_wconf 80' lang='lat' dir='ltr'><strong>adsit</strong></span> 
     </span>
    </p>
   </div>
   <div class='ocr_carea' id='block_1_53' title="bbox 666 3240 3885 3319">
    <p class='ocr_par' dir='ltr' id='par_1_53' title="bbox 666 3240 3885 3319">
     <span class='ocr_line' id='line_1_53' title="bbox 666 3240 3885 3319; baseline 0.001 -16"><span class='ocrx_word' id='word_1_422' title='bbox 666 3257 722 3303; x_wconf 90' lang='lat' dir='ltr'><strong>et</strong></span> <span class='ocrx_word' id='word_1_423' title='bbox 747 3260 903 3316; x_wconf 84' lang='lat' dir='ltr'><strong>opem</strong></span> <span class='ocrx_word' id='word_1_424' title='bbox 941 3242 1100 3299; x_wconf 80' lang='lat' dir='ltr'><strong>ierat.</strong></span> <span class='ocrx_word' id='word_1_425' title='bbox 1137 3243 1463 3300; x_wconf 83' lang='lat' dir='ltr'><strong>Benefacere</strong></span> <span class='ocrx_word' id='word_1_426' title='bbox 1489 3251 1669 3299; x_wconf 83' lang='lat' dir='ltr'><strong>autem</strong></span> <span class='ocrx_word' id='word_1_427' title='bbox 1715 3241 1983 3313; x_wconf 88' lang='lat' dir='ltr'><strong>proximo,</strong></span> <span class='ocrx_word' id='word_1_428' title='bbox 2011 3242 2117 3297; x_wconf 92' lang='lat' dir='ltr'><strong>boc</strong></span> <span class='ocrx_word' id='word_1_429' title='bbox 2157 3240 2440 3297; x_wconf 85' lang='lat' dir='ltr'><strong>cbaritatis</strong></span> <span class='ocrx_word' id='word_1_430' title='bbox 2461 3252 2546 3299; x_wconf 89' lang='lat' dir='ltr'><strong>est</strong></span> <span class='ocrx_word' id='word_1_431' title='bbox 2569 3251 2624 3299; x_wconf 85' lang='lat' dir='ltr'><strong>et</strong></span> <span class='ocrx_word' id='word_1_432' title='bbox 2652 3244 2881 3306; x_wconf 75' lang='lat' dir='ltr'><strong>amoris.</strong></span> <span class='ocrx_word' id='word_1_433' title='bbox 2913 3245 3184 3313; x_wconf 82' lang='lat' dir='ltr'><strong>Quoniam</strong></span> <span class='ocrx_word' id='word_1_434' title='bbox 3228 3246 3396 3319; x_wconf 77' lang='lat' dir='ltr'><strong>igitur</strong></span> <span class='ocrx_word' id='word_1_435' title='bbox 3423 3246 3518 3319; x_wconf 88' lang='lat' dir='ltr'><strong>qui</strong></span> <span class='ocrx_word' id='word_1_436' title='bbox 3552 3246 3719 3305; x_wconf 75' lang='lat' dir='ltr'><strong>Deu-</strong></span> <span class='ocrx_word' id='word_1_437' title='bbox 3752 3245 3885 3305; x_wconf 75' lang='lat' dir='ltr'><strong>timel</strong></span> 
     </span>
    </p>
   </div>
   <div class='ocr_carea' id='block_1_54' title="bbox 667 3332 3884 3413">
    <p class='ocr_par' dir='ltr' id='par_1_54' title="bbox 667 3332 3884 3413">
     <span class='ocr_line' id='line_1_54' title="bbox 667 3332 3884 3413; baseline 0.001 -20"><span class='ocrx_word' id='word_1_438' title='bbox 667 3350 723 3397; x_wconf 77' lang='lat' dir='ltr'><strong>et</strong></span> <span class='ocrx_word' id='word_1_439' title='bbox 751 3340 983 3394; x_wconf 88' lang='lat' dir='ltr'><strong>Domino</strong></span> <span class='ocrx_word' id='word_1_440' title='bbox 1014 3336 1302 3408; x_wconf 87' lang='lat' dir='ltr'><strong>supplicat,</strong></span> <span class='ocrx_word' id='word_1_441' title='bbox 1336 3336 1439 3391; x_wconf 89' lang='lat' dir='ltr'><strong>sibi</strong></span> <span class='ocrx_word' id='word_1_442' title='bbox 1473 3337 1575 3391; x_wconf 86' lang='lat' dir='ltr'><strong>soli</strong></span> <span class='ocrx_word' id='word_1_443' title='bbox 1619 3334 1860 3405; x_wconf 81' lang='lat' dir='ltr'><strong>prodest,</strong></span> <span class='ocrx_word' id='word_1_444' title='bbox 1888 3343 1947 3390; x_wconf 87' lang='lat' dir='ltr'><strong>ct</strong></span> <span class='ocrx_word' id='word_1_445' title='bbox 1971 3332 2145 3389; x_wconf 85' lang='lat' dir='ltr'><strong>virtus</strong></span> <span class='ocrx_word' id='word_1_446' title='bbox 2172 3332 2355 3389; x_wconf 85' lang='lat' dir='ltr'><strong>omnis</strong></span> <span class='ocrx_word' id='word_1_447' title='bbox 2398 3349 2499 3405; x_wconf 84' lang='lat' dir='ltr'><strong>per</strong></span> <span class='ocrx_word' id='word_1_448' title='bbox 2541 3336 2864 3398; x_wconf 78' lang='lat' dir='ltr'><strong>cbaritatem</strong></span> <span class='ocrx_word' id='word_1_449' title='bbox 2909 3354 3043 3411; x_wconf 80' lang='lat' dir='ltr'><strong>erga</strong></span> <span class='ocrx_word' id='word_1_450' title='bbox 3070 3340 3383 3412; x_wconf 86' lang='lat' dir='ltr'><strong>proximum</strong></span> <span class='ocrx_word' id='word_1_451' title='bbox 3428 3340 3751 3413; x_wconf 67' lang='lat' dir='ltr'><strong>perﬁcitur;</strong></span> <span class='ocrx_word' id='word_1_452' title='bbox 3783 3342 3884 3398; x_wconf 84' lang='lat' dir='ltr'><strong>ideo</strong></span> 
     </span>
    </p>
   </div>
   <div class='ocr_carea' id='block_1_55' title="bbox 668 3426 3886 3506">
    <p class='ocr_par' dir='ltr' id='par_1_55' title="bbox 668 3426 3886 3506">
     <span class='ocr_line' id='line_1_55' title="bbox 668 3426 3886 3506; baseline -0.002 -14"><span class='ocrx_word' id='word_1_453' title='bbox 668 3435 805 3492; x_wconf 81' lang='lat' dir='ltr'><strong>dixit</strong></span> <span class='ocrx_word' id='word_1_454' title='bbox 846 3450 1010 3490; x_wconf 88' lang='lat' dir='ltr'><strong>senex</strong></span> <span class='ocrx_word' id='word_1_455' title='bbox 1042 3434 1205 3490; x_wconf 88' lang='lat' dir='ltr'><strong>etiam</strong></span> <span class='ocrx_word' id='word_1_456' title='bbox 1258 3432 1506 3503; x_wconf 77' lang='lat' dir='ltr'><strong>proximo</strong></span> <span class='ocrx_word' id='word_1_457' title='bbox 1542 3430 2009 3488; x_wconf 84' lang='lat' dir='ltr'><strong>bcnel‘aciendum.</strong></span> <span class='ocrx_word' id='word_1_458' title='bbox 2063 3426 2199 3484; x_wconf 73' lang='lat' dir='ltr'><strong>Nam</strong></span> <span class='ocrx_word' id='word_1_459' title='bbox 2236 3428 2332 3500; x_wconf 92' lang='lat' dir='ltr'><strong>qui</strong></span> <span class='ocrx_word' id='word_1_460' title='bbox 2377 3428 2545 3484; x_wconf 91' lang='lat' dir='ltr'><strong>Deum</strong></span> <span class='ocrx_word' id='word_1_461' title='bbox 2592 3431 2744 3487; x_wconf 89' lang='lat' dir='ltr'><strong>timet</strong></span> <span class='ocrx_word' id='word_1_462' title='bbox 2786 3441 2843 3488; x_wconf 86' lang='lat' dir='ltr'><strong>et</strong></span> <span class='ocrx_word' id='word_1_463' title='bbox 2888 3432 3068 3491; x_wconf 82' lang='lat' dir='ltr'><strong>eidem</strong></span> <span class='ocrx_word' id='word_1_464' title='bbox 3121 3435 3412 3506; x_wconf 79' lang='lat' dir='ltr'><strong>supplicat,</strong></span> <span class='ocrx_word' id='word_1_465' title='bbox 3464 3434 3627 3492; x_wconf 82' lang='lat' dir='ltr'><strong>debet</strong></span> <span class='ocrx_word' id='word_1_466' title='bbox 3672 3434 3758 3490; x_wconf 72' lang='lat' dir='ltr'><strong>hic</strong></span> <span class='ocrx_word' id='word_1_467' title='bbox 3797 3433 3886 3489; x_wconf 86' lang='lat' dir='ltr'><strong>uti-</strong></span> 
     </span>
    </p>
   </div>
   <div class='ocr_carea' id='block_1_56' title="bbox 668 3511 3884 3609">
    <p class='ocr_par' dir='ltr' id='par_1_56' title="bbox 668 3511 3884 3609">
     <span class='ocr_line' id='line_1_56' title="bbox 668 3511 3884 3609; baseline -0.002 -24"><span class='ocrx_word' id='word_1_468' title='bbox 668 3546 775 3601; x_wconf 87' lang='lat' dir='ltr'><strong>que</strong></span> <span class='ocrx_word' id='word_1_469' title='bbox 802 3532 1050 3601; x_wconf 88' lang='lat' dir='ltr'><strong>proximo</strong></span> <span class='ocrx_word' id='word_1_470' title='bbox 1080 3528 1335 3599; x_wconf 77' lang='lat' dir='ltr'><strong>prodesse</strong></span> <span class='ocrx_word' id='word_1_471' title='bbox 1361 3538 1415 3582; x_wconf 89' lang='lat' dir='ltr'><strong>et</strong></span> <span class='ocrx_word' id='word_1_472' title='bbox 1457 3526 1793 3583; x_wconf 81' lang='lat' dir='ltr'><strong>benefacere.</strong></span> <span class='ocrx_word' id='word_1_473' title='bbox 1835 3523 1949 3580; x_wconf 80' lang='lat' dir='ltr'><strong>Hoc</strong></span> <span class='ocrx_word' id='word_1_474' title='bbox 1972 3532 2056 3580; x_wconf 83' lang='lat' dir='ltr'><strong>est</strong></span> <span class='ocrx_word' id='word_1_475' title='bbox 2077 3522 2225 3609; x_wconf 79' lang='lat' dir='ltr'><strong>enim</strong></span> <span class='ocrx_word' id='word_1_476' title='bbox 2268 3523 2371 3594; x_wconf 91' lang='lat' dir='ltr'><strong>(ut</strong></span> <span class='ocrx_word' id='word_1_477' title='bbox 2408 3523 2565 3597; x_wconf 85' lang='lat' dir='ltr'><strong>dixi)</strong></span> <span class='ocrx_word' id='word_1_478' title='bbox 2612 3525 2898 3582; x_wconf 84' lang='lat' dir='ltr'><strong>charitatis</strong></span> <span class='ocrx_word' id='word_1_479' title='bbox 2941 3534 2999 3581; x_wconf 79' lang='lat' dir='ltr'><strong>et</strong></span> <span class='ocrx_word' id='word_1_480' title='bbox 3034 3526 3242 3585; x_wconf 83' lang='lat' dir='ltr'><strong>amoris</strong></span> <span class='ocrx_word' id='word_1_481' title='bbox 3284 3511 3592 3600; x_wconf 65' lang='lat' dir='ltr'><strong>proprium.</strong></span> <span class='ocrx_word' id='word_1_482' title='bbox 3634 3525 3755 3583; x_wconf 67' lang='lat' dir='ltr'><strong>Haec</strong></span> <span class='ocrx_word' id='word_1_483' title='bbox 3784 3539 3884 3597; x_wconf 79' lang='lat' dir='ltr'><strong>per-</strong></span> 
     </span>
    </p>
   </div>
   <div class='ocr_carea' id='block_1_57' title="bbox 670 3620 3881 3698">
    <p class='ocr_par' dir='ltr' id='par_1_57' title="bbox 670 3620 3881 3698">
     <span class='ocr_line' id='line_1_57' title="bbox 670 3620 3881 3698; baseline -0.005 -12"><span class='ocrx_word' id='word_1_484' title='bbox 670 3630 834 3686; x_wconf 83' lang='lat' dir='ltr'><strong>l‘ectio</strong></span> <span class='ocrx_word' id='word_1_485' title='bbox 861 3632 1123 3685; x_wconf 84' lang='lat' dir='ltr'><strong>virtutqu</strong></span> <span class='ocrx_word' id='word_1_486' title='bbox 1154 3636 1237 3684; x_wconf 86' lang='lat' dir='ltr'><strong>est</strong></span> <span class='ocrx_word' id='word_1_487' title='bbox 1259 3669 1275 3695; x_wconf 92' lang='lat'><strong>,</strong></span> <span class='ocrx_word' id='word_1_488' title='bbox 1308 3640 1369 3683; x_wconf 93' lang='lat' dir='ltr'><strong>ut</strong></span> <span class='ocrx_word' id='word_1_489' title='bbox 1409 3629 1486 3682; x_wconf 85' lang='lat' dir='ltr'><strong>ait</strong></span> <span class='ocrx_word' id='word_1_490' title='bbox 1528 3634 1751 3683; x_wconf 85' lang='lat' dir='ltr'><strong>sanctus</strong></span> <span class='ocrx_word' id='word_1_491' title='bbox 1796 3625 2091 3698; x_wconf 76' lang='lat' dir='ltr'><strong>Apostolus</strong></span> <span class='ocrx_word' id='word_1_492' title='bbox 2119 3636 2168 3679; x_wconf 80' lang='grc' dir='ltr'><strong>ι.</strong></span> <span class='ocrx_word' id='word_1_493' title='bbox 2200 3623 2386 3682; x_wconf 85' lang='lat' dir='ltr'><strong>Gloria</strong></span> <span class='ocrx_word' id='word_1_494' title='bbox 2416 3628 2491 3683; x_wconf 92' lang='lat' dir='ltr'><strong>sit</strong></span> <span class='ocrx_word' id='word_1_495' title='bbox 2534 3625 2645 3683; x_wconf 89' lang='lat' dir='ltr'><strong>Deo</strong></span> <span class='ocrx_word' id='word_1_496' title='bbox 2684 3637 2895 3691; x_wconf 89' lang='lat' dir='ltr'><strong>nostro,</strong></span> <span class='ocrx_word' id='word_1_497' title='bbox 2943 3638 3091 3682; x_wconf 87' lang='lat' dir='ltr'><strong>nunc</strong></span> <span class='ocrx_word' id='word_1_498' title='bbox 3121 3631 3179 3678; x_wconf 85' lang='lat' dir='ltr'><strong>et</strong></span> <span class='ocrx_word' id='word_1_499' title='bbox 3220 3622 3275 3677; x_wconf 86' lang='lat' dir='ltr'><strong>lu</strong></span> <span class='ocrx_word' id='word_1_500' title='bbox 3312 3620 3516 3680; x_wconf 64' lang='lat' dir='ltr'><strong>secula</strong></span> <span class='ocrx_word' id='word_1_501' title='bbox 3566 3620 3881 3676; x_wconf 71' lang='lat' dir='ltr'><strong>saeculorum.</strong></span> 
     </span>
    </p>
   </div>
   <div class='ocr_carea' id='block_1_58' title="bbox 670 3726 865 3779">
    <p class='ocr_par' dir='ltr' id='par_1_58' title="bbox 670 3726 865 3779">
     <span class='ocr_line' id='line_1_58' title="bbox 670 3726 865 3779; baseline 0.015 -3"><span class='ocrx_word' id='word_1_502' title='bbox 670 3726 865 3779; x_wconf 81' lang='lat' dir='ltr'><strong>Amen.</strong></span> 
     </span>
    </p>
   </div>
   <div class='ocr_carea' id='block_1_59' title="bbox 1196 3838 1707 3896">
    <p class='ocr_par' dir='ltr' id='par_1_59' title="bbox 1196 3838 1707 3896">
     <span class='ocr_line' id='line_1_59' title="bbox 1196 3838 1707 3896; baseline -0.002 -1"><span class='ocrx_word' id='word_1_503' title='bbox 1196 3838 1540 3896; x_wconf 75' lang='lat' dir='ltr'><strong>DOCTRINA</strong></span> <span class='ocrx_word' id='word_1_504' title='bbox 1566 3838 1707 3895; x_wconf 76' lang='lat' dir='ltr'><strong>XIX.</strong></span> 
     </span>
    </p>
   </div>
   <div class='ocr_carea' id='block_1_60' title="bbox 815 3931 2093 4005">
    <p class='ocr_par' dir='ltr' id='par_1_60' title="bbox 815 3931 2093 4005">
     <span class='ocr_line' id='line_1_60' title="bbox 815 3931 2093 4005; baseline -0.005 -16"><span class='ocrx_word' id='word_1_505' title='bbox 815 3934 1064 4005; x_wconf 75' lang='lat' dir='ltr'><strong>Ejusdem</strong></span> <span class='ocrx_word' id='word_1_506' title='bbox 1105 3936 1274 3988; x_wconf 81' lang='lat' dir='ltr'><strong>breves</strong></span> <span class='ocrx_word' id='word_1_507' title='bbox 1307 3945 1355 3987; x_wconf 85' lang='lat' dir='ltr'><strong>et</strong></span> <span class='ocrx_word' id='word_1_508' title='bbox 1396 3934 1773 4003; x_wconf 60' lang='lat' dir='ltr'><strong>compendio“:</strong></span> <span class='ocrx_word' id='word_1_509' title='bbox 1802 3931 2093 3987; x_wconf 68' lang='lat' dir='ltr'><strong>sententia.</strong></span> 
     </span>
    </p>
   </div>
   <div class='ocr_carea' id='block_1_61' title="bbox 744 4022 2235 4093">
    <p class='ocr_par' dir='ltr' id='par_1_61' title="bbox 744 4022 2235 4093">
     <span class='ocr_line' id='line_1_61' title="bbox 744 4022 2235 4093; baseline -0.002 -16"><span class='ocrx_word' id='word_1_510' title='bbox 744 4026 935 4079; x_wconf 83' lang='lat' dir='ltr'><strong>Aiebat</strong></span> <span class='ocrx_word' id='word_1_511' title='bbox 968 4025 1136 4079; x_wconf 86' lang='lat' dir='ltr'><strong>abbas</strong></span> <span class='ocrx_word' id='word_1_512' title='bbox 1166 4023 1471 4078; x_wconf 89' lang='lat' dir='ltr'><strong>Dorotheus</strong></span> <span class='ocrx_word' id='word_1_513' title='bbox 1499 4037 1623 4078; x_wconf 90' lang='lat' dir='ltr'><strong>cum</strong></span> <span class='ocrx_word' id='word_1_514' title='bbox 1669 4022 1762 4093; x_wconf 90' lang='lat' dir='ltr'><strong>qui</strong></span> <span class='ocrx_word' id='word_1_515' title='bbox 1797 4022 2000 4093; x_wconf 88' lang='lat' dir='ltr'><strong>proprii</strong></span> <span class='ocrx_word' id='word_1_516' title='bbox 2041 4036 2235 4077; x_wconf 84' lang='lat' dir='ltr'><strong>sensus</strong></span> 
     </span>
    </p>
   </div>
   <div class='ocr_carea' id='block_1_62' title="bbox 671 4112 2235 4186">
    <p class='ocr_par' dir='ltr' id='par_1_62' title="bbox 671 4112 2235 4186">
     <span class='ocr_line' id='line_1_62' title="bbox 671 4112 2235 4186; baseline -0.003 -15"><span class='ocrx_word' id='word_1_517' title='bbox 671 4122 726 4171; x_wconf 88' lang='lat' dir='ltr'><strong>et</strong></span> <span class='ocrx_word' id='word_1_518' title='bbox 754 4114 1053 4169; x_wconf 87' lang='lat' dir='ltr'><strong>voluntatis</strong></span> <span class='ocrx_word' id='word_1_519' title='bbox 1085 4124 1249 4179; x_wconf 90' lang='lat' dir='ltr'><strong>esset,</strong></span> <span class='ocrx_word' id='word_1_520' title='bbox 1284 4112 1425 4169; x_wconf 88' lang='lat' dir='ltr'><strong>haud</strong></span> <span class='ocrx_word' id='word_1_521' title='bbox 1470 4129 1709 4186; x_wconf 88' lang='lat' dir='ltr'><strong>unquam</strong></span> <span class='ocrx_word' id='word_1_522' title='bbox 1744 4128 1930 4183; x_wconf 86' lang='lat' dir='ltr'><strong>parere</strong></span> <span class='ocrx_word' id='word_1_523' title='bbox 1961 4126 2122 4185; x_wconf 83' lang='lat' dir='ltr'><strong>posse</strong></span> <span class='ocrx_word' id='word_1_524' title='bbox 2152 4114 2235 4167; x_wconf 84' lang='lat' dir='ltr'><strong>vel</strong></span> 
     </span>
    </p>
   </div>
   <div class='ocr_carea' id='block_1_63' title="bbox 673 4203 1482 4271">
    <p class='ocr_par' dir='ltr' id='par_1_63' title="bbox 673 4203 1482 4271">
     <span class='ocr_line' id='line_1_63' title="bbox 673 4203 1482 4271; baseline -0.001 -12"><span class='ocrx_word' id='word_1_525' title='bbox 673 4205 951 4259; x_wconf 78' lang='lat' dir='ltr'><strong>adluerere</strong></span> <span class='ocrx_word' id='word_1_526' title='bbox 977 4203 1208 4271; x_wconf 85' lang='lat' dir='ltr'><strong>proximi</strong></span> <span class='ocrx_word' id='word_1_527' title='bbox 1244 4204 1482 4259; x_wconf 87' lang='lat' dir='ltr'><strong>utilitati.</strong></span> 
     </span>
    </p>
   </div>
   <div class='ocr_carea' id='block_1_64' title="bbox 744 4296 2237 4368">
    <p class='ocr_par' dir='ltr' id='par_1_64' title="bbox 744 4296 2237 4368">
     <span class='ocr_line' id='line_1_64' title="bbox 744 4296 2237 4368; baseline 0.001 -18"><span class='ocrx_word' id='word_1_528' title='bbox 744 4297 935 4351; x_wconf 84' lang='lat' dir='ltr'><strong>Aiebat</strong></span> <span class='ocrx_word' id='word_1_529' title='bbox 961 4296 1143 4359; x_wconf 88' lang='lat' dir='ltr'><strong>etiam,</strong></span> <span class='ocrx_word' id='word_1_530' title='bbox 1176 4312 1299 4353; x_wconf 89' lang='lat' dir='ltr'><strong>cum</strong></span> <span class='ocrx_word' id='word_1_531' title='bbox 1336 4296 1511 4352; x_wconf 91' lang='lat' dir='ltr'><strong>simus</strong></span> <span class='ocrx_word' id='word_1_532' title='bbox 1544 4311 1735 4353; x_wconf 85' lang='lat' dir='ltr'><strong>omnes</strong></span> <span class='ocrx_word' id='word_1_533' title='bbox 1765 4307 2096 4368; x_wconf 76' lang='lat' dir='ltr'><strong>peccatores,</strong></span> <span class='ocrx_word' id='word_1_534' title='bbox 2129 4313 2237 4352; x_wconf 91' lang='lat' dir='ltr'><strong>non</strong></span> 
     </span>
    </p>
   </div>
   <div class='ocr_carea' id='block_1_65' title="bbox 672 4390 2233 4459">
    <p class='ocr_par' dir='ltr' id='par_1_65' title="bbox 672 4390 2233 4459">
     <span class='ocr_line' id='line_1_65' title="bbox 672 4390 2233 4459; baseline 0.001 -16"><span class='ocrx_word' id='word_1_535' title='bbox 672 4390 869 4444; x_wconf 88' lang='lat' dir='ltr'><strong>debere</strong></span> <span class='ocrx_word' id='word_1_536' title='bbox 909 4405 1011 4444; x_wconf 88' lang='lat' dir='ltr'><strong>nos</strong></span> <span class='ocrx_word' id='word_1_537' title='bbox 1043 4404 1253 4459; x_wconf 82' lang='lat' dir='ltr'><strong>setnper</strong></span> <span class='ocrx_word' id='word_1_538' title='bbox 1278 4398 1333 4447; x_wconf 86' lang='lat' dir='ltr'><strong>et</strong></span> <span class='ocrx_word' id='word_1_539' title='bbox 1374 4390 1427 4443; x_wconf 91' lang='lat' dir='ltr'><strong>in</strong></span> <span class='ocrx_word' id='word_1_540' title='bbox 1452 4390 1665 4445; x_wconf 84' lang='lat' dir='ltr'><strong>cunctis</strong></span> <span class='ocrx_word' id='word_1_541' title='bbox 1694 4391 1859 4444; x_wconf 86' lang='lat' dir='ltr'><strong>menti</strong></span> <span class='ocrx_word' id='word_1_542' title='bbox 1890 4401 2085 4446; x_wconf 48' lang='lat' dir='ltr'><strong>nostris</strong></span> <span class='ocrx_word' id='word_1_543' title='bbox 2117 4408 2233 4445; x_wconf 87' lang='lat' dir='ltr'><strong>cre-</strong></span> 
     </span>
    </p>
   </div>
   <div class='ocr_carea' id='block_1_66' title="bbox 673 4483 2238 4557">
    <p class='ocr_par' dir='ltr' id='par_1_66' title="bbox 673 4483 2238 4557">
     <span class='ocr_line' id='line_1_66' title="bbox 673 4483 2238 4557; baseline 0.001 -20"><span class='ocrx_word' id='word_1_544' title='bbox 673 4485 835 4555; x_wconf 85' lang='lat' dir='ltr'><strong>dere:</strong></span> <span class='ocrx_word' id='word_1_545' title='bbox 865 4484 1139 4555; x_wconf 86' lang='lat' dir='ltr'><strong>obliquam</strong></span> <span class='ocrx_word' id='word_1_546' title='bbox 1165 4483 1308 4539; x_wconf 90' lang='lat' dir='ltr'><strong>enim</strong></span> <span class='ocrx_word' id='word_1_547' title='bbox 1338 4484 1579 4557; x_wconf 86' lang='lat' dir='ltr'><strong>regulam</strong></span> <span class='ocrx_word' id='word_1_548' title='bbox 1602 4497 1720 4555; x_wconf 54' lang='lat' dir='ltr'><strong>qua</strong></span> <span class='ocrx_word' id='word_1_549' title='bbox 1744 4496 1889 4538; x_wconf 88' lang='lat' dir='ltr'><strong>recta</strong></span> <span class='ocrx_word' id='word_1_550' title='bbox 1922 4496 2123 4551; x_wconf 68' lang='lat' dir='ltr'><strong>CaSUlll,</strong></span> <span class='ocrx_word' id='word_1_551' title='bbox 2153 4484 2238 4538; x_wconf 86' lang='lat' dir='ltr'><strong>iu-</strong></span> 
     </span>
    </p>
   </div>
   <div class='ocr_carea' id='block_1_67' title="bbox 674 4574 1342 4645">
    <p class='ocr_par' dir='ltr' id='par_1_67' title="bbox 674 4574 1342 4645">
     <span class='ocr_line' id='line_1_67' title="bbox 674 4574 1342 4645; baseline 0.001 -17"><span class='ocrx_word' id='word_1_552' title='bbox 674 4574 894 4632; x_wconf 84' lang='lat' dir='ltr'><strong>ilectere</strong></span> <span class='ocrx_word' id='word_1_553' title='bbox 922 4585 977 4631; x_wconf 89' lang='lat' dir='ltr'><strong>et</strong></span> <span class='ocrx_word' id='word_1_554' title='bbox 1011 4577 1342 4645; x_wconf 85' lang='lat' dir='ltr'><strong>intorquere.</strong></span> 
     </span>
    </p>
   </div>
   <div class='ocr_carea' id='block_1_68' title="bbox 748 4666 2241 4741">
    <p class='ocr_par' dir='ltr' id='par_1_68' title="bbox 748 4666 2241 4741">
     <span class='ocr_line' id='line_1_68' title="bbox 748 4666 2241 4741; baseline 0.003 -20"><span class='ocrx_word' id='word_1_555' title='bbox 748 4666 902 4723; x_wconf 87' lang='lat' dir='ltr'><strong>llaud</strong></span> <span class='ocrx_word' id='word_1_556' title='bbox 942 4683 1063 4726; x_wconf 76' lang='lat' dir='ltr'><strong>esse</strong></span> <span class='ocrx_word' id='word_1_557' title='bbox 1104 4682 1359 4739; x_wconf 87' lang='lat' dir='ltr'><strong>maguum</strong></span> <span class='ocrx_word' id='word_1_558' title='bbox 1402 4681 1511 4723; x_wconf 78' lang='lat' dir='ltr'><strong>non</strong></span> <span class='ocrx_word' id='word_1_559' title='bbox 1540 4667 1786 4739; x_wconf 76' lang='lat' dir='ltr'><strong>judicare</strong></span> <span class='ocrx_word' id='word_1_560' title='bbox 1810 4708 1827 4734; x_wconf 94' lang='lat'><strong>,</strong></span> <span class='ocrx_word' id='word_1_561' title='bbox 1865 4677 1962 4723; x_wconf 91' lang='lat' dir='ltr'><strong>aut</strong></span> <span class='ocrx_word' id='word_1_562' title='bbox 2005 4671 2241 4741; x_wconf 84' lang='lat' dir='ltr'><strong>compati</strong></span> 
     </span>
    </p>
   </div>
   <div class='ocr_carea' id='block_1_69' title="bbox 679 4759 2241 4832">
    <p class='ocr_par' dir='ltr' id='par_1_69' title="bbox 679 4759 2241 4832">
     <span class='ocr_line' id='line_1_69' title="bbox 679 4759 2241 4832; baseline 0 -16"><span class='ocrx_word' id='word_1_563' title='bbox 679 4760 877 4816; x_wconf 82' lang='lat' dir='ltr'><strong>amicto</strong></span> <span class='ocrx_word' id='word_1_564' title='bbox 896 4768 951 4815; x_wconf 90' lang='lat' dir='ltr'><strong>et</strong></span> <span class='ocrx_word' id='word_1_565' title='bbox 976 4760 1190 4817; x_wconf 82' lang='lat' dir='ltr'><strong>subdito</strong></span> <span class='ocrx_word' id='word_1_566' title='bbox 1212 4759 1346 4827; x_wconf 88' lang='lat' dir='ltr'><strong>tibi;</strong></span> <span class='ocrx_word' id='word_1_567' title='bbox 1381 4759 1477 4816; x_wconf 85' lang='lat' dir='ltr'><strong>sed</strong></span> <span class='ocrx_word' id='word_1_568' title='bbox 1503 4774 1757 4832; x_wconf 81' lang='lat' dir='ltr'><strong>magnum</strong></span> <span class='ocrx_word' id='word_1_569' title='bbox 1791 4775 1900 4815; x_wconf 87' lang='lat' dir='ltr'><strong>non</strong></span> <span class='ocrx_word' id='word_1_570' title='bbox 1935 4760 2117 4828; x_wconf 87' lang='lat' dir='ltr'><strong>irasci,</strong></span> <span class='ocrx_word' id='word_1_571' title='bbox 2146 4770 2241 4818; x_wconf 89' lang='lat' dir='ltr'><strong>aut</strong></span> 
     </span>
    </p>
   </div>
   <div class='ocr_carea' id='block_1_70' title="bbox 2812 3835 3380 3895">
    <p class='ocr_par' dir='ltr' id='par_1_70' title="bbox 2812 3835 3380 3895">
     <span class='ocr_line' id='line_1_70' title="bbox 2812 3835 3380 3895; baseline 0 -3"><span class='ocrx_word' id='word_1_572' title='bbox 2812 3836 3223 3895; x_wconf 78' lang='grc' dir='ltr'><strong>ΔΙΔΑΣΚΑΛΙΑ</strong></span> <span class='ocrx_word' id='word_1_573' title='bbox 3277 3835 3380 3892; x_wconf 74' lang='lat'><strong>19&#39;.</strong></span> 
     </span>
    </p>
   </div>
   <div class='ocr_carea' id='block_1_71' title="bbox 2446 3926 3791 4003">
    <p class='ocr_par' dir='ltr' id='par_1_71' title="bbox 2446 3926 3791 4003">
     <span class='ocr_line' id='line_1_71' title="bbox 2446 3926 3791 4003; baseline -0.007 -15"><span class='ocrx_word' id='word_1_574' title='bbox 2446 3930 2559 3988; x_wconf 82' lang='grc' dir='ltr'><strong>Τοῦ</strong></span> <span class='ocrx_word' id='word_1_575' title='bbox 2596 3930 2784 3986; x_wconf 85' lang='grc' dir='ltr'>αὑτοῦ</span> <span class='ocrx_word' id='word_1_576' title='bbox 2818 3932 3057 4003; x_wconf 75' lang='grc' dir='ltr'>ῥήματα</span> <span class='ocrx_word' id='word_1_577' title='bbox 3085 3928 3360 4001; x_wconf 66' lang='grc' dir='ltr'>διάφορα,</span> <span class='ocrx_word' id='word_1_578' title='bbox 3401 3927 3474 3981; x_wconf 71' lang='grc' dir='ltr'>ἐν</span> <span class='ocrx_word' id='word_1_579' title='bbox 3500 3926 3791 3997; x_wconf 74' lang='grc' dir='ltr'>συντόμῳ.</span> 
     </span>
    </p>
   </div>
   <div class='ocr_carea' id='block_1_72' title="bbox 2414 4015 3881 4098">
    <p class='ocr_par' dir='ltr' id='par_1_72' title="bbox 2414 4015 3881 4098">
     <span class='ocr_line' id='line_1_72' title="bbox 2414 4015 3881 4098; baseline -0.007 -17"><span class='ocrx_word' id='word_1_580' title='bbox 2414 4024 2475 4078; x_wconf 85' lang='lat'><strong>&#39;0</strong></span> <span class='ocrx_word' id='word_1_581' title='bbox 2497 4025 2670 4090; x_wconf 79' lang='grc' dir='ltr'><strong>ἁόϐᾶς</strong></span> <span class='ocrx_word' id='word_1_582' title='bbox 2699 4024 2977 4098; x_wconf 80' lang='grc' dir='ltr'>Δωρόθεος</span> <span class='ocrx_word' id='word_1_583' title='bbox 3018 4024 3204 4093; x_wconf 61' lang='grc' dir='ltr'>ἔλεγεν</span> <span class='ocrx_word' id='word_1_584' title='bbox 3244 4022 3328 4076; x_wconf 78' lang='grc' dir='ltr'>ὅτι</span> <span class='ocrx_word' id='word_1_585' title='bbox 3355 4020 3623 4075; x_wconf 79' lang='grc' dir='ltr'>ἀδύνατόν</span> <span class='ocrx_word' id='word_1_586' title='bbox 3670 4019 3780 4074; x_wconf 72' lang='grc' dir='ltr'>ἐστι</span> <span class='ocrx_word' id='word_1_587' title='bbox 3810 4015 3881 4071; x_wconf 62' lang='grc' dir='ltr'>τὸν</span> 
     </span>
    </p>
   </div>
   <div class='ocr_carea' id='block_1_73' title="bbox 2335 4109 3881 4189">
    <p class='ocr_par' dir='ltr' id='par_1_73' title="bbox 2335 4109 3881 4189">
     <span class='ocr_line' id='line_1_73' title="bbox 2335 4109 3881 4189; baseline -0.003 -18"><span class='ocrx_word' id='word_1_588' title='bbox 2335 4117 2527 4189; x_wconf 71' lang='grc' dir='ltr'>ἔχοντα</span> <span class='ocrx_word' id='word_1_589' title='bbox 2570 4119 2708 4174; x_wconf 85' lang='grc' dir='ltr'>ίδίαν</span> <span class='ocrx_word' id='word_1_590' title='bbox 2738 4119 2978 4184; x_wconf 83' lang='grc' dir='ltr'>σύνεσιν,</span> <span class='ocrx_word' id='word_1_591' title='bbox 3010 4118 3047 4189; x_wconf 68' lang='grc' dir='ltr'>ἢ</span> <span class='ocrx_word' id='word_1_592' title='bbox 3096 4115 3229 4169; x_wconf 70' lang='lat' dir='ltr'><strong>rem</strong></span> <span class='ocrx_word' id='word_1_593' title='bbox 3257 4113 3545 4185; x_wconf 78' lang='grc' dir='ltr'>λογισμὸν,</span> <span class='ocrx_word' id='word_1_594' title='bbox 3576 4109 3881 4179; x_wconf 71' lang='grc' dir='ltr'>ὑποταγῆναι</span> 
     </span>
    </p>
   </div>
   <div class='ocr_carea' id='block_1_74' title="bbox 2338 4209 3499 4285">
    <p class='ocr_par' dir='ltr' id='par_1_74' title="bbox 2338 4209 3499 4285">
     <span class='ocr_line' id='line_1_74' title="bbox 2338 4209 3499 4285; baseline -0.005 -15"><span class='ocrx_word' id='word_1_595' title='bbox 2338 4214 2432 4270; x_wconf 73' lang='grc' dir='ltr'><strong>καὶ</strong></span> <span class='ocrx_word' id='word_1_596' title='bbox 2456 4213 2820 4285; x_wconf 69' lang='grc' dir='ltr'>ἀκολουθῆσαι</span> <span class='ocrx_word' id='word_1_597' title='bbox 2838 4214 2901 4269; x_wconf 74' lang='grc' dir='ltr'><strong>τὸ</strong></span> <span class='ocrx_word' id='word_1_598' title='bbox 2923 4210 3091 4267; x_wconf 75' lang='grc' dir='ltr'>καλὸν</span> <span class='ocrx_word' id='word_1_599' title='bbox 3117 4209 3215 4267; x_wconf 81' lang='grc' dir='ltr'><strong>τοῦ</strong></span> <span class='ocrx_word' id='word_1_600' title='bbox 3247 4209 3499 4283; x_wconf 79' lang='grc' dir='ltr'>πλησίον.</span> 
     </span>
    </p>
   </div>
   <div class='ocr_carea' id='block_1_75' title="bbox 2407 4298 3879 4376">
    <p class='ocr_par' dir='ltr' id='par_1_75' title="bbox 2407 4298 3879 4376">
     <span class='ocr_line' id='line_1_75' title="bbox 2407 4298 3879 4376; baseline -0.005 -17"><span class='ocrx_word' id='word_1_601' title='bbox 2407 4305 2601 4372; x_wconf 81' lang='grc' dir='ltr'>Ἔλεγε</span> <span class='ocrx_word' id='word_1_602' title='bbox 2632 4303 2815 4369; x_wconf 85' lang='grc' dir='ltr'>πάλιν,</span> <span class='ocrx_word' id='word_1_603' title='bbox 2842 4306 2928 4364; x_wconf 80' lang='grc' dir='ltr'>ὅτι</span> <span class='ocrx_word' id='word_1_604' title='bbox 2977 4302 3247 4376; x_wconf 74' lang='grc' dir='ltr'>ἐμπαθεῖς</span> <span class='ocrx_word' id='word_1_605' title='bbox 3274 4303 3450 4367; x_wconf 71' lang='grc' dir='ltr'>ὅντες,</span> <span class='ocrx_word' id='word_1_606' title='bbox 3485 4302 3590 4353; x_wconf 76' lang='grc' dir='ltr'>οὐκ</span> <span class='ocrx_word' id='word_1_607' title='bbox 3628 4298 3879 4370; x_wconf 69' lang='grc' dir='ltr'>ὀφείλομεν</span> 
     </span>
    </p>
   </div>
   <div class='ocr_carea' id='block_1_76' title="bbox 2332 4386 3883 4470">
    <p class='ocr_par' dir='ltr' id='par_1_76' title="bbox 2332 4386 3883 4470">
     <span class='ocr_line' id='line_1_76' title="bbox 2332 4386 3883 4470; baseline -0.004 -17"><span class='ocrx_word' id='word_1_608' title='bbox 2332 4400 2473 4459; x_wconf 71' lang='grc' dir='ltr'>ὅλως</span> <span class='ocrx_word' id='word_1_609' title='bbox 2504 4396 2783 4451; x_wconf 82' lang='grc' dir='ltr'>πιστεύειν</span> <span class='ocrx_word' id='word_1_610' title='bbox 2805 4400 2874 4470; x_wconf 81' lang='grc' dir='ltr'>τῇ</span> <span class='ocrx_word' id='word_1_611' title='bbox 2906 4397 3014 4470; x_wconf 78' lang='grc' dir='ltr'>ίδίᾳ</span> <span class='ocrx_word' id='word_1_612' title='bbox 3052 4397 3252 4469; x_wconf 71' lang='grc' dir='ltr'>καρδίᾳ</span> <span class='ocrx_word' id='word_1_613' title='bbox 3276 4414 3293 4430; x_wconf 77' lang='grc' dir='ltr'><strong>ο</strong></span> <span class='ocrx_word' id='word_1_614' title='bbox 3325 4395 3570 4466; x_wconf 70' lang='grc' dir='ltr'>σκαμῶς</span> <span class='ocrx_word' id='word_1_615' title='bbox 3603 4395 3709 4465; x_wconf 78' lang='grc' dir='ltr'><strong>γὰρ</strong></span> <span class='ocrx_word' id='word_1_616' title='bbox 3736 4386 3883 4447; x_wconf 58' lang='lat' dir='ltr'><strong>uvis!</strong></span> 
     </span>
    </p>
   </div>
   <div class='ocr_carea' id='block_1_77' title="bbox 2338 4489 3135 4562">
    <p class='ocr_par' dir='ltr' id='par_1_77' title="bbox 2338 4489 3135 4562">
     <span class='ocr_line' id='line_1_77' title="bbox 2338 4489 3135 4562; baseline -0.003 -15"><span class='ocrx_word' id='word_1_617' title='bbox 2338 4492 2432 4547; x_wconf 79' lang='grc' dir='ltr'>καὶ</span> <span class='ocrx_word' id='word_1_618' title='bbox 2455 4489 2527 4544; x_wconf 83' lang='grc' dir='ltr'><strong>τὰ</strong></span> <span class='ocrx_word' id='word_1_619' title='bbox 2554 4490 2689 4562; x_wconf 69' lang='grc' dir='ltr'>ὀρθὰ</span> <span class='ocrx_word' id='word_1_620' title='bbox 2720 4490 2946 4562; x_wconf 79' lang='grc' dir='ltr'>σκαμόὰ</span> <span class='ocrx_word' id='word_1_621' title='bbox 2971 4493 3135 4545; x_wconf 77' lang='grc' dir='ltr'>ποιεῖ.</span> 
     </span>
    </p>
   </div>
   <div class='ocr_carea' id='block_1_78' title="bbox 2413 4666 3880 4747">
    <p class='ocr_par' dir='ltr' id='par_1_78' title="bbox 2413 4666 3880 4747">
     <span class='ocr_line' id='line_1_78' title="bbox 2413 4666 3880 4747; baseline -0.004 -16"><span class='ocrx_word' id='word_1_622' title='bbox 2413 4676 2607 4747; x_wconf 81' lang='grc' dir='ltr'>Ἔλεγε</span> <span class='ocrx_word' id='word_1_623' title='bbox 2657 4677 2843 4743; x_wconf 85' lang='grc' dir='ltr'>πάλιν,</span> <span class='ocrx_word' id='word_1_624' title='bbox 2888 4676 2972 4731; x_wconf 80' lang='grc' dir='ltr'>ὅτι</span> <span class='ocrx_word' id='word_1_625' title='bbox 2996 4674 3100 4729; x_wconf 77' lang='grc' dir='ltr'>οὐκ</span> <span class='ocrx_word' id='word_1_626' title='bbox 3128 4672 3242 4728; x_wconf 75' lang='grc' dir='ltr'>ἔστι</span> <span class='ocrx_word' id='word_1_627' title='bbox 3265 4671 3408 4745; x_wconf 77' lang='grc' dir='ltr'>μέγα</span> <span class='ocrx_word' id='word_1_628' title='bbox 3436 4671 3500 4726; x_wconf 77' lang='grc' dir='ltr'>τὸ</span> <span class='ocrx_word' id='word_1_629' title='bbox 3540 4672 3618 4744; x_wconf 76' lang='grc' dir='ltr'>μὴ</span> <span class='ocrx_word' id='word_1_630' title='bbox 3646 4674 3829 4744; x_wconf 66' lang='grc' dir='ltr'>κρῖναι,</span> <span class='ocrx_word' id='word_1_631' title='bbox 3854 4666 3880 4736; x_wconf 70' lang='grc' dir='ltr'>ἦ</span> 
     </span>
    </p>
   </div>
   <div class='ocr_carea' id='block_1_79' title="bbox 2340 4758 3882 4840">
    <p class='ocr_par' dir='ltr' id='par_1_79' title="bbox 2340 4758 3882 4840">
     <span class='ocr_line' id='line_1_79' title="bbox 2340 4758 3882 4840; baseline -0.006 -16"><span class='ocrx_word' id='word_1_632' title='bbox 2340 4769 2435 4824; x_wconf 75' lang='grc' dir='ltr'><strong>καὶ</strong></span> <span class='ocrx_word' id='word_1_633' title='bbox 2462 4768 2820 4840; x_wconf 84' lang='grc' dir='ltr'>συμπαθῆσαι</span> <span class='ocrx_word' id='word_1_634' title='bbox 2847 4767 2923 4839; x_wconf 80' lang='grc' dir='ltr'>τῷ</span> <span class='ocrx_word' id='word_1_635' title='bbox 2959 4768 3019 4820; x_wconf 76' lang='grc' dir='ltr'>ὲν</span> <span class='ocrx_word' id='word_1_636' title='bbox 3043 4764 3219 4837; x_wconf 75' lang='grc' dir='ltr'>θλίψει</span> <span class='ocrx_word' id='word_1_637' title='bbox 3262 4765 3377 4820; x_wconf 76' lang='grc' dir='ltr'>ὄντι</span> <span class='ocrx_word' id='word_1_638' title='bbox 3408 4764 3508 4819; x_wconf 80' lang='grc' dir='ltr'>καὶ</span> <span class='ocrx_word' id='word_1_639' title='bbox 3557 4758 3882 4819; x_wconf 80' lang='grc' dir='ltr'>ὑποπίπτοντί</span> 
     </span>
    </p>
   </div>
   <div class='ocr_carea' id='block_1_80' title="bbox 676 4850 2232 4931">
    <p class='ocr_par' dir='ltr' id='par_1_80' title="bbox 676 4850 2232 4922">
     <span class='ocr_line' id='line_1_80' title="bbox 676 4850 2232 4922; baseline 0.001 -15"><span class='ocrx_word' id='word_1_640' title='bbox 676 4850 914 4908; x_wconf 81' lang='lat' dir='ltr'><strong>conferri</strong></span> <span class='ocrx_word' id='word_1_641' title='bbox 959 4850 1008 4904; x_wconf 87' lang='lat' dir='ltr'><strong>ei</strong></span> <span class='ocrx_word' id='word_1_642' title='bbox 1049 4852 1142 4920; x_wconf 89' lang='lat' dir='ltr'><strong>qui</strong></span> <span class='ocrx_word' id='word_1_643' title='bbox 1188 4852 1261 4907; x_wconf 93' lang='lat' dir='ltr'><strong>ob</strong></span> <span class='ocrx_word' id='word_1_644' title='bbox 1297 4850 1483 4904; x_wconf 86' lang='lat' dir='ltr'><strong>vitium</strong></span> <span class='ocrx_word' id='word_1_645' title='bbox 1522 4867 1683 4906; x_wconf 87' lang='lat' dir='ltr'><strong>suum</strong></span> <span class='ocrx_word' id='word_1_646' title='bbox 1725 4850 1820 4906; x_wconf 88' lang='lat' dir='ltr'><strong>tibi</strong></span> <span class='ocrx_word' id='word_1_647' title='bbox 1864 4851 2046 4922; x_wconf 89' lang='lat' dir='ltr'><strong>aliqua</strong></span> <span class='ocrx_word' id='word_1_648' title='bbox 2086 4852 2139 4905; x_wconf 90' lang='lat' dir='ltr'><strong>in</strong></span> <span class='ocrx_word' id='word_1_649' title='bbox 2167 4869 2232 4910; x_wconf 72' lang='grc' dir='ltr'><strong>,τε</strong></span> 
     </span>
    </p>
   </div>
   <div class='ocr_carea' id='block_1_81' title="bbox 2337 4850 3883 4931">
    <p class='ocr_par' dir='ltr' id='par_1_81' title="bbox 2343 4850 3883 4931">
     <span class='ocr_line' id='line_1_81' title="bbox 2343 4850 3883 4931; baseline -0.006 -18"><span class='ocrx_word' id='word_1_650' title='bbox 2343 4877 2426 4913; x_wconf 87' lang='grc' dir='ltr'><strong>σοι</strong></span> <span class='ocrx_word' id='word_1_651' title='bbox 2454 4875 2468 4890; x_wconf 78' lang='grc' dir='ltr'><strong>ο</strong></span> <span class='ocrx_word' id='word_1_652' title='bbox 2494 4859 2638 4931; x_wconf 81' lang='grc' dir='ltr'>μέγα</span> <span class='ocrx_word' id='word_1_653' title='bbox 2665 4860 2724 4914; x_wconf 79' lang='grc' dir='ltr'><strong>δέ</strong></span> <span class='ocrx_word' id='word_1_654' title='bbox 2760 4861 2877 4913; x_wconf 75' lang='grc' dir='ltr'>ἔστι</span> <span class='ocrx_word' id='word_1_655' title='bbox 2921 4858 2985 4911; x_wconf 77' lang='grc' dir='ltr'>τὸ</span> <span class='ocrx_word' id='word_1_656' title='bbox 3026 4856 3103 4931; x_wconf 82' lang='grc' dir='ltr'>μὴ</span> <span class='ocrx_word' id='word_1_657' title='bbox 3134 4861 3340 4931; x_wconf 86' lang='grc' dir='ltr'>κρῖναι,</span> <span class='ocrx_word' id='word_1_658' title='bbox 3370 4855 3404 4928; x_wconf 81' lang='grc' dir='ltr'>ἢ</span> <span class='ocrx_word' id='word_1_659' title='bbox 3436 4857 3787 4927; x_wconf 75' lang='grc' dir='ltr'>άντιπατῆσαι</span> <span class='ocrx_word' id='word_1_660' title='bbox 3820 4850 3883 4921; x_wconf 78' lang='grc' dir='ltr'><strong>τῷ</strong></span> 
     </span>
    </p>
   </div>
   <div class='ocr_carea' id='block_1_82' title="bbox 677 4942 2240 5015">
    <p class='ocr_par' dir='ltr' id='par_1_82' title="bbox 677 4942 2240 5015">
     <span class='ocr_line' id='line_1_82' title="bbox 677 4942 2240 5015; baseline 0.001 -15"><span class='ocrx_word' id='word_1_661' title='bbox 677 4942 1104 5008; x_wconf 85' lang='lat' dir='ltr'><strong>contradixerit,</strong></span> <span class='ocrx_word' id='word_1_662' title='bbox 1146 4958 1321 5015; x_wconf 89' lang='lat' dir='ltr'><strong>neque</strong></span> <span class='ocrx_word' id='word_1_663' title='bbox 1360 4946 1647 5000; x_wconf 83' lang='lat' dir='ltr'><strong>convenire</strong></span> <span class='ocrx_word' id='word_1_664' title='bbox 1684 4960 1809 5001; x_wconf 90' lang='lat' dir='ltr'><strong>cum</strong></span> <span class='ocrx_word' id='word_1_665' title='bbox 1855 4959 1922 5000; x_wconf 90' lang='lat' dir='ltr'><strong>eo</strong></span> <span class='ocrx_word' id='word_1_666' title='bbox 1950 4944 2045 5015; x_wconf 88' lang='lat' dir='ltr'><strong>qui</strong></span> <span class='ocrx_word' id='word_1_667' title='bbox 2089 4944 2240 5002; x_wconf 89' lang='lat' dir='ltr'><strong>illum</strong></span> 
     </span>
    </p>
   </div>
   <div class='ocr_carea' id='block_1_83' title="bbox 676 5034 2242 5109">
    <p class='ocr_par' dir='ltr' id='par_1_83' title="bbox 676 5034 2242 5109">
     <span class='ocr_line' id='line_1_83' title="bbox 676 5034 2242 5109; baseline 0.003 -20"><span class='ocrx_word' id='word_1_668' title='bbox 676 5036 1019 5107; x_wconf 70' lang='lat' dir='ltr'><strong>iudicaverit,</strong></span> <span class='ocrx_word' id='word_1_669' title='bbox 1051 5034 1134 5090; x_wconf 86' lang='lat' dir='ltr'><strong>vel</strong></span> <span class='ocrx_word' id='word_1_670' title='bbox 1164 5036 1529 5107; x_wconf 86' lang='lat' dir='ltr'><strong>congratulari</strong></span> <span class='ocrx_word' id='word_1_671' title='bbox 1583 5036 1660 5093; x_wconf 89' lang='lat' dir='ltr'><strong>illi</strong></span> <span class='ocrx_word' id='word_1_672' title='bbox 1689 5037 1793 5109; x_wconf 87' lang='lat' dir='ltr'><strong>.qui</strong></span> <span class='ocrx_word' id='word_1_673' title='bbox 1858 5045 1912 5094; x_wconf 82' lang='lat' dir='ltr'><strong>te</strong></span> <span class='ocrx_word' id='word_1_674' title='bbox 1971 5037 2021 5093; x_wconf 90' lang='lat' dir='ltr'><strong>ei</strong></span> <span class='ocrx_word' id='word_1_675' title='bbox 2087 5048 2242 5094; x_wconf 88' lang='lat' dir='ltr'><strong>ante-</strong></span> 
     </span>
    </p>
   </div>
   <div class='ocr_carea' id='block_1_84' title="bbox 682 5127 1548 5201">
    <p class='ocr_par' dir='ltr' id='par_1_84' title="bbox 682 5127 1548 5201">
     <span class='ocr_line' id='line_1_84' title="bbox 682 5127 1548 5201; baseline 0.001 -19"><span class='ocrx_word' id='word_1_676' title='bbox 682 5127 887 5190; x_wconf 90' lang='lat' dir='ltr'><strong>tulerit,</strong></span> <span class='ocrx_word' id='word_1_677' title='bbox 920 5128 1022 5182; x_wconf 90' lang='lat' dir='ltr'><strong>boe</strong></span> <span class='ocrx_word' id='word_1_678' title='bbox 1056 5128 1241 5197; x_wconf 89' lang='lat' dir='ltr'><strong>utique</strong></span> <span class='ocrx_word' id='word_1_679' title='bbox 1269 5142 1548 5201; x_wconf 87' lang='lat' dir='ltr'><strong>maguum.</strong></span> 
     </span>
    </p>
   </div>
   <div class='ocr_carea' id='block_1_85' title="bbox 751 5219 2231 5301">
    <p class='ocr_par' dir='ltr' id='par_1_85' title="bbox 751 5219 2231 5301">
     <span class='ocr_line' id='line_1_85' title="bbox 751 5219 2231 5301; baseline 0.003 -26"><span class='ocrx_word' id='word_1_680' title='bbox 751 5219 915 5295; x_wconf 66' lang='grc'><strong>454</strong></span> <span class='ocrx_word' id='word_1_681' title='bbox 961 5220 1065 5288; x_wconf 86' lang='lat' dir='ltr'><strong>Qui</strong></span> <span class='ocrx_word' id='word_1_682' title='bbox 1107 5238 1213 5279; x_wconf 89' lang='lat' dir='ltr'><strong>non</strong></span> <span class='ocrx_word' id='word_1_683' title='bbox 1256 5220 1641 5294; x_wconf 83' lang='lat' dir='ltr'><strong>contempserit</strong></span> <span class='ocrx_word' id='word_1_684' title='bbox 1682 5223 1865 5279; x_wconf 83' lang='lat' dir='ltr'><strong>mundi</strong></span> <span class='ocrx_word' id='word_1_685' title='bbox 1904 5221 2127 5294; x_wconf 88' lang='lat' dir='ltr'><strong>gloriam</strong></span> <span class='ocrx_word' id='word_1_686' title='bbox 2174 5233 2231 5301; x_wconf 75' lang='lat' dir='ltr'><strong>et</strong></span> 
     </span>
    </p>
   </div>
   <div class='ocr_carea' id='block_1_86' title="bbox 681 5312 2243 5386">
    <p class='ocr_par' dir='ltr' id='par_1_86' title="bbox 681 5312 2243 5386">
     <span class='ocr_line' id='line_1_86' title="bbox 681 5312 2243 5386; baseline 0.001 -15"><span class='ocrx_word' id='word_1_687' title='bbox 681 5314 929 5385; x_wconf 81' lang='lat' dir='ltr'><strong>corporis</strong></span> <span class='ocrx_word' id='word_1_688' title='bbox 952 5315 1207 5385; x_wconf 86' lang='lat' dir='ltr'><strong>quietem,</strong></span> <span class='ocrx_word' id='word_1_689' title='bbox 1247 5322 1300 5371; x_wconf 89' lang='lat' dir='ltr'><strong>et</strong></span> <span class='ocrx_word' id='word_1_690' title='bbox 1324 5315 1565 5386; x_wconf 84' lang='lat' dir='ltr'><strong>justitias</strong></span> <span class='ocrx_word' id='word_1_691' title='bbox 1586 5312 1821 5385; x_wconf 87' lang='lat' dir='ltr'><strong>denique</strong></span> <span class='ocrx_word' id='word_1_692' title='bbox 1851 5323 2068 5380; x_wconf 84' lang='lat' dir='ltr'><strong>omnes,</strong></span> <span class='ocrx_word' id='word_1_693' title='bbox 2099 5316 2243 5373; x_wconf 87' lang='lat' dir='ltr'><strong>baud</strong></span> 
     </span>
    </p>
   </div>
   <div class='ocr_carea' id='block_1_87' title="bbox 684 5409 2247 5481">
    <p class='ocr_par' dir='ltr' id='par_1_87' title="bbox 684 5409 2247 5481">
     <span class='ocr_line' id='line_1_87' title="bbox 684 5409 2247 5481; baseline -0.001 -16"><span class='ocrx_word' id='word_1_694' title='bbox 684 5423 847 5478; x_wconf 82' lang='lat' dir='ltr'><strong>posse</strong></span> <span class='ocrx_word' id='word_1_695' title='bbox 873 5423 1111 5479; x_wconf 87' lang='lat' dir='ltr'><strong>unquam</strong></span> <span class='ocrx_word' id='word_1_696' title='bbox 1144 5410 1417 5481; x_wconf 84' lang='lat' dir='ltr'><strong>propriam</strong></span> <span class='ocrx_word' id='word_1_697' title='bbox 1445 5409 1777 5465; x_wconf 83' lang='lat' dir='ltr'><strong>voluntatem</strong></span> <span class='ocrx_word' id='word_1_698' title='bbox 1808 5426 1838 5466; x_wconf 90' lang='lat' dir='ltr'><strong>a</strong></span> <span class='ocrx_word' id='word_1_699' title='bbox 1860 5424 1920 5467; x_wconf 88' lang='lat' dir='ltr'><strong>se</strong></span> <span class='ocrx_word' id='word_1_700' title='bbox 1944 5424 2247 5476; x_wconf 86' lang='lat' dir='ltr'><strong>removere,</strong></span> 
     </span>
    </p>
   </div>
   <div class='ocr_carea' id='block_1_88' title="bbox 761 5585 1751 5653">
    <p class='ocr_par' dir='ltr' id='par_1_88' title="bbox 761 5585 1751 5653">
     <span class='ocr_line' id='line_1_88' title="bbox 761 5585 1751 5653; baseline 0.001 -13"><span class='ocrx_word' id='word_1_701' title='bbox 761 5596 785 5627; x_wconf 73' lang='grc' dir='ltr'><strong>ε</strong></span> <span class='ocrx_word' id='word_1_702' title='bbox 816 5585 954 5643; x_wconf 81' lang='lat' dir='ltr'><strong>Psal.</strong></span> <span class='ocrx_word' id='word_1_703' title='bbox 1005 5602 1093 5650; x_wconf 79' lang='lat' dir='ltr'><strong>cx,</strong></span> <span class='ocrx_word' id='word_1_704' title='bbox 1147 5585 1231 5641; x_wconf 73' lang='grc'><strong>10.</strong></span> <span class='ocrx_word' id='word_1_705' title='bbox 1265 5597 1288 5625; x_wconf 80' lang='grc' dir='ltr'>ι</span> <span class='ocrx_word' id='word_1_706' title='bbox 1330 5586 1486 5643; x_wconf 79' lang='lat' dir='ltr'><strong>Rom.</strong></span> <span class='ocrx_word' id='word_1_707' title='bbox 1512 5603 1633 5653; x_wconf 86' lang='lat' dir='ltr'><strong>xut,</strong></span> <span class='ocrx_word' id='word_1_708' title='bbox 1663 5587 1751 5643; x_wconf 86' lang='grc' dir='ltr'><strong>ιο.</strong></span> 
     </span>
    </p>
   </div>
   <div class='ocr_carea' id='block_1_89' title="bbox 2339 4940 3883 5021">
    <p class='ocr_par' dir='ltr' id='par_1_89' title="bbox 2339 4940 3883 5021">
     <span class='ocr_line' id='line_1_89' title="bbox 2339 4940 3883 5021; baseline -0.008 -14"><span class='ocrx_word' id='word_1_709' title='bbox 2339 4952 2430 5007; x_wconf 78' lang='grc' dir='ltr'>διὰ</span> <span class='ocrx_word' id='word_1_710' title='bbox 2470 4940 2804 5017; x_wconf 9' lang='grc' dir='ltr'>πάθοςηῐδιον</span> <span class='ocrx_word' id='word_1_711' title='bbox 2827 4949 3167 5021; x_wconf 83' lang='grc' dir='ltr'>άντιλὲγοντί</span> <span class='ocrx_word' id='word_1_712' title='bbox 3198 4967 3302 5013; x_wconf 89' lang='grc' dir='ltr'>σοι,</span> <span class='ocrx_word' id='word_1_713' title='bbox 3340 4949 3477 5021; x_wconf 79' lang='grc' dir='ltr'>μηδὲ</span> <span class='ocrx_word' id='word_1_714' title='bbox 3519 4944 3883 5021; x_wconf 76' lang='grc' dir='ltr'>συμπεισθῆναι</span> 
     </span>
    </p>
   </div>
   <div class='ocr_carea' id='block_1_90' title="bbox 2347 5035 3883 5116">
    <p class='ocr_par' dir='ltr' id='par_1_90' title="bbox 2347 5035 3883 5116">
     <span class='ocr_line' id='line_1_90' title="bbox 2347 5035 3883 5116; baseline -0.003 -22"><span class='ocrx_word' id='word_1_715' title='bbox 2347 5042 2485 5113; x_wconf 82' lang='grc' dir='ltr'>μετὰ</span> <span class='ocrx_word' id='word_1_716' title='bbox 2500 5042 2593 5097; x_wconf 83' lang='grc' dir='ltr'>τοῦ</span> <span class='ocrx_word' id='word_1_717' title='bbox 2624 5044 2908 5116; x_wconf 79' lang='grc' dir='ltr'>κρίναντος</span> <span class='ocrx_word' id='word_1_718' title='bbox 2928 5042 3112 5111; x_wconf 76' lang='grc' dir='ltr'>αὑτὸν,</span> <span class='ocrx_word' id='word_1_719' title='bbox 3134 5041 3229 5096; x_wconf 77' lang='grc' dir='ltr'>καὶ</span> <span class='ocrx_word' id='word_1_720' title='bbox 3259 5039 3320 5094; x_wconf 81' lang='grc' dir='ltr'>τὸ</span> <span class='ocrx_word' id='word_1_721' title='bbox 3343 5035 3767 5113; x_wconf 78' lang='grc' dir='ltr'>συγχαρῆναιτῷ</span> <span class='ocrx_word' id='word_1_722' title='bbox 3782 5051 3883 5108; x_wconf 82' lang='grc' dir='ltr'>προ-</span> 
     </span>
    </p>
   </div>
   <div class='ocr_carea' id='block_1_91' title="bbox 2262 5134 3405 5239">
    <p class='ocr_par' dir='ltr' id='par_1_91' title="bbox 2262 5134 3405 5239">
     <span class='ocr_line' id='line_1_91' title="bbox 2262 5134 3405 5239; baseline 0.003 -50"><span class='ocrx_word' id='word_1_723' title='bbox 2262 5176 2315 5239; x_wconf 74' lang='lat' dir='ltr'><strong><em>D</em></strong></span> <span class='ocrx_word' id='word_1_724' title='bbox 2344 5134 2640 5205; x_wconf 78' lang='grc' dir='ltr'>τιμωμένῳ</span> <span class='ocrx_word' id='word_1_725' title='bbox 2682 5152 2785 5190; x_wconf 86' lang='grc' dir='ltr'>σοι.</span> <span class='ocrx_word' id='word_1_726' title='bbox 2802 5205 2813 5215; x_wconf 34' lang='grc' dir='ltr'><strong><em>ο</em></strong></span> <span class='ocrx_word' id='word_1_727' title='bbox 2944 5208 2951 5213; x_wconf 89' lang='lat'><em>_</em></span> <span class='ocrx_word' id='word_1_728' title='bbox 3400 5192 3405 5193; x_wconf 63' lang='lat'><strong>,</strong></span> 
     </span>
    </p>
   </div>
   <div class='ocr_carea' id='block_1_92' title="bbox 2424 5221 3957 5299">
    <p class='ocr_par' dir='ltr' id='par_1_92' title="bbox 2424 5221 3957 5299">
     <span class='ocr_line' id='line_1_92' title="bbox 2424 5221 3957 5299; baseline -0.005 -15"><span class='ocrx_word' id='word_1_729' title='bbox 2424 5229 2621 5299; x_wconf 81' lang='grc' dir='ltr'>Ἔλεγε</span> <span class='ocrx_word' id='word_1_730' title='bbox 2652 5229 2836 5292; x_wconf 81' lang='grc' dir='ltr'>πάλιν,</span> <span class='ocrx_word' id='word_1_731' title='bbox 2870 5227 2951 5282; x_wconf 79' lang='grc' dir='ltr'>ὅτι</span> <span class='ocrx_word' id='word_1_732' title='bbox 2979 5229 3008 5283; x_wconf 83' lang='grc' dir='ltr'><strong>ὁ</strong></span> <span class='ocrx_word' id='word_1_733' title='bbox 3047 5225 3126 5298; x_wconf 83' lang='grc' dir='ltr'>μὴ</span> <span class='ocrx_word' id='word_1_734' title='bbox 3173 5224 3535 5298; x_wconf 78' lang='grc' dir='ltr'>καταφρονῶν</span> <span class='ocrx_word' id='word_1_735' title='bbox 3578 5221 3754 5294; x_wconf 78' lang='grc' dir='ltr'>πάσης</span> <span class='ocrx_word' id='word_1_736' title='bbox 3782 5221 3883 5287; x_wconf 63' lang='grc' dir='ltr'><strong>ὕλῃ</strong></span> <span class='ocrx_word' id='word_1_737' title='bbox 3952 5272 3957 5285; x_wconf 68' lang='lat'><strong>,</strong></span> 
     </span>
    </p>
   </div>
   <div class='ocr_carea' id='block_1_93' title="bbox 2348 5313 3963 5392">
    <p class='ocr_par' dir='ltr' id='par_1_93' title="bbox 2348 5313 3963 5392">
     <span class='ocr_line' id='line_1_93' title="bbox 2348 5313 3963 5392; baseline 0.007 -19"><span class='ocrx_word' id='word_1_738' title='bbox 2348 5320 2442 5374; x_wconf 77' lang='grc' dir='ltr'><strong>καὶ</strong></span> <span class='ocrx_word' id='word_1_739' title='bbox 2498 5320 2680 5390; x_wconf 78' lang='grc' dir='ltr'><strong>δόξης,</strong></span> <span class='ocrx_word' id='word_1_740' title='bbox 2738 5319 2834 5374; x_wconf 73' lang='grc' dir='ltr'>καὶ</span> <span class='ocrx_word' id='word_1_741' title='bbox 2883 5316 3201 5392; x_wconf 76' lang='grc' dir='ltr'>σωματικῆς</span> <span class='ocrx_word' id='word_1_742' title='bbox 3256 5316 3640 5383; x_wconf 76' lang='grc' dir='ltr'>ἀναπαύσεως.</span> <span class='ocrx_word' id='word_1_743' title='bbox 3686 5313 3759 5368; x_wconf 71' lang='grc' dir='ltr'><strong>ίτι</strong></span> <span class='ocrx_word' id='word_1_744' title='bbox 3803 5313 3884 5382; x_wconf 51' lang='grc' dir='ltr'><strong>μί’</strong></span> <span class='ocrx_word' id='word_1_745' title='bbox 3958 5324 3963 5392; x_wconf 62' lang='grc' dir='ltr'><strong>ἶ</strong></span> 
     </span>
    </p>
   </div>
   <div class='ocr_carea' id='block_1_94' title="bbox 2350 5402 3865 5483">
    <p class='ocr_par' dir='ltr' id='par_1_94' title="bbox 2350 5402 3865 5483">
     <span class='ocr_line' id='line_1_94' title="bbox 2350 5402 3865 5483; baseline 0.001 -18"><span class='ocrx_word' id='word_1_746' title='bbox 2350 5411 2579 5467; x_wconf 73' lang='grc' dir='ltr'>καὶτῶν</span> <span class='ocrx_word' id='word_1_747' title='bbox 2610 5412 3020 5483; x_wconf 78' lang='grc' dir='ltr'>δικαιωμάτων,</span> <span class='ocrx_word' id='word_1_748' title='bbox 3066 5409 3130 5465; x_wconf 79' lang='grc' dir='ltr'>οὐ</span> <span class='ocrx_word' id='word_1_749' title='bbox 3188 5409 3413 5468; x_wconf 81' lang='grc' dir='ltr'>δύναται</span> <span class='ocrx_word' id='word_1_750' title='bbox 3462 5407 3628 5479; x_wconf 75' lang='grc' dir='ltr'>κόψαι</span> <span class='ocrx_word' id='word_1_751' title='bbox 3663 5406 3742 5464; x_wconf 75' lang='grc' dir='ltr'><strong>τὰ·</strong></span> <span class='ocrx_word' id='word_1_752' title='bbox 3763 5402 3865 5467; x_wconf 71' lang='grc' dir='ltr'>θελή</span> 
     </span>
    </p>
   </div>
   <div class='ocr_carea' id='block_1_95' title="bbox 1972 5721 2636 5805">
    <p class='ocr_par' dir='ltr' id='par_1_95' title="bbox 1972 5721 2636 5805">
     <span class='ocr_line' id='line_1_95' title="bbox 1972 5721 2636 5805; baseline 0.002 -9"><span class='ocrx_word' id='word_1_753' title='bbox 1972 5743 2201 5802; x_wconf 62' lang='grc' dir='ltr'>νιῐιιΑε</span> <span class='ocrx_word' id='word_1_754' title='bbox 2232 5721 2636 5805; x_wconf 72' lang='lat' dir='ltr'><strong>Lecnones.</strong></span> 
     </span>
    </p>
   </div>
   <div class='ocr_carea' id='block_1_96' title="bbox 771 5900 1557 5972">
    <p class='ocr_par' dir='ltr' id='par_1_96' title="bbox 771 5900 1557 5972">
     <span class='ocr_line' id='line_1_96' title="bbox 771 5900 1557 5972; baseline 0.003 -16"><span class='ocrx_word' id='word_1_755' title='bbox 771 5900 1194 5970; x_wconf 72' lang='grc' dir='ltr'>⁸³Ὡφε).οὖνιος.</span> <span class='ocrx_word' id='word_1_756' title='bbox 1237 5901 1557 5972; x_wconf 51' lang='grc' dir='ltr'>ὠςελοῦνςι.</span> 
     </span>
    </p>
   </div>
  </div>
