4020 6340
572 458 708 524 1815

1753 458 1811 515 S.
1870 455 2260 516 DOROTIIEI
2319 457 2636 518 ABBATIS

3691 454 3837 520 1816

563 570 708 622 enim
743 567 796 620 in
822 565 1059 636 seipsum
1089 563 1292 618 frustra
1320 563 1399 628 fit,
1425 573 1478 619 et
1511 562 1578 619 ad
1607 563 1836 619 nihilum
1863 566 2024 620 valet.
2051 563 2138 620 Di-

2254 566 2311 618 ’0
2345 567 2452 638 γὰρ
2480 567 2600 620 καθ’
2643 565 2834 620 ἑαυτὸν
2877 563 3042 628 κόπος
3085 549 3166 628 εἰς
3201 567 3380 638 μάτην
3423 566 3564 632 ἐστὶ,
3604 566 3704 620 καὶ
3752 569 3835 626 εἰς

563 663 640 717 cit
665 660 810 715 enim
837 677 851 713 :
895 656 1022 712 Vide
1047 657 1401 711 humilitatem
1425 671 1594 710 meum
1614 639 1664 709 et
1688 655 1919 710 laborem
1945 672 2137 722 meum,

561 764 608 807 et
640 753 849 806 dimitte
878 752 1124 804 universa
1152 747 1348 802 delicta
1378 763 1515 802 mea.
1549 747 1675 803 Haec
1709 746 1875 819 igitur
1915 749 2010 817 qui
2041 749 2138 804 ha-

563 846 672 910 bet,
703 842 950 898 celeriter
976 841 1226 910 pervenit
1261 841 1329 897 ad
1372 842 1600 898 salutem
1628 857 1645 906 ;
1683 839 1934 897 similiter
1965 852 2019 896 et
2045 843 2139 912 qui

563 933 924 989 humilitatem
977 931 1144 988 habet
1188 946 1311 986 cum
1360 940 1674 1003 contemptu
1713 949 1730 986 :
1791 938 2168 1003 contemptus'

561 1027 709 1082 enim
749 1025 952 1082 laboris
986 1025 1167 1081 locum
1199 1034 1359 1081 tenet.
1399 1025 1506 1092 Qui
1546 1033 1727 1080 autem
1771 1024 2135 1080 humilitatem

563 1117 814 1177 habuerit
844 1118 898 1172 in
929 1117 1192 1187 seipsum,
1222 1117 1525 1188 ingreditur
1552 1117 1771 1188 quidem
1805 1117 1858 1171 in
1880 1117 2132 1183 salutem,

561 1210 654 1264 sed
681 1209 848 1263 tarde.
882 1205 1064 1274 Quare
1101 1207 1194 1278 qui
1223 1222 1407 1263 veram
1443 1206 1808 1262 humilitatem
1856 1209 2138 1278 possidere

563 1299 812 1363 voluerit,
839 1315 949 1353 non
979 1299 1287 1354 blandiatur
1315 1299 1420 1355 sibi
1451 1298 1554 1368 ipsi
1575 1299 1685 1376 ulla
1713 1299 1769 1354 in
1798 1315 1858 1354 re
1888 1301 2134 1354 omnino.

563 1388 688 1446 llrec
724 1399 807 1447 est
843 1405 971 1445 vera
1005 1391 1306 1446 humilitas.
1341 1391 1522 1461 Ignem
1551 1392 1760 1464 accepit
1801 1391 2061 1448 Dominus
2086 1401 2141 1447 et

562 1484 730 1538 misit.
764 1482 866 1551 Qui
913 1482 1112 1554 excipit
1158 1483 1338 1552 ignem
1375 1499 1535 1554 quem
1580 1485 1730 1538 venit
1767 1479 2032 1541 Dominus
2080 1485 2135 1540 in

562 1560 760 1629 terram
806 1575 1112 1642 mitteren,
1140 1574 1469 1630 oblivionem
1517 1584 1572 1630 et
1618 1575 1982 1642 captivitatem
2027 1592 2136 1632 non

562 1665 826 1735 suscipit,
881 1666 1008 1735 quia
1059 1664 1224 1720 habet
1271 1679 1494 1720 sensum
1549 1664 1710 1736 ignis.
1769 1665 2138 1734 Suhjiciamus

559 1757 900 1828 exemplum:
937 1756 1170 1812 Moritur
1197 1756 1395 1823 homo;
1431 1756 1573 1827 ignis
1602 1756 1650 1812 ei
1679 1757 2000 1828 apponitur;
2031 1768 2140 1814 sta-

562 1850 655 1904 tim
707 1849 952 1905 dolorem
996 1849 1179 1905 sentit.
1225 1847 1292 1905 Et
1322 1863 1652 1920 quocunque
1693 1850 1802 1904 alio
1850 1851 2013 1904 modo
2044 1866 2138 1906 ca-

2242 658 2395 712 οὺδὲν
2411 657 2702 726 λογίζεται.
2718 657 2858 730 Φησὶ
2872 659 2999 730 γάρ’
3022 657 3143 712 Ἴδε
3162 659 3276 728 τὴν
3318 659 3694 734 ταπείνωσιν
3709 676 3838 729 μου

2245 752 2345 805 καὶ
2379 749 2488 804 τὸν
2509 753 2699 804 κόπον
2711 768 2852 821 μου,
2879 748 2978 804 καὶ
2996 749 3146 819 ἄφες
3172 751 3377 819 πάσας
3398 753 3502 815 τὰς
3533 751 3838 821 ἁμαρτίας

2237 859 2379 912 μου.
2436 840 2495 897 '0
2537 837 2630 896 οῦν
2670 841 2810 912 ἔχων
2849 839 3071 912 ταύτην,
3114 842 3205 896 διὰ
3235 843 3432 913 ’τέιχους
3468 843 3688 912 φθάνει,
3736 842 3837 895 καὶ

2240 933 2272 986 ὀ
2313 931 2452 1003 ἔχων
2493 931 2818 986 ταπείνωσίν
2859 949 2961 1002 μου
2987 932 3035 964 ⁸⁸
3069 932 3502 1000 .ὲξουδ;νὼσεως,
3539 935 3633 988 καὶ
3663 934 3838 997 αὐτὸς

2240 1023 2303 1078 τὸ
2327 1025 2516 1095 ὅμοιον
2541 1025 2676 1096 ἔχει.
2713 1023 2778 1078 Ἢ
2825 1026 3174 1092 ὲξουδένωσις
3196 1027 3288 1077 τὸν
3319 1026 3485 1078 τόπον
3517 1027 3708 1096 ἐπέχει
3732 1021 3835 1077 τοῦ

2242 1113 2413 1168 κόπου
2434 1133 2448 1147 ·
2472 1115 2502 1169 ὁ
2525 1114 2583 1168 δὲ
2615 1114 2754 1186 ἔχων
2775 1113 2874 1186 τὴν
2895 1115 3224 1169 ταπείνωσιν
3249 1115 3371 1168 καθ’
3405 1116 3618 1180 ἑαυτὸν,
3651 1116 3838 1187 είσέρ·

2242 1222 2397 1276 χεται
2426 1207 2546 1276 μὲν,
2593 1205 2939 1278 βραδυτέρους
2976 1207 3055 1262 δέ.
3096 1207 3247 1270 Eiet;
3274 1207 3331 1260 δὲ
3369 1206 3510 1261 θέλει
3548 1207 3834 1278 κρατῆσαι

2243 1299 2341 1370 τὴν
2373 1299 2635 1370 ἀληθινὴν
2665 1298 3014 1362 ταπείνωσιν,
3043 1298 3118 1370 μὴ
3141 1299 3362 1371 ψηφίσῃ
3396 1299 3590 1352 ἑαυτὸν
3618 1297 3681 1351 ἔν
3721 1315 3837 1352 τινι

2241 1392 2525 1460 πραγματι
2553 1391 2709 1456 ὅλως,
2736 1391 2840 1464 Ἕκα).
2870 1391 3010 1460 αῦτη
3039 1391 3186 1444 ἐστὶν
3216 1393 3250 1462 ἡ
3285 1391 3512 1465 ἀληθινὴ
3554 1389 3839 1444 ταπείνω-

2259 1501 2263 1528 ;
2309 1524 2347 1539 _.
2396 1480 2453 1531 Ὀ
2481 1473 2769 1550 δεχόμενος
2811 1478 2877 1532 τὸ
2911 1478 3024 1550 πῦρ
3051 1478 3081 1532 ὃ
3105 1475 3269 1551 ἦλθεν
3314 1482 3344 1533 ὁ
3384 1479 3588 1552 Κύριος
3634 1478 3839 1550 βαλεῖν

2240 1577 2334 1629 ἐπὶ
2387 1575 2488 1644 τὴν
2542 1574 2666 1645 γῆν,
2706 1574 2878 1646 λήθην
2919 1575 3014 1628 καὶ
3043 1572 3418 1644 αἰχμαλωσίαν
3465 1575 3526 1628 οῦ
3563 1574 3792 1644 δέχεται
3816 1614 3835 1638 ,

2241 1670 2264 1721 ἔ
2323 1687 2380 1721 ον
2423 1669 2652 1723 πάντοτε
2707 1668 2808 1738 τὴν
2855 1667 3108 1739 αἴσθησιν
3141 1665 3238 1720 τοῦ
3286 1668 3477 1738 πυρός.
3526 1667 3680 1722 Λάϐε
3735 1661 3838 1721 οὖν

2241 1764 2264 1812 ἱ
2318 1761 2567 1830 όδειγμα·
2607 1759 2734 1814 Ἐὰν
2762 1758 2961 1832 εὑρεθῇ
2993 1758 3281 1830 ἄνθρωπος
3303 1760 3385 1823 είς
3414 1758 3474 1812 τὺ
3495 1759 3836 1822 ἀποθανεῖν.

2240 1854 2334 1906 καὶ
2362 1851 2704 1924 προσεγγίση
2745 1842 2894 1923 αὐτῷ
2924 1852 3059 1925 πῦρ,
3099 1852 3303 1917 εὐθέως
3346 1851 3661 1906 αἰσθάνεται
3719 1853 3840 1907 ἀπὺ

562 1945 741 2011 ptivus
769 1943 896 2013 quis
937 1940 1124 2009 fuerit,
1157 1941 1410 1996 inciderit
1445 1950 1626 1996 autem
1662 1941 1716 1996 in
1763 1942 1940 2012 ipsum
1969 1943 2136 1997 carbo

2247 1945 2330 2001 τοῦ
2370 1947 2533 2000 πόνου
2557 1961 2572 1975 ·
2618 1947 2714 2028 και
2753 1947 2833 2010 είς
2863 1939 2980 2000 οἷον
3003 1945 3202 2018 δήποτε
3233 1947 3465 2018 πρᾶγμα
3492 1945 3587 1998 ἐὰν
3616 1944 3841 2015 αἰχμα-

561 2033 722 2105 iguis.
756 2031 819 2088 Et
849 2045 907 2088 tu
941 2034 1108 2104 igitur
1137 2032 1184 2088 si
1223 2031 1441 2086 liberari
1476 2031 1712 2090 volueris
1742 2048 1772 2086 a
1799 2032 2135 2101 captivitate,

565 2141 667 2180 non
699 2137 851 2197 potes
895 2114 1094 2190 aliter,
1141 2125 1246 2181 nisi
1289 2124 1382 2179 tibi
1438 2124 1730 2194 specialem
1779 2124 1926 2178 hunc
1961 2125 2136 2194 ignem

563 2218 875 2289 paraveris:
931 2233 962 2274 a
1016 2217 1198 2273 calore
1241 2217 1389 2270 enim
1440 2216 1588 2271 illius
1635 2216 1751 2289 ista,
1776 2215 2058 2285 disparent
2086 2223 2140 2270 et

561 2288 916 2363 evanescunt.
952 2306 1200 2363 Possidet
1241 2313 1423 2361 autem
1450 2307 1576 2373 quis
1612 2288 1788 2376 ignem
1820 2306 1985 2370 hunc,
2013 2321 2138 2361 cum

512 2449 514 2452 ,
567 2398 731 2452 Deum
759 2399 1054 2454 desiderat.
1099 2398 1309 2452 Bonum
1343 2407 1428 2452 est
1465 2395 1629 2470 457
1663 2407 1842 2451 autem
1891 2413 1997 2451 non
2045 2397 2142 2452 ad-

566 2491 783 2544 modum
815 2489 950 2546 allici
979 2506 1109 2562 erga
1141 2499 1477 2546 coaetaneum
1508 2506 1521 2542 :
1567 2488 1948 2558 hujuscemodi
1991 2490 2138 2544 enim

563 2583 900 2638 consuetudo
919 2595 974 2637 et
993 2583 1161 2637 nimia
1187 2581 1532 2637 familiaritas
1554 2579 1738 2636 ﬂetum
1757 2579 1932 2634 affert.
1958 2581 2139 2649 Quare

566 2675 613 2730 is
640 2691 748 2731 non
767 2683 852 2730 est
879 2675 1109 2730 multum
1132 2674 1462 2744 diligendus,
1491 2673 1584 2743 qui
1605 2674 1762 2729 obest
1783 2674 1956 2745 magis
1975 2688 2140 2744 quam

566 2766 768 2835 prosit.-
794 2764 967 2821 Nemo
1000 2775 1180 2836 potest
1221 2765 1292 2820 ad
1333 2765 1589 2820 virtutem
1623 2765 1992 2820 conscendere
2017 2765 2142 2820 abs-

562 2873 668 2929 que
696 2874 896 2931 magno
922 2858 1129 2912 labore.
1155 2857 1468 2915 Consuesce
1494 2873 1604 2910 non
1629 2855 1985 2911 circumferre
2007 2871 2143 2911 ocu-

563 2950 646 3006 los
676 2959 800 3006 tuos
843 2949 910 3004 ad
948 2949 1126 3004 aliena
1149 2958 1205 3004 et
1233 2964 1375 3004 vana
1403 2966 1418 3016 ;
1449 2949 1564 3004 haec
1591 2951 1736 3003 enim
1765 2949 2010 3019 deperire
2058 2949 2144 3004 fa-

563 3043 717 3098 ciunt
753 3043 970 3098 labores
999 3057 1190 3098 omnes
1219 3044 1575 3098 monasticos.
1613 3042 1814 3110 Quare,
1850 3042 1923 3097 mi
1952 3041 2139 3107 frater,

566 3140 668 3195 nis'i
695 3139 782 3195 die
811 3149 1087 3210 noctuque
1114 3138 1478 3194 elaboraverit
1503 3138 1690 3202 homo,
1722 3137 1864 3192 haud
1899 3153 2143 3206 unquam

529 3265 534 3271 -
565 3233 632 3287 ad
661 3248 726 3288 ea
758 3233 957 3303 poterit
981 3231 1307 3303 pertingere.
1340 3234 1411 3285 At
1441 3230 1488 3286 si
1510 3240 1625 3286 toto
1653 3229 1818 3286 corde
1850 3227 2142 3284 Dominum

565 3339 838 3394 quaerens,
873 3333 927 3379 te
970 3323 1161 3378 sedulo
1194 3324 1530 3388 exercueris,
1573 3324 1681 3379 cito
1713 3322 2019 3394 pervenies.
2055 3322 2146 3378 Ait

565 3418 710 3474 enim
736 3436 748 3472 :
798 3415 990 3472 Vacate
1015 3416 1044 3456 ιι
1071 3425 1172 3482 ;'et
1195 3431 1320 3487 qua:
1349 3425 1673 3487 sequuntur.
1705 3412 1806 3470 Det
1824 3413 1927 3480 tibi
1955 3411 2142 3469 Domi-

569 3525 671 3564 nus
697 3519 758 3562 ut
793 3509 909 3563 hrec
941 3506 1233 3577 intelligas.

2236 2038 2472 2110 λωτισθῇ
2521 2038 2831 2110 ἄνθρωπος,
2881 2039 3120 2111 ἐπιπέσῃ
3171 2038 3228 2094 δὲ
3272 2040 3360 2093 ἐπ’
3400 2039 3561 2094 αὐτὸν
3610 2036 3843 2107 ἄνθραξ

2239 2131 2432 2201 πυρός.
2463 2131 2599 2185 Οὐδὲ
2628 2131 2798 2196 θίξειν
2828 2130 2982 2202 μένει
3010 2131 3072 2184 ὲν
3100 2134 3168 2204 τῇ
3207 2130 3553 2202 αἰχμαλωσίᾳ
3585 2131 3644 2185 τὸ
3684 2130 3839 2203 πῦρ,

2240 2221 2622 2294 ἀδελφὲ,’ἀλλὰ
2658 2223 2944 2278 σϐέννυται
2967 2239 2982 2254 ο
3010 2224 3134 2277 ἐπεὶ
3160 2224 3279 2278 οὐδὲ
3325 2223 3437 2296 πῦρ
3460 2225 3572 2277 ἐστι
3609 2223 3838 2277 λοιπόν.

2241 2316 2306 2370 Ei
2327 2315 2711 2386 ἀπαλλαγῆναι
2741 2315 2915 2379 θέλεις
2954 2315 3051 2370 καὶ
3085 2317 3184 2387 τῆς
3209 2314 3601 2385 αἰχμαλωσίας,
3638 2315 3842 2380 ἄλλως

2240 2405 2300 2459 οῦ
2323 2405 2570 2468 δύνασαι,
2596 2404 2691 2460 ἐὰν
2716 2403 2792 2478 μὴ
2817 2404 2995 2476 κτήσῃ
3025 2402 3204 2474 ἑαυτῷ
3232 2402 3294 2456 τὸ
3314 2404 3575 2475 πατρικὸν
3591 2403 3637 2435 ⁸⁸
3659 2403 3843 2458 τοῦτο

2246 2498 2358 2568 πῦρ
2383 2515 2399 2530 ·
2429 2497 2538 2552 ἀπὸ
2575 2498 2684 2570 γὰρ
2717 2497 2820 2568 τῆς
2860 2496 3025 2552 αὐτοῦ
3054 2495 3386 2569 θερμότητος
3414 2497 3592 2550 ἐκεῖνα
3615 2495 3838 2564 ἁφανίυ

2245 2592 2432 2658 ζονται
2467 2607 2482 2621 ο
2511 2593 2710 2646 κτᾶσαι
2763 2590 2824 2646 δέ
2849 2608 2936 2656 τις
2960 2591 3023 2645 τὺ
3043 2590 3156 2664 πῦρ
3181 2589 3373 2656 τοῦτο,-
3402 2589 3480 2662 τῷ
3508 2587 3648 2644 κατὰ
3690 2589 3843 2644 Θεὸν

2244 2683 2415 2755 πόθῳ.
2458 2682 2534 2735 Tb
2562 2681 2618 2735 δὲ
2649 2681 2726 2752 μὴ
2771 2681 2915 2735 πάνυ
2959 2679 3144 2750 φιλίαν
3175 2679 3323 2752 ἔχειν
3360 2680 3496 2752 πρός
3532 2696 3654 2733 τινα
3699 2696 3846 2734 συν-

2242 2773 2567 2847 ηλικιὼτην,
2596 2772 2762 2826 καλόν
2788 2773 2938 2827 ἐστιν
2961 2789 2976 2803 ·
3000 2773 3035 2844 ἡ
3065 2771 3124 2825 δὲ
3162 2772 3386 2842 τοιαύτη
3424 2770 3682 2842 συνήθεια
3729 2772 3843 2825 οὒκ

2244 2862 2518 2933 ἁμφίησιν
2566 2861 2741 2915 ἐλθεῖν
2771 2859 2834 2915 τὺ
2872 2859 3090 2925 πένθος.
3131 2859 3284 2932 Μηδὲ
3323 2859 3459 2929 πρὸς
3500 2859 3659 2912 ἄλλον
3705 2858 3847 2914 τινὰ

2241 2953 2581 3026 ἀφαιροῦντα
2599 2953 2709 3008 ἀπὸ
2745 2950 2843 3006 σοῦ
2880 2951 2942 3007 τὸ
2979 2950 3208 3018 πένθος,
3238 2950 3331 3023 ἔχε
3355 2949 3534 3021 φιλίαν
3555 2966 3573 2982 ο
3601 2948 3663 3003 οὗ
3717 2949 3845 3021 γὰρ

2244 3045 2445 3115 ὠφελεῖ
2465 3062 2547 3112 σε,
2578 3044 2717 3099 ἀλλὰ
2745 3044 2946 3116 μᾶλλον
2970 3045 3066 3100 καὶ
3105 3043 3352 3116 βλάπτει.
3384 3043 3570 3108 οὐδεὶς
3595 3040 3845 3098 δύναται

2244 3137 2556 3208 κτήσασθαί
2581 3155 2635 3191 τι
2668 3137 2895 3206 ἀγαθὸν,
2916 3138 2966 3190 εί
2995 3136 3071 3208 μὴ
3107 3138 3165 3188 ὲν
3187 3135 3367 3209 πολλῷ
3394 3135 3564 3205 κόπῳ.
3591 3134 3846 3188 Παιδευ-

2247 3246 2339 3283 σον
2363 3224 2457 3284 οὖν
2479 3231 2605 3293 τοὺς
2643 3227 2959 3300 ὀφθαλμούς
2979 3246 3074 3282 σου
3100 3227 3195 3283 τοῦ
3221 3230 3296 3301 μὴ
3333 3227 3545 3299 βλέπειν
3568 3227 3704 3293 τινὶ,
3735 3227 3846 3281 καὶ

2247 3323 2312 3376 οὑ
2336 3321 2605 3395 πληροῦσί
2638 3338 2732 3374 σου
2761 3321 2861 3393 τὴν
2887 3320 3117 3393 καρδίαν
3141 3321 3239 3392 τῆς
3266 3320 3446 3392 δεινῆς
3476 3320 3844 3394 παρρησίας,

2250 3415 2333 3480 είς
2393 3413 2675 3470 ἀπώλειαν
2749 3413 3024 3486 φερούσης
3099 3412 3237 3475 ὅλως
3286 3411 3413 3478 τοὺς
3467 3411 3667 3475 κόπους
3735 3409 3843 3465 τοῦ

2252 3502 2507 3574 μοναχοῦ.
2538 3503 2602 3556 Εἰ
2639 3501 2813 3557 ταῦτα
2835 3503 3034 3567 πάντα,
3058 3501 3278 3572 ἁδελφὲ,
3304 3500 3401 3555 ἐὰν
3451 3502 3526 3573 μὴ
3549 3501 3770 3576 ποιήσῃ
3803 3503 3842 3571 ἡ

567 3598 782 3670 καρδία,
830 3599 1032 3668 νυκτὴν
1077 3598 1173 3650 καὶ
1235 3598 1446 3669 ἡμέραν
1497 3596 1737 3668 ζητοῦσα
1780 3596 1872 3649 τὸν
1921 3593 2148 3666 Κύριον,
2189 3592 2460 3664 προκόψαι
2501 3592 2785 3682 ἄνθρωπος
2831 3591 2893 3646 οὐ
2934 3591 3178 3646 δύναται.
3223 3590 3348 3644 Ἐὰν
3428 3590 3700 3663 σχολάσῃς
3777 3594 3843 3649 tv

566 3694 794 3759 τούτοις,
854 3694 990 3764 ἔρχῃ
1041 3695 1122 3758 εἰς
1149 3694 1290 3748 αὐτά
1325 3710 1340 3723 ο
1386 3696 1521 3764 φησὶ
1578 3696 1711 3765 γὰρ·
1772 3693 2145 3760 Σχολὰσατε,
2184 3690 2279 3745 καὶ
2339 3690 2408 3744 τὰ
2440 3689 2584 3762 ἑξῆς.
2615 3688 2736 3762 Δώῃ
2776 3705 2859 3743 σοι
2890 3688 3092 3760 Κύριος
3145 3687 3240 3741 τοῦ
3265 3688 3502 3742 συνιέναι
3527 3685 3730 3742 ταῦτα.

1131 3853 1487 3923 Interrogatio
1533 3855 1587 3909 5.

637 3983 777 4052 Quid
803 3994 883 4040 est
913 3992 1258 4054 contemptus
1310 3984 1376 4039 ad
1405 3985 1805 4039 humilitatem?
1853 3983 1995 4051 Quid
2021 3999 2145 4039 rur-

567 4089 688 4128 sum
713 4072 970 4128 contritio
1007 4072 1224 4129 cordis?
1266 4071 1400 4128 Etsi
1430 4075 1554 4144 quis
1581 4082 1949 4144 contemptum
1973 4072 2149 4144 possi-

569 4161 714 4221 deat,
749 4159 989 4228 seipsum
1051 4173 1175 4214 vere
1224 4160 1519 4216 lmmilians
1575 4162 1631 4216 in
1658 4164 1822 4218 corde
1859 4177 1982 4229 suo,
2015 4163 2148 4234 quid

568 4267 706 4324 opus
733 4251 804 4308 sit
827 4253 992 4308 etiam
1013 4253 1253 4308 exterius
1283 4253 1352 4309 ab
1377 4253 1691 4311 hominibus
1708 4257 1905 4326 probra
1935 4267 1990 4313 et
2015 4273 2149 4313 eon-

571 4345 820 4402 tumelias
864 4346 996 4416 pati,
1048 4347 1180 4414 quid
1237 4363 1376 4417 opus
1418 4348 1549 4403 item
1580 4347 1780 4405 vilibus
1800 4347 2147 4406 actionibus?

2878 3845 3219 3915 Ἐρώτησις.

2318 3981 2385 4035 Τί
2420 3983 2567 4034 ἑστιν
2633 3981 2667 4052 ἡ
2704 3979 3053 4046 ὲξουδένωσις
3099 3980 3254 4054 παρὰ
3295 3981 3397 4052 τὴν
3453 3981 3833 4046 translatam;

2247 4073 2358 4129 Καὶ
2382 4071 2434 4125 τί
2467 4071 2629 4127 πάλιν
2657 4071 2973 4143 ἡσυντριὸη
2995 4072 3096 4142 τῆς
3123 4071 3385 4144 καρδίας;
3413 4071 3522 4125 Καὶ
3536 4073 3586 4125 εί
3613 4072 3833 4128 animi

2245 4180 2328 4227 τις
2363 4161 2728 4228 ὲξουδὲνωσιν,
2759 4150 2923 4224 αῦτὸς
2969 4158 3162 4213 ἑαυτὸν
3209 4159 3270 4211 ὲν
3295 4159 3362 4230 τῇ
3397 4158 3591 4230 καρδίᾳ
3619 4175 3834 4212 ταπει-

2246 4255 2610 4329 νῶν,ἢχρεία
2638 4255 2732 4309 καὶ
2751 4253 2863 4310 τῶν
2910 4251 3110 4318 ἔξωθεν
3163 4251 3273 4308 ἀπὸ
3311 4253 3423 4307 τῶν
3486 4251 3828 4323 ἀνθρώπιον,

2244 4348 2564 4419 ὀνειδισμῶν
2585 4349 2682 4402 καὶ
2729 4345 2962 4420 ὕϐρεων,
3014 4346 3111 4400 καὶ
3150 4345 3550 4417 εὐτελεστέρων
3581 4344 3639 4396 δὲ
3667 4346 3826 4414 πρά-

572 4440 629 4494 Si
668 4439 868 4496 debeat
900 4439 1067 4493 etiam
1089 4439 1318 4495 humilia
1363 4441 1638 4508 affectare,
1675 4443 1910 4500 humiles
1952 4459 2141 4515 opera-

2247 4441 2403 4507 ξεων;
2431 4440 2572 4502 Ἔτι,
2596 4438 2645 4492 εἰ
2668 4437 2902 4508 ὀφείλειε
2926 4438 2957 4492 δ
2973 4438 3356 4510 ταπεινόφρων
3373 4436 3676 4507 πράγματα
3693 4437 3801 4492 tm
3826 4474 3832 4478 -

572 4533 747 4589 tiones
773 4542 829 4588 et
851 4529 1130 4587 humiliter
1152 4531 1428 4604 cogitare?

1199 4661 1507 4732 Responsio.

640 4797 996 4865 Contemptus
1050 4797 1183 4852 duos
1216 4799 1407 4853 modos
1455 4799 1638 4863 habet,
1675 4812 1844 4852 unum
1873 4812 1906 4853 a
1958 4797 2143 4866 corde,

577 4897 804 4949 alterum
826 4890 895 4944 ab
919 4889 1252 4944 hominibus.
1295 4888 1468 4957 Major
1491 4897 1672 4945 autem
1705 4891 1798 4960 qui
1827 4899 1914 4946 est
1947 4889 2016 4944 ab
2044 4890 2143 4945 ho-

576 4985 812 5040 minibus
867 4996 1031 5052 quam
1057 4993 1196 5038 esta
1248 4983 1428 5038 corde.
1479 4981 1664 5054 Neque
1709 4985 1845 5040 adeo
1894 4983 2145 5040 laborare

579 5090 678 5127 nos
705 5073 834 5128 facit
859 5072 1001 5142 quia
1031 5075 1194 5129 corde
1217 5085 1320 5138 est,
1353 5083 1413 5128 ut
1433 5077 1525 5144 qui
1549 5076 1618 5131 ab
1649 5076 1990 5134 hominibus:
2045 5092 2142 5135 cor

577 5162 721 5216 enim
755 5167 822 5219 ad
849 5164 952 5220 hoc
983 5164 1275 5221 admodum
1303 5166 1522 5237 patitur.
1571 5167 1802 5223 Currere
1833 5178 2023 5225 autem
2042 5184 2142 5226 sua

579 5264 771 5327 sponte
822 5256 890 5310 ad
939 5253 1394 5322 vilia'exercitia,
1441 5256 1645 5315 nullius
1699 5257 1977 5331 profectus
2034 5270 2139 5329 est,

651 5452 675 5478 υ
704 5437 836 5493 Luc.
862 5453 960 5502 xu,
987 5439 1072 5494 49.
1152 5439 1345 5495 stal.
1373 5457 1502 5507 xu,
1522 5456 1584 5496 ll.

2246 4531 2491 4604 τηδεύειν
2516 4530 2771 4598 ταπεινὰ,
2795 4530 2829 4602 ἢ
2859 4529 2957 4586 καὶ
2986 4530 3430 4598 ταπεινολογεῐνς

2867 4663 3217 4742 Ἀπόκρισις.

2324 4803 2397 4854 Ἢ
2426 4800 2774 4866 ἑξουδένωσις
2828 4798 2930 4853 δύο·
2974 4797 3210 4869 τρόπους
3265 4797 3424 4870 ἔχει,·
3456 4795 3552 4852 ἕνα
3585 4797 3681 4853 τὸν
3708 4798 3833 4852 ἀπὸ

2250 4891 2500 4964 καρδίας,
2532 4894 2628 4946 καὶ
2655 4891 2843 4960 ἕτερον
2868 4889 2961 4943 τὸν
2989 4888 3099 4944 ἀπὸ
3135 4888 3246 4944 τῶν
3295 4886 3597 4960 ἀνθρώπων
3628 4889 3831 4957 έπιφε-

2251 4985 2491 5058 ρόμενον.
2531 4983 2750 5046 Μείζων
2779 4980 2838 5034 δέ
2861 4980 3012 5034 ἐστιν
3037 4982 3072 5052 ἡ
3102 4981 3212 5035 ἀπὸ
3237 4979 3348 5034 τῶν
3388 4979 3695 5053 ἀνθρώπιον
3724 4979 3824 5045 ἐξ·

2250 5075 2538 5139 ουδένωσις
2565 5075 2665 5144 τῆς
2695 5073 2804 5126 ἀπὸ
2825 5072 3077 5144 καρδίας.
3104 5073 3182 5129 Οὐ
3207 5069 3316 5144 γὰρ
3361 5072 3506 5128 πάνυ
3558 5074 3674 5143 ἔχει
3725 5072 3829 5128 πιό-

2250 5185 2354 5222 πον
2379 5169 2415 5240 ἡ
2442 5166 2551 5221 ἀπὸ
2570 5166 2672 5236 τῆς
2699 5163 2949 5236 καρδίας,
2998 5167 3125 5221 ὅσον
3147 5165 3183 5236 ἡ
3214 5163 3324 5218 ἀπὸ
3351 5165 3459 5220 τῶν
3485 5162 3821 5234 ἀνθρώπων.

2248 5259 2398 5316 Πάνυ
2426 5258 2537 5330 γὰρ
2562 5257 2719 5311 πονεῖ
2741 5256 2777 5328 ἡ
2805 5255 3029 5328 καρδία,
3052 5246 3163 5320 είς’
3187 5256 3288 5327 τὴν
3331 5247 3531 5323 ἔξωθεν
3561 5256 3824 5329 ἐπιφερο-

1859 5603 2095 5661 VARUE
2127 5599 2531 5660 LECTIONES.

654 5752 699 5784 δι
744 5754 864 5806 Μου
920 5756 1060 5812 forte
1105 5755 1263 5829 ὁμοῦ.

1364 5760 1410 5792 ⁸⁸
1457 5759 1749 5833 Πατρικὸν.
1827 5760 2138 5833 Legendum
2198 5757 2632 5833 πνευματικόν·-
2670 5759 2752 5833 hae
2811 5771 3046 5833 namque
3306 5755 3468 5811 codd.
3528 5755 3692 5813 nise.
3735 5755 3823 5833 3h

586 5823 921 5902 litterarth_
952 5823 1330 5902 compendium
1409 5847 1548 5901 saepe
1579 5823 1590 5833 ’
1619 5831 1877 5888 confundi
1907 5823 2144 5890 "solent.
2209 5823 2420 5890 Videsis
2482 5828 2810 5886 Cotelerium
2867 5823 3016 5884 Eccl.
3081 5827 3175 5883 Gr.
3215 5823 3456 5884 Monum.
3527 5836 3665 5884 tom.
3703 5823 3821 5892 ~ll,

590 5907 706 5962 pag.
746 5893 848 5950 0'09
907 5894 959 5951 b.

4018 1287 4020 1438 ξ
