  <div class='ocr_page' id='page_1' title='image "/cluster/home/n/w/nwhite01/storage/ocr_20150623/88/pst.000005712946/948.png"; bbox 0 0 4020 6340; ppageno 0'>
   <div class='ocr_carea' id='block_1_1' title="bbox 204 475 345 544">
    <p class='ocr_par' dir='ltr' id='par_1_1' title="bbox 204 475 345 544">
     <span class='ocr_line' id='line_1_1' title="bbox 204 475 345 544; baseline 0.028 -4"><span class='ocrx_word' id='word_1_1' title='bbox 204 475 345 544; x_wconf 81' lang='grc'>1817</span> 
     </span>
    </p>
   </div>
   <div class='ocr_carea' id='block_1_2' title="bbox 1519 495 2093 565">
    <p class='ocr_par' dir='ltr' id='par_1_2' title="bbox 1519 495 2093 565">
     <span class='ocr_line' id='line_1_2' title="bbox 1519 495 2093 565; baseline 0.017 -10"><span class='ocrx_word' id='word_1_2' title='bbox 1519 495 1899 561; x_wconf 81' lang='lat' dir='ltr'><strong>DOCTRINA</strong></span> <span class='ocrx_word' id='word_1_3' title='bbox 1956 504 2093 565; x_wconf 76' lang='lat' dir='ltr'><strong>XXI</strong></span> 
     </span>
    </p>
   </div>
   <div class='ocr_carea' id='block_1_3' title="bbox 3299 508 3431 575">
    <p class='ocr_par' dir='ltr' id='par_1_3' title="bbox 3299 508 3431 575">
     <span class='ocr_line' id='line_1_3' title="bbox 3299 508 3431 575; baseline 0.015 -3"><span class='ocrx_word' id='word_1_4' title='bbox 3299 508 3431 575; x_wconf 79' lang='lat'><strong>1818</strong></span> 
     </span>
    </p>
   </div>
   <div class='ocr_carea' id='block_1_4' title="bbox 198 587 1741 691">
    <p class='ocr_par' dir='ltr' id='par_1_4' title="bbox 198 587 1741 691">
     <span class='ocr_line' id='line_1_4' title="bbox 198 587 1741 691; baseline 0.014 -52"><span class='ocrx_word' id='word_1_5' title='bbox 198 604 398 691; x_wconf 49' lang='lat' dir='ltr'><strong>pquv.</strong></span> <span class='ocrx_word' id='word_1_6' title='bbox 450 587 513 643; x_wconf 77' lang='grc' dir='ltr'><strong>τὺ</strong></span> <span class='ocrx_word' id='word_1_7' title='bbox 567 590 638 691; x_wconf 48' lang='grc' dir='ltr'><strong>δὲ.</strong></span> <span class='ocrx_word' id='word_1_8' title='bbox 657 592 873 664; x_wconf 76' lang='grc' dir='ltr'>τρέχειν</span> <span class='ocrx_word' id='word_1_9' title='bbox 912 594 1008 665; x_wconf 79' lang='grc' dir='ltr'><strong>ἀφ’</strong></span> <span class='ocrx_word' id='word_1_10' title='bbox 1034 596 1228 652; x_wconf 71' lang='grc' dir='ltr'>ἑαυτοῦ</span> <span class='ocrx_word' id='word_1_11' title='bbox 1277 602 1357 666; x_wconf 84' lang='grc' dir='ltr'><strong>είς</strong></span> <span class='ocrx_word' id='word_1_12' title='bbox 1386 602 1486 668; x_wconf 79' lang='grc' dir='ltr'>τὰς</span> <span class='ocrx_word' id='word_1_13' title='bbox 1522 606 1741 668; x_wconf 62' lang='grc' dir='ltr'>εὐτελεῖς</span> 
     </span>
    </p>
   </div>
   <div class='ocr_carea' id='block_1_5' title="bbox 1840 587 3429 691">
    <p class='ocr_par' dir='ltr' id='par_1_5' title="bbox 1862 610 3429 691">
     <span class='ocr_line' id='line_1_5' title="bbox 1862 610 3429 691; baseline 0.004 -23"><span class='ocrx_word' id='word_1_14' title='bbox 1862 614 1992 682; x_wconf 89' lang='lat' dir='ltr'><strong>quin</strong></span> <span class='ocrx_word' id='word_1_15' title='bbox 2041 614 2219 685; x_wconf 89' lang='lat' dir='ltr'><strong>potius</strong></span> <span class='ocrx_word' id='word_1_16' title='bbox 2246 610 2426 669; x_wconf 87' lang='lat' dir='ltr'><strong>inanis</strong></span> <span class='ocrx_word' id='word_1_17' title='bbox 2459 614 2650 685; x_wconf 83' lang='lat' dir='ltr'><strong>gloria.</strong></span> <span class='ocrx_word' id='word_1_18' title='bbox 2682 616 2787 671; x_wconf 82' lang='lat' dir='ltr'><strong>Sed</strong></span> <span class='ocrx_word' id='word_1_19' title='bbox 2813 632 2938 672; x_wconf 90' lang='lat' dir='ltr'><strong>cum</strong></span> <span class='ocrx_word' id='word_1_20' title='bbox 2968 617 3063 673; x_wconf 90' lang='lat' dir='ltr'><strong>tibi</strong></span> <span class='ocrx_word' id='word_1_21' title='bbox 3095 619 3197 675; x_wconf 86' lang='lat' dir='ltr'><strong>vile</strong></span> <span class='ocrx_word' id='word_1_22' title='bbox 3226 620 3429 691; x_wconf 84' lang='lat' dir='ltr'><strong>aliquid</strong></span> 
     </span>
    </p>
   </div>
   <div class='ocr_carea' id='block_1_6' title="bbox 198 679 1762 769">
    <p class='ocr_par' dir='ltr' id='par_1_6' title="bbox 198 679 1762 769">
     <span class='ocr_line' id='line_1_6' title="bbox 198 679 1762 769; baseline 0.015 -39"><span class='ocrx_word' id='word_1_23' title='bbox 198 679 455 769; x_wconf 78' lang='grc' dir='ltr'>πράξεις,</span> <span class='ocrx_word' id='word_1_24' title='bbox 478 681 541 735; x_wconf 83' lang='grc' dir='ltr'>οὐ</span> <span class='ocrx_word' id='word_1_25' title='bbox 572 681 730 755; x_wconf 77' lang='grc' dir='ltr'>φέρει</span> <span class='ocrx_word' id='word_1_26' title='bbox 754 686 873 739; x_wconf 79' lang='grc' dir='ltr'>τινὰ</span> <span class='ocrx_word' id='word_1_27' title='bbox 912 687 995 752; x_wconf 85' lang='grc' dir='ltr'><strong>είς</strong></span> <span class='ocrx_word' id='word_1_28' title='bbox 1023 689 1326 763; x_wconf 79' lang='grc' dir='ltr'>προκοπὴν,</span> <span class='ocrx_word' id='word_1_29' title='bbox 1374 695 1514 766; x_wconf 85' lang='grc' dir='ltr'>τάχα</span> <span class='ocrx_word' id='word_1_30' title='bbox 1540 697 1598 750; x_wconf 84' lang='grc' dir='ltr'>δὲ</span> <span class='ocrx_word' id='word_1_31' title='bbox 1628 700 1762 769; x_wconf 81' lang='grc' dir='ltr'>μᾶλ-</span> 
     </span>
    </p>
   </div>
   <div class='ocr_carea' id='block_1_7' title="bbox 196 767 1759 862">
    <p class='ocr_par' dir='ltr' id='par_1_7' title="bbox 196 767 1759 862">
     <span class='ocr_line' id='line_1_7' title="bbox 196 767 1759 862; baseline 0.017 -43"><span class='ocrx_word' id='word_1_32' title='bbox 196 767 426 862; x_wconf 54' lang='grc' dir='ltr'>λον.εις</span> <span class='ocrx_word' id='word_1_33' title='bbox 466 772 807 840; x_wconf 76' lang='grc' dir='ltr'><strong>κενοδοξίαν·</strong></span> <span class='ocrx_word' id='word_1_34' title='bbox 861 777 999 833; x_wconf 82' lang='grc' dir='ltr'>ἀλλά</span> <span class='ocrx_word' id='word_1_35' title='bbox 1051 779 1130 837; x_wconf 77' lang='grc' dir='ltr'><strong>τὸ,</strong></span> <span class='ocrx_word' id='word_1_36' title='bbox 1177 783 1497 856; x_wconf 82' lang='grc' dir='ltr'>κελευθῆναι</span> <span class='ocrx_word' id='word_1_37' title='bbox 1547 767 1645 843; x_wconf 61' lang='grc' dir='ltr'><strong>καί</strong></span> <span class='ocrx_word' id='word_1_38' title='bbox 1684 790 1759 862; x_wconf 79' lang='grc' dir='ltr'>μὴ</span> 
     </span>
    </p>
   </div>
   <div class='ocr_carea' id='block_1_8' title="bbox 182 860 1760 959">
    <p class='ocr_par' dir='ltr' id='par_1_8' title="bbox 182 860 1760 959">
     <span class='ocr_line' id='line_1_8' title="bbox 182 860 1760 959; baseline 0.013 -44"><span class='ocrx_word' id='word_1_39' title='bbox 182 860 497 959; x_wconf 73' lang='grc' dir='ltr'><strong>¹ἀντιλέξαι,</strong></span> <span class='ocrx_word' id='word_1_40' title='bbox 518 864 653 921; x_wconf 80' lang='grc' dir='ltr'>ἀλλὰ</span> <span class='ocrx_word' id='word_1_41' title='bbox 683 869 859 922; x_wconf 81' lang='grc' dir='ltr'>ποιεῖν</span> <span class='ocrx_word' id='word_1_42' title='bbox 890 870 1031 941; x_wconf 80' lang='grc' dir='ltr'>μετὰ</span> <span class='ocrx_word' id='word_1_43' title='bbox 1065 871 1328 946; x_wconf 81' lang='grc' dir='ltr'><strong>ὑπακοῆς,</strong></span> <span class='ocrx_word' id='word_1_44' title='bbox 1358 876 1517 933; x_wconf 81' lang='grc' dir='ltr'>τοῦτο</span> <span class='ocrx_word' id='word_1_45' title='bbox 1552 860 1760 948; x_wconf 81' lang='grc' dir='ltr'>γίνεται</span> 
     </span>
    </p>
   </div>
   <div class='ocr_carea' id='block_1_9' title="bbox 192 955 1761 1036">
    <p class='ocr_par' dir='ltr' id='par_1_9' title="bbox 192 955 1761 1036">
     <span class='ocr_line' id='line_1_9' title="bbox 192 955 1761 1036; baseline 0.015 -30"><span class='ocrx_word' id='word_1_46' title='bbox 192 955 279 1019; x_wconf 82' lang='grc' dir='ltr'><strong>εἰς</strong></span> <span class='ocrx_word' id='word_1_47' title='bbox 313 958 622 1030; x_wconf 76' lang='grc' dir='ltr'>προκοπὴν,</span> <span class='ocrx_word' id='word_1_48' title='bbox 682 962 777 1016; x_wconf 70' lang='grc' dir='ltr'>καὶ</span> <span class='ocrx_word' id='word_1_49' title='bbox 827 960 890 1016; x_wconf 84' lang='grc' dir='ltr'>τὸ</span> <span class='ocrx_word' id='word_1_50' title='bbox 941 964 1244 1036; x_wconf 84' lang='grc' dir='ltr'>κτήσασθαι</span> <span class='ocrx_word' id='word_1_51' title='bbox 1290 969 1652 1035; x_wconf 69' lang='grc' dir='ltr'>ἐξουδένωσιν.</span> <span class='ocrx_word' id='word_1_52' title='bbox 1696 976 1761 1029; x_wconf 82' lang='grc' dir='ltr'><strong><em>Ἡ</em></strong></span> 
     </span>
    </p>
   </div>
   <div class='ocr_carea' id='block_1_10' title="bbox 193 1048 1761 1137">
    <p class='ocr_par' dir='ltr' id='par_1_10' title="bbox 193 1048 1761 1137">
     <span class='ocr_line' id='line_1_10' title="bbox 193 1048 1761 1137; baseline 0.014 -39"><span class='ocrx_word' id='word_1_53' title='bbox 193 1048 461 1127; x_wconf 66' lang='grc' dir='ltr'>συντριδὴ</span> <span class='ocrx_word' id='word_1_54' title='bbox 482 1050 582 1123; x_wconf 81' lang='grc' dir='ltr'>τῆς</span> <span class='ocrx_word' id='word_1_55' title='bbox 600 1052 825 1121; x_wconf 76' lang='grc' dir='ltr'><strong>καρδίας</strong></span> <span class='ocrx_word' id='word_1_56' title='bbox 860 1054 998 1122; x_wconf 77' lang='grc' dir='ltr'>ἐστὶ,</span> <span class='ocrx_word' id='word_1_57' title='bbox 1033 1056 1096 1111; x_wconf 81' lang='grc' dir='ltr'>τὸ</span> <span class='ocrx_word' id='word_1_58' title='bbox 1131 1059 1207 1131; x_wconf 82' lang='grc' dir='ltr'>μὴ</span> <span class='ocrx_word' id='word_1_59' title='bbox 1230 1061 1389 1116; x_wconf 73' lang='grc' dir='ltr'>ἐᾶσαι</span> <span class='ocrx_word' id='word_1_60' title='bbox 1417 1065 1587 1135; x_wconf 76' lang='grc' dir='ltr'>αὐτὴν</span> <span class='ocrx_word' id='word_1_61' title='bbox 1628 1065 1761 1137; x_wconf 77' lang='grc' dir='ltr'>ῥέμ-</span> 
     </span>
    </p>
   </div>
   <div class='ocr_carea' id='block_1_11' title="bbox 190 1139 1760 1223">
    <p class='ocr_par' dir='ltr' id='par_1_11' title="bbox 190 1139 1760 1223">
     <span class='ocr_line' id='line_1_11' title="bbox 190 1139 1760 1223; baseline 0.012 -31"><span class='ocrx_word' id='word_1_62' title='bbox 190 1139 391 1201; x_wconf 74' lang='grc' dir='ltr'>δεσθαι</span> <span class='ocrx_word' id='word_1_63' title='bbox 441 1143 581 1213; x_wconf 83' lang='grc' dir='ltr'>μετὰ</span> <span class='ocrx_word' id='word_1_64' title='bbox 634 1144 932 1219; x_wconf 82' lang='grc' dir='ltr'><strong>ἀλλοτρίων</strong></span> <span class='ocrx_word' id='word_1_65' title='bbox 967 1148 1266 1222; x_wconf 80' lang='grc' dir='ltr'>λογισμῶν.</span> <span class='ocrx_word' id='word_1_66' title='bbox 1314 1153 1379 1207; x_wconf 83' lang='grc' dir='ltr'><strong><em>Ἦ</em></strong></span> <span class='ocrx_word' id='word_1_67' title='bbox 1431 1156 1760 1223; x_wconf 85' lang='grc' dir='ltr'>ταπείνωσίς</span> 
     </span>
    </p>
   </div>
   <div class='ocr_carea' id='block_1_12' title="bbox 193 1233 1757 1318">
    <p class='ocr_par' dir='ltr' id='par_1_12' title="bbox 193 1233 1757 1318">
     <span class='ocr_line' id='line_1_12' title="bbox 193 1233 1757 1318; baseline 0.012 -33"><span class='ocrx_word' id='word_1_68' title='bbox 193 1233 340 1299; x_wconf 81' lang='grc' dir='ltr'>ἐστι,</span> <span class='ocrx_word' id='word_1_69' title='bbox 374 1234 435 1289; x_wconf 79' lang='grc' dir='ltr'>τὸ</span> <span class='ocrx_word' id='word_1_70' title='bbox 466 1235 543 1308; x_wconf 79' lang='grc' dir='ltr'>μὴ</span> <span class='ocrx_word' id='word_1_71' title='bbox 565 1235 823 1309; x_wconf 69' lang='grc' dir='ltr'>ψηφίζειν</span> <span class='ocrx_word' id='word_1_72' title='bbox 853 1239 1043 1294; x_wconf 75' lang='grc' dir='ltr'>ἑαυτὸν</span> <span class='ocrx_word' id='word_1_73' title='bbox 1074 1241 1130 1296; x_wconf 75' lang='grc' dir='ltr'>ἐν</span> <span class='ocrx_word' id='word_1_74' title='bbox 1158 1261 1262 1297; x_wconf 89' lang='grc' dir='ltr'>τινι</span> <span class='ocrx_word' id='word_1_75' title='bbox 1291 1244 1757 1318; x_wconf 82' lang='grc' dir='ltr'>πράγματιδλως,</span> 
     </span>
    </p>
   </div>
   <div class='ocr_carea' id='block_1_13' title="bbox 190 1321 1760 1400">
    <p class='ocr_par' dir='ltr' id='par_1_13' title="bbox 190 1321 1760 1400">
     <span class='ocr_line' id='line_1_13' title="bbox 190 1321 1760 1400; baseline 0.011 -26"><span class='ocrx_word' id='word_1_76' title='bbox 190 1322 287 1375; x_wconf 80' lang='grc' dir='ltr'>καὶ</span> <span class='ocrx_word' id='word_1_77' title='bbox 317 1321 382 1376; x_wconf 80' lang='grc' dir='ltr'>τὸ</span> <span class='ocrx_word' id='word_1_78' title='bbox 421 1324 584 1392; x_wconf 76' lang='grc' dir='ltr'>κόψαι</span> <span class='ocrx_word' id='word_1_79' title='bbox 614 1325 673 1381; x_wconf 77' lang='grc' dir='ltr'>τὸ</span> <span class='ocrx_word' id='word_1_80' title='bbox 709 1326 835 1380; x_wconf 72' lang='grc' dir='ltr'>ἴδιον</span> <span class='ocrx_word' id='word_1_81' title='bbox 860 1327 1068 1400; x_wconf 78' lang='grc' dir='ltr'>θέλημα</span> <span class='ocrx_word' id='word_1_82' title='bbox 1092 1333 1231 1387; x_wconf 82' lang='grc' dir='ltr'>κατὰ</span> <span class='ocrx_word' id='word_1_83' title='bbox 1256 1335 1433 1390; x_wconf 86' lang='grc' dir='ltr'>πάντα</span> <span class='ocrx_word' id='word_1_84' title='bbox 1452 1353 1465 1366; x_wconf 65' lang='grc' dir='ltr'><em>α</em></span> <span class='ocrx_word' id='word_1_85' title='bbox 1500 1336 1640 1392; x_wconf 82' lang='grc' dir='ltr'>ὥστε</span> <span class='ocrx_word' id='word_1_86' title='bbox 1697 1338 1760 1393; x_wconf 84' lang='grc' dir='ltr'>τὸ</span> 
     </span>
    </p>
   </div>
   <div class='ocr_carea' id='block_1_14' title="bbox 189 1414 1759 1505">
    <p class='ocr_par' dir='ltr' id='par_1_14' title="bbox 189 1414 1759 1505">
     <span class='ocr_line' id='line_1_14' title="bbox 189 1414 1759 1505; baseline 0.012 -38"><span class='ocrx_word' id='word_1_87' title='bbox 189 1414 537 1505; x_wconf 72' lang='grc' dir='ltr'>ὑποταγῆναι</span> <span class='ocrx_word' id='word_1_88' title='bbox 569 1420 722 1487; x_wconf 77' lang='grc' dir='ltr'>πᾶσι,</span> <span class='ocrx_word' id='word_1_89' title='bbox 756 1420 853 1476; x_wconf 72' lang='grc' dir='ltr'>καὶ</span> <span class='ocrx_word' id='word_1_90' title='bbox 872 1420 1137 1492; x_wconf 77' lang='grc' dir='ltr'><strong>βαστάσαι</strong></span> <span class='ocrx_word' id='word_1_91' title='bbox 1181 1428 1467 1498; x_wconf 82' lang='grc' dir='ltr'><strong>ἀταράχως</strong></span> <span class='ocrx_word' id='word_1_92' title='bbox 1492 1431 1562 1483; x_wconf 79' lang='grc' dir='ltr'><strong>τὰ</strong></span> <span class='ocrx_word' id='word_1_93' title='bbox 1592 1434 1759 1505; x_wconf 82' lang='grc' dir='ltr'>ὲπερ-</span> 
     </span>
    </p>
   </div>
   <div class='ocr_carea' id='block_1_15' title="bbox 188 1504 1758 1593">
    <p class='ocr_par' dir='ltr' id='par_1_15' title="bbox 188 1504 1758 1593">
     <span class='ocr_line' id='line_1_15' title="bbox 188 1504 1758 1593; baseline 0.015 -37"><span class='ocrx_word' id='word_1_94' title='bbox 188 1504 399 1576; x_wconf 84' lang='grc' dir='ltr'>χόμενα</span> <span class='ocrx_word' id='word_1_95' title='bbox 426 1508 531 1561; x_wconf 81' lang='grc' dir='ltr'><strong>ὑπὸ</strong></span> <span class='ocrx_word' id='word_1_96' title='bbox 563 1508 738 1566; x_wconf 73' lang='grc' dir='ltr'>ἄλλων</span> <span class='ocrx_word' id='word_1_97' title='bbox 759 1551 776 1579; x_wconf 95' lang='grc'><strong>,</strong></span> <span class='ocrx_word' id='word_1_98' title='bbox 803 1513 959 1569; x_wconf 79' lang='grc' dir='ltr'>τοῦτό</span> <span class='ocrx_word' id='word_1_99' title='bbox 984 1516 1132 1575; x_wconf 68' lang='grc' dir='ltr'>ἐστιν</span> <span class='ocrx_word' id='word_1_100' title='bbox 1164 1520 1197 1589; x_wconf 81' lang='grc' dir='ltr'><strong>ή</strong></span> <span class='ocrx_word' id='word_1_101' title='bbox 1232 1518 1457 1593; x_wconf 78' lang='grc' dir='ltr'>ἀληθινὴ</span> <span class='ocrx_word' id='word_1_102' title='bbox 1490 1504 1758 1578; x_wconf 85' lang='grc' dir='ltr'>ταπείνω-</span> 
     </span>
    </p>
   </div>
   <div class='ocr_carea' id='block_1_16' title="bbox 190 1598 1757 1685">
    <p class='ocr_par' dir='ltr' id='par_1_16' title="bbox 190 1598 1757 1685">
     <span class='ocr_line' id='line_1_16' title="bbox 190 1598 1757 1685; baseline 0.015 -37"><span class='ocrx_word' id='word_1_103' title='bbox 190 1612 277 1685; x_wconf 85' lang='grc' dir='ltr'><strong>σις</strong></span> <span class='ocrx_word' id='word_1_104' title='bbox 304 1613 317 1625; x_wconf 87' lang='grc'><strong>·</strong></span> <span class='ocrx_word' id='word_1_105' title='bbox 342 1598 425 1662; x_wconf 75' lang='grc' dir='ltr'>είος</span> <span class='ocrx_word' id='word_1_106' title='bbox 450 1598 519 1671; x_wconf 72' lang='grc' dir='ltr'>ἢν</span> <span class='ocrx_word' id='word_1_107' title='bbox 564 1602 664 1676; x_wconf 79' lang='grc' dir='ltr'><strong>οὐχ</strong></span> <span class='ocrx_word' id='word_1_108' title='bbox 696 1599 955 1677; x_wconf 62' lang='grc' dir='ltr'>εὑρίσκει</span> <span class='ocrx_word' id='word_1_109' title='bbox 987 1609 1045 1662; x_wconf 72' lang='grc' dir='ltr'>ὲν</span> <span class='ocrx_word' id='word_1_110' title='bbox 1086 1609 1223 1682; x_wconf 73' lang='grc' dir='ltr'>αὐτῇ</span> <span class='ocrx_word' id='word_1_111' title='bbox 1274 1608 1514 1685; x_wconf 83' lang='grc' dir='ltr'>χώρανή</span> <span class='ocrx_word' id='word_1_112' title='bbox 1544 1616 1757 1671; x_wconf 87' lang='grc' dir='ltr'>κενοδο-</span> 
     </span>
    </p>
   </div>
   <div class='ocr_carea' id='block_1_17' title="bbox 189 1684 298 1753">
    <p class='ocr_par' dir='ltr' id='par_1_17' title="bbox 189 1684 298 1753">
     <span class='ocr_line' id='line_1_17' title="bbox 189 1684 298 1753; baseline 0.018 -12"><span class='ocrx_word' id='word_1_113' title='bbox 189 1684 298 1753; x_wconf 76' lang='grc' dir='ltr'>ξία.</span> 
     </span>
    </p>
   </div>
   <div class='ocr_carea' id='block_1_18' title="bbox 137 1776 1756 1866">
    <p class='ocr_par' dir='ltr' id='par_1_18' title="bbox 137 1776 1756 1866">
     <span class='ocr_line' id='line_1_18' title="bbox 137 1776 1756 1866; baseline 0.018 -40"><span class='ocrx_word' id='word_1_114' title='bbox 137 1806 143 1813; x_wconf 93' lang='grc'><strong>-</strong></span> <span class='ocrx_word' id='word_1_115' title='bbox 259 1776 337 1829; x_wconf 83' lang='grc' dir='ltr'><strong>Τὸ</strong></span> <span class='ocrx_word' id='word_1_116' title='bbox 362 1776 417 1830; x_wconf 81' lang='grc' dir='ltr'>δὲ</span> <span class='ocrx_word' id='word_1_117' title='bbox 440 1782 859 1853; x_wconf 80' lang='grc' dir='ltr'>ταπεινολογεῖν,</span> <span class='ocrx_word' id='word_1_118' title='bbox 893 1788 1198 1855; x_wconf 78' lang='grc' dir='ltr'>κενοδοξίαν</span> <span class='ocrx_word' id='word_1_119' title='bbox 1243 1793 1421 1866; x_wconf 76' lang='grc' dir='ltr'>φέρει,</span> <span class='ocrx_word' id='word_1_120' title='bbox 1464 1798 1559 1852; x_wconf 74' lang='grc' dir='ltr'>καὶ</span> <span class='ocrx_word' id='word_1_121' title='bbox 1585 1799 1756 1855; x_wconf 78' lang='grc' dir='ltr'>κακὸν</span> 
     </span>
    </p>
   </div>
   <div class='ocr_carea' id='block_1_19' title="bbox 187 1865 1753 1962">
    <p class='ocr_par' dir='ltr' id='par_1_19' title="bbox 187 1865 1753 1962">
     <span class='ocr_line' id='line_1_19' title="bbox 187 1865 1753 1962; baseline 0.019 -44"><span class='ocrx_word' id='word_1_122' title='bbox 187 1865 395 1962; x_wconf 53' lang='lat' dir='ltr'><strong>psum</strong></span> <span class='ocrx_word' id='word_1_123' title='bbox 420 1870 587 1935; x_wconf 75' lang='grc' dir='ltr'>ιστιν,</span> <span class='ocrx_word' id='word_1_124' title='bbox 612 1873 989 1962; x_wconf 11' lang='grc' dir='ltr'>ἢνώςρέλιμοψ</span> <span class='ocrx_word' id='word_1_125' title='bbox 1016 1880 1151 1936; x_wconf 82' lang='grc' dir='ltr'>ἀλλὰ</span> <span class='ocrx_word' id='word_1_126' title='bbox 1189 1865 1351 1955; x_wconf 80' lang='grc' dir='ltr'>άρκεῖ</span> <span class='ocrx_word' id='word_1_127' title='bbox 1377 1888 1572 1958; x_wconf 82' lang='grc' dir='ltr'>λέγειν,</span> <span class='ocrx_word' id='word_1_128' title='bbox 1616 1892 1753 1962; x_wconf 79' lang='grc' dir='ltr'><strong>Συγ-</strong></span> 
     </span>
    </p>
   </div>
   <div class='ocr_carea' id='block_1_20' title="bbox 185 1954 1118 2044">
    <p class='ocr_par' dir='ltr' id='par_1_20' title="bbox 185 1954 1118 2044">
     <span class='ocr_line' id='line_1_20' title="bbox 185 1954 1118 2044; baseline 0.018 -32"><span class='ocrx_word' id='word_1_129' title='bbox 185 1954 460 2030; x_wconf 81' lang='grc' dir='ltr'>χώρησον,</span> <span class='ocrx_word' id='word_1_130' title='bbox 492 1964 588 2016; x_wconf 85' lang='grc' dir='ltr'>καὶ</span> <span class='ocrx_word' id='word_1_131' title='bbox 612 1961 765 2032; x_wconf 79' lang='grc' dir='ltr'>εὖξαι</span> <span class='ocrx_word' id='word_1_132' title='bbox 787 1968 928 2043; x_wconf 78' lang='grc' dir='ltr'>ὑπὲρ</span> <span class='ocrx_word' id='word_1_133' title='bbox 960 1973 1118 2044; x_wconf 78' lang='grc' dir='ltr'>ἐμοῦ.</span> 
     </span>
    </p>
   </div>
   <div class='ocr_carea' id='block_1_21' title="bbox 761 2103 1180 2178">
    <p class='ocr_par' dir='ltr' id='par_1_21' title="bbox 761 2103 1180 2178">
     <span class='ocr_line' id='line_1_21' title="bbox 761 2103 1180 2178; baseline 0.017 -7"><span class='ocrx_word' id='word_1_134' title='bbox 761 2103 1083 2178; x_wconf 82' lang='grc' dir='ltr'><strong>Ἐρώτησις</strong></span> <span class='ocrx_word' id='word_1_135' title='bbox 1107 2118 1180 2177; x_wconf 78' lang='grc' dir='ltr'><strong>ς⁴.</strong></span> 
     </span>
    </p>
   </div>
   <div class='ocr_carea' id='block_1_22' title="bbox 251 2230 1751 2317">
    <p class='ocr_par' dir='ltr' id='par_1_22' title="bbox 251 2230 1751 2317">
     <span class='ocr_line' id='line_1_22' title="bbox 251 2230 1751 2317; baseline 0.019 -34"><span class='ocrx_word' id='word_1_136' title='bbox 251 2230 319 2284; x_wconf 81' lang='lat' dir='ltr'><strong>El</strong></span> <span class='ocrx_word' id='word_1_137' title='bbox 344 2232 403 2285; x_wconf 73' lang='grc' dir='ltr'>ἐν</span> <span class='ocrx_word' id='word_1_138' title='bbox 429 2234 541 2298; x_wconf 81' lang='grc' dir='ltr'>τοῖς</span> <span class='ocrx_word' id='word_1_139' title='bbox 590 2236 795 2304; x_wconf 79' lang='grc' dir='ltr'>καλοῖς,</span> <span class='ocrx_word' id='word_1_140' title='bbox 828 2239 861 2311; x_wconf 76' lang='grc' dir='ltr'>ἢ</span> <span class='ocrx_word' id='word_1_141' title='bbox 889 2241 948 2295; x_wconf 78' lang='grc' dir='ltr'>ὲν</span> <span class='ocrx_word' id='word_1_142' title='bbox 975 2246 1089 2311; x_wconf 75' lang='grc' dir='ltr'>τοῖς</span> <span class='ocrx_word' id='word_1_143' title='bbox 1120 2248 1306 2317; x_wconf 82' lang='grc' dir='ltr'><strong>μέσοις</strong></span> <span class='ocrx_word' id='word_1_144' title='bbox 1327 2250 1657 2309; x_wconf 50' lang='grc' dir='ltr'>δεῑνκόπτειν</span> <span class='ocrx_word' id='word_1_145' title='bbox 1688 2258 1751 2313; x_wconf 82' lang='grc' dir='ltr'>τὸ</span> 
     </span>
    </p>
   </div>
   <div class='ocr_carea' id='block_1_23' title="bbox 180 2318 1745 2417">
    <p class='ocr_par' dir='ltr' id='par_1_23' title="bbox 180 2318 1745 2417">
     <span class='ocr_line' id='line_1_23' title="bbox 180 2318 1745 2417; baseline 0.015 -41"><span class='ocrx_word' id='word_1_146' title='bbox 180 2318 420 2417; x_wconf 58' lang='grc' dir='ltr'>θέλημα,</span> <span class='ocrx_word' id='word_1_147' title='bbox 449 2324 482 2396; x_wconf 74' lang='grc' dir='ltr'>ἢ</span> <span class='ocrx_word' id='word_1_148' title='bbox 512 2325 605 2417; x_wconf 85' lang='grc' dir='ltr'>καὶ</span> <span class='ocrx_word' id='word_1_149' title='bbox 632 2327 691 2379; x_wconf 82' lang='grc' dir='ltr'>ὲν</span> <span class='ocrx_word' id='word_1_150' title='bbox 734 2322 817 2396; x_wconf 73' lang='grc' dir='ltr'><strong>οἷς</strong></span> <span class='ocrx_word' id='word_1_151' title='bbox 869 2334 1180 2405; x_wconf 74' lang='grc' dir='ltr'>παράϐασις</span> <span class='ocrx_word' id='word_1_152' title='bbox 1208 2406 1211 2407; x_wconf 17' lang='grc' dir='ltr'><em>ν</em></span> <span class='ocrx_word' id='word_1_153' title='bbox 1237 2340 1428 2408; x_wconf 77' lang='grc' dir='ltr'>φθάνει</span> <span class='ocrx_word' id='word_1_154' title='bbox 1482 2346 1704 2417; x_wconf 79' lang='grc' dir='ltr'><strong>ἐντολῆς</strong></span> <span class='ocrx_word' id='word_1_155' title='bbox 1729 2364 1745 2416; x_wconf 90' lang='lat'><strong>;</strong></span> 
     </span>
    </p>
   </div>
   <div class='ocr_carea' id='block_1_24' title="bbox 180 2412 1743 2511">
    <p class='ocr_par' dir='ltr' id='par_1_24' title="bbox 180 2412 1743 2511">
     <span class='ocr_line' id='line_1_24' title="bbox 180 2412 1743 2511; baseline 0.02 -47"><span class='ocrx_word' id='word_1_156' title='bbox 180 2412 291 2511; x_wconf 57' lang='lat' dir='ltr'><strong>Kal:</strong></span> <span class='ocrx_word' id='word_1_157' title='bbox 319 2413 464 2511; x_wconf 64' lang='grc' dir='ltr'>ὑπὲρ</span> <span class='ocrx_word' id='word_1_158' title='bbox 489 2416 589 2491; x_wconf 71' lang='grc' dir='ltr'>τὴν</span> <span class='ocrx_word' id='word_1_159' title='bbox 614 2420 946 2480; x_wconf 86' lang='grc' dir='ltr'>κατάστασίν</span> <span class='ocrx_word' id='word_1_160' title='bbox 982 2443 1085 2499; x_wconf 79' lang='grc' dir='ltr'>μου</span> <span class='ocrx_word' id='word_1_161' title='bbox 1128 2430 1224 2485; x_wconf 69' lang='grc' dir='ltr'>ἐὰν</span> <span class='ocrx_word' id='word_1_162' title='bbox 1259 2433 1455 2507; x_wconf 77' lang='grc' dir='ltr'>εὑρεθῇ</span> <span class='ocrx_word' id='word_1_163' title='bbox 1490 2412 1743 2511; x_wconf 37' lang='grc' dir='ltr'>ὲπιταέὴ,</span> 
     </span>
    </p>
   </div>
   <div class='ocr_carea' id='block_1_25' title="bbox 176 2505 1747 2604">
    <p class='ocr_par' dir='ltr' id='par_1_25' title="bbox 176 2505 1747 2604">
     <span class='ocr_line' id='line_1_25' title="bbox 176 2505 1747 2604; baseline 0.018 -45"><span class='ocrx_word' id='word_1_164' title='bbox 176 2508 229 2604; x_wconf 75' lang='grc' dir='ltr'><strong>εί</strong></span> <span class='ocrx_word' id='word_1_165' title='bbox 264 2505 469 2604; x_wconf 67' lang='grc' dir='ltr'>ὀφείλω</span> <span class='ocrx_word' id='word_1_166' title='bbox 493 2516 959 2587; x_wconf 72' lang='grc' dir='ltr'>παραιτήσασθαι,</span> <span class='ocrx_word' id='word_1_167' title='bbox 992 2521 1079 2574; x_wconf 73' lang='grc' dir='ltr'>ἵνα</span> <span class='ocrx_word' id='word_1_168' title='bbox 1108 2524 1185 2595; x_wconf 81' lang='grc' dir='ltr'>μὴ</span> <span class='ocrx_word' id='word_1_169' title='bbox 1214 2524 1393 2599; x_wconf 79' lang='grc' dir='ltr'>λύπην</span> <span class='ocrx_word' id='word_1_170' title='bbox 1430 2505 1536 2585; x_wconf 74' lang='grc' dir='ltr'>καὶ</span> <span class='ocrx_word' id='word_1_171' title='bbox 1576 2505 1747 2604; x_wconf 49' lang='lat' dir='ltr'><strong>caput:</strong></span> 
     </span>
    </p>
   </div>
   <div class='ocr_carea' id='block_1_26' title="bbox 174 2600 1743 2701">
    <p class='ocr_par' dir='ltr' id='par_1_26' title="bbox 174 2600 1743 2701">
     <span class='ocr_line' id='line_1_26' title="bbox 174 2600 1743 2701; baseline 0.019 -48"><span class='ocrx_word' id='word_1_172' title='bbox 174 2600 298 2701; x_wconf 42' lang='grc' dir='ltr'><strong>χὴν-</strong></span> <span class='ocrx_word' id='word_1_173' title='bbox 333 2601 562 2701; x_wconf 61' lang='grc' dir='ltr'>ὕστερον</span> <span class='ocrx_word' id='word_1_174' title='bbox 615 2608 935 2701; x_wconf 68' lang='grc' dir='ltr'>ἐνέγκοιμις</span> <span class='ocrx_word' id='word_1_175' title='bbox 987 2614 1110 2669; x_wconf 86' lang='grc' dir='ltr'><strong>Ἔτι</strong></span> <span class='ocrx_word' id='word_1_176' title='bbox 1158 2617 1215 2673; x_wconf 75' lang='grc' dir='ltr'>δὲ</span> <span class='ocrx_word' id='word_1_177' title='bbox 1272 2620 1371 2676; x_wconf 70' lang='grc' dir='ltr'>ἐάν</span> <span class='ocrx_word' id='word_1_178' title='bbox 1420 2640 1504 2689; x_wconf 85' lang='grc' dir='ltr'><strong>τις</strong></span> <span class='ocrx_word' id='word_1_179' title='bbox 1548 2600 1743 2701; x_wconf 76' lang='grc' dir='ltr'>εὑρεθῇ</span> 
     </span>
    </p>
   </div>
   <div class='ocr_carea' id='block_1_27' title="bbox 174 2693 1740 2788">
    <p class='ocr_par' dir='ltr' id='par_1_27' title="bbox 174 2693 1740 2788">
     <span class='ocr_line' id='line_1_27' title="bbox 174 2693 1740 2788; baseline 0.017 -41"><span class='ocrx_word' id='word_1_180' title='bbox 174 2693 368 2764; x_wconf 78' lang='grc' dir='ltr'>χρείαν</span> <span class='ocrx_word' id='word_1_181' title='bbox 393 2693 533 2767; x_wconf 66' lang='lat' dir='ltr'><strong>lion</strong></span> <span class='ocrx_word' id='word_1_182' title='bbox 587 2698 724 2771; x_wconf 79' lang='grc' dir='ltr'>πρὸς</span> <span class='ocrx_word' id='word_1_183' title='bbox 748 2701 839 2755; x_wconf 79' lang='grc' dir='ltr'>τὸν</span> <span class='ocrx_word' id='word_1_184' title='bbox 881 2703 1075 2772; x_wconf 78' lang='grc' dir='ltr'>άδϐάν,</span> <span class='ocrx_word' id='word_1_185' title='bbox 1112 2708 1199 2764; x_wconf 73' lang='grc' dir='ltr'><strong>ἵνα</strong></span> <span class='ocrx_word' id='word_1_186' title='bbox 1229 2714 1429 2788; x_wconf 75' lang='grc' dir='ltr'>αἰτήσῃ</span> <span class='ocrx_word' id='word_1_187' title='bbox 1472 2734 1525 2771; x_wconf 87' lang='grc' dir='ltr'><strong>τι</strong></span> <span class='ocrx_word' id='word_1_188' title='bbox 1554 2693 1740 2788; x_wconf 54' lang='grc' dir='ltr'>αὗτὺν,</span> 
     </span>
    </p>
   </div>
   <div class='ocr_carea' id='block_1_28' title="bbox 172 2788 1743 2880">
    <p class='ocr_par' dir='ltr' id='par_1_28' title="bbox 172 2788 1743 2880">
     <span class='ocr_line' id='line_1_28' title="bbox 172 2788 1743 2880; baseline 0.019 -41"><span class='ocrx_word' id='word_1_189' title='bbox 172 2788 270 2841; x_wconf 81' lang='grc' dir='ltr'>καὶ</span> <span class='ocrx_word' id='word_1_190' title='bbox 291 2788 427 2861; x_wconf 72' lang='grc' dir='ltr'>εἴπῃ</span> <span class='ocrx_word' id='word_1_191' title='bbox 459 2804 553 2862; x_wconf 81' lang='grc' dir='ltr'><strong>μοι</strong></span> <span class='ocrx_word' id='word_1_192' title='bbox 579 2789 842 2867; x_wconf 81' lang='grc' dir='ltr'>βοηθῆναι</span> <span class='ocrx_word' id='word_1_193' title='bbox 867 2799 1021 2872; x_wconf 81' lang='grc' dir='ltr'><strong>αὐτῷ</strong></span> <span class='ocrx_word' id='word_1_194' title='bbox 1047 2804 1127 2867; x_wconf 87' lang='grc' dir='ltr'><strong>είς</strong></span> <span class='ocrx_word' id='word_1_195' title='bbox 1157 2804 1218 2858; x_wconf 83' lang='grc' dir='ltr'>τὸ</span> <span class='ocrx_word' id='word_1_196' title='bbox 1252 2809 1511 2880; x_wconf 79' lang='grc' dir='ltr'>πρᾶγμα,</span> <span class='ocrx_word' id='word_1_197' title='bbox 1543 2813 1591 2865; x_wconf 89' lang='grc' dir='ltr'><strong>εί</strong></span> <span class='ocrx_word' id='word_1_198' title='bbox 1612 2815 1743 2870; x_wconf 80' lang='grc' dir='ltr'>ἀνά-</span> 
     </span>
    </p>
   </div>
   <div class='ocr_carea' id='block_1_29' title="bbox 173 2885 1741 2974">
    <p class='ocr_par' dir='ltr' id='par_1_29' title="bbox 173 2885 1741 2974">
     <span class='ocr_line' id='line_1_29' title="bbox 173 2885 1741 2974; baseline 0.013 -35"><span class='ocrx_word' id='word_1_199' title='bbox 173 2893 415 2952; x_wconf 79' lang='grc' dir='ltr'>σχωμαι,</span> <span class='ocrx_word' id='word_1_200' title='bbox 456 2885 507 2940; x_wconf 81' lang='grc' dir='ltr'><strong>εί</strong></span> <span class='ocrx_word' id='word_1_201' title='bbox 533 2887 610 2960; x_wconf 79' lang='grc' dir='ltr'>μὴ</span> <span class='ocrx_word' id='word_1_202' title='bbox 668 2889 824 2962; x_wconf 84' lang='grc' dir='ltr'>φέρει</span> <span class='ocrx_word' id='word_1_203' title='bbox 854 2909 945 2964; x_wconf 89' lang='grc' dir='ltr'><strong>μοι</strong></span> <span class='ocrx_word' id='word_1_204' title='bbox 973 2897 1161 2969; x_wconf 83' lang='grc' dir='ltr'>τιμὴν,</span> <span class='ocrx_word' id='word_1_205' title='bbox 1197 2898 1281 2955; x_wconf 83' lang='grc' dir='ltr'>ὅτι</span> <span class='ocrx_word' id='word_1_206' title='bbox 1327 2900 1463 2967; x_wconf 83' lang='grc' dir='ltr'><strong>ὅλως</strong></span> <span class='ocrx_word' id='word_1_207' title='bbox 1508 2901 1741 2974; x_wconf 76' lang='grc' dir='ltr'>ψηφίζο-</span> 
     </span>
    </p>
   </div>
   <div class='ocr_carea' id='block_1_30' title="bbox 172 2976 1741 3070">
    <p class='ocr_par' dir='ltr' id='par_1_30' title="bbox 172 2976 1741 3070">
     <span class='ocr_line' id='line_1_30' title="bbox 172 2976 1741 3070; baseline 0.004 -26"><span class='ocrx_word' id='word_1_208' title='bbox 335 2976 457 3070; x_wconf 76' lang='grc' dir='ltr'>Ἔτι</span> <span class='ocrx_word' id='word_1_209' title='bbox 474 2977 533 3033; x_wconf 74' lang='grc' dir='ltr'>δὲ</span> <span class='ocrx_word' id='word_1_210' title='bbox 556 2978 654 3036; x_wconf 65' lang='grc' dir='ltr'><strong>δάν</strong></span> <span class='ocrx_word' id='word_1_211' title='bbox 677 2983 877 3057; x_wconf 78' lang='grc' dir='ltr'>αίτήσῃ</span> <span class='ocrx_word' id='word_1_212' title='bbox 905 2987 974 3055; x_wconf 84' lang='grc' dir='ltr'><strong>μέ</strong></span> <span class='ocrx_word' id='word_1_213' title='bbox 1002 3005 1087 3052; x_wconf 87' lang='grc' dir='ltr'><strong>τις</strong></span> <span class='ocrx_word' id='word_1_214' title='bbox 1107 2990 1334 3063; x_wconf 82' lang='grc' dir='ltr'>ποιῆσαι</span> <span class='ocrx_word' id='word_1_215' title='bbox 1363 2988 1545 3067; x_wconf 76' lang='grc' dir='ltr'>εὐχὴν,</span> <span class='ocrx_word' id='word_1_216' title='bbox 1581 2996 1741 3070; x_wconf 83' lang='grc' dir='ltr'>θελή-</span> 
     </span>
    </p>
   </div>
   <div class='ocr_carea' id='block_1_31' title="bbox 174 3068 1743 3160">
    <p class='ocr_par' dir='ltr' id='par_1_31' title="bbox 174 3068 1743 3160">
     <span class='ocr_line' id='line_1_31' title="bbox 174 3068 1743 3160; baseline 0.015 -38"><span class='ocrx_word' id='word_1_217' title='bbox 174 3082 253 3123; x_wconf 73' lang='grc' dir='ltr'><strong>σω</strong></span> <span class='ocrx_word' id='word_1_218' title='bbox 277 3068 466 3140; x_wconf 80' lang='grc' dir='ltr'>βαλεῖν</span> <span class='ocrx_word' id='word_1_219' title='bbox 494 3075 650 3146; x_wconf 77' lang='grc' dir='ltr'>χεῖρα</span> <span class='ocrx_word' id='word_1_220' title='bbox 673 3076 769 3131; x_wconf 75' lang='grc' dir='ltr'>καὶ</span> <span class='ocrx_word' id='word_1_221' title='bbox 806 3077 1068 3151; x_wconf 84' lang='grc' dir='ltr'>βοηθῆσαί</span> <span class='ocrx_word' id='word_1_222' title='bbox 1098 3101 1235 3151; x_wconf 84' lang='grc' dir='ltr'>τινι;</span> <span class='ocrx_word' id='word_1_223' title='bbox 1258 3086 1430 3160; x_wconf 81' lang='grc' dir='ltr'>Μέχρι</span> <span class='ocrx_word' id='word_1_224' title='bbox 1478 3088 1621 3155; x_wconf 88' lang='grc' dir='ltr'>τίνος</span> <span class='ocrx_word' id='word_1_225' title='bbox 1663 3068 1743 3146; x_wconf 77' lang='grc' dir='ltr'><strong>δεῖ</strong></span> 
     </span>
    </p>
   </div>
   <div class='ocr_carea' id='block_1_32' title="bbox 172 3164 1741 3251">
    <p class='ocr_par' dir='ltr' id='par_1_32' title="bbox 172 3164 1741 3251">
     <span class='ocr_line' id='line_1_32' title="bbox 172 3164 1741 3251; baseline 0.015 -36"><span class='ocrx_word' id='word_1_226' title='bbox 172 3164 623 3235; x_wconf 68' lang='grc' dir='ltr'>παραιτήσασθαι</span> <span class='ocrx_word' id='word_1_227' title='bbox 655 3166 1039 3239; x_wconf 77' lang='grc' dir='ltr'>ῆφιλονεικετν</span> <span class='ocrx_word' id='word_1_228' title='bbox 1098 3174 1227 3230; x_wconf 78' lang='grc' dir='ltr'>ἔνθα</span> <span class='ocrx_word' id='word_1_229' title='bbox 1269 3180 1384 3233; x_wconf 73' lang='grc' dir='ltr'>ἐστὶ</span> <span class='ocrx_word' id='word_1_230' title='bbox 1430 3182 1741 3251; x_wconf 79' lang='grc' dir='ltr'>παράϐασις</span> 
     </span>
    </p>
   </div>
   <div class='ocr_carea' id='block_1_33' title="bbox 170 3252 438 3325">
    <p class='ocr_par' dir='ltr' id='par_1_33' title="bbox 170 3252 438 3325">
     <span class='ocr_line' id='line_1_33' title="bbox 170 3252 438 3325; baseline -0.011 -2"><span class='ocrx_word' id='word_1_231' title='bbox 170 3252 395 3325; x_wconf 65' lang='grc' dir='ltr'><strong>ὲντθλῆς</strong></span> <span class='ocrx_word' id='word_1_232' title='bbox 420 3271 438 3321; x_wconf 80' lang='grc' dir='ltr'>ς</span> 
     </span>
    </p>
   </div>
   <div class='ocr_carea' id='block_1_34' title="bbox 780 3391 1142 3463">
    <p class='ocr_par' dir='ltr' id='par_1_34' title="bbox 780 3391 1142 3463">
     <span class='ocr_line' id='line_1_34' title="bbox 780 3391 1142 3463; baseline 0.011 -17"><span class='ocrx_word' id='word_1_233' title='bbox 780 3391 1142 3463; x_wconf 78' lang='grc' dir='ltr'>Ἀπόκρισις.</span> 
     </span>
    </p>
   </div>
   <div class='ocr_carea' id='block_1_35' title="bbox 251 3518 1735 3610">
    <p class='ocr_par' dir='ltr' id='par_1_35' title="bbox 251 3518 1735 3610">
     <span class='ocr_line' id='line_1_35' title="bbox 251 3518 1735 3610; baseline 0.014 -37"><span class='ocrx_word' id='word_1_234' title='bbox 251 3519 495 3589; x_wconf 75' lang='grc' dir='ltr'>Ἀδελφὲ,</span> <span class='ocrx_word' id='word_1_235' title='bbox 521 3522 550 3576; x_wconf 84' lang='grc' dir='ltr'>ὁ</span> <span class='ocrx_word' id='word_1_236' title='bbox 577 3520 745 3577; x_wconf 83' lang='grc' dir='ltr'>θέλων</span> <span class='ocrx_word' id='word_1_237' title='bbox 779 3523 916 3582; x_wconf 77' lang='grc' dir='ltr'>εἶναι</span> <span class='ocrx_word' id='word_1_238' title='bbox 943 3529 1010 3594; x_wconf 78' lang='grc'><strong>⁸⁵,</strong></span> <span class='ocrx_word' id='word_1_239' title='bbox 1042 3530 1143 3585; x_wconf 80' lang='grc' dir='ltr'>οὐκ</span> <span class='ocrx_word' id='word_1_240' title='bbox 1180 3533 1386 3603; x_wconf 81' lang='grc' dir='ltr'>ὀφείλει</span> <span class='ocrx_word' id='word_1_241' title='bbox 1416 3518 1554 3601; x_wconf 69' lang='grc' dir='ltr'>ὅλως</span> <span class='ocrx_word' id='word_1_242' title='bbox 1574 3536 1735 3610; x_wconf 80' lang='grc' dir='ltr'>θέλη-</span> 
     </span>
    </p>
   </div>
   <div class='ocr_carea' id='block_1_36' title="bbox 170 3610 1737 3689">
    <p class='ocr_par' dir='ltr' id='par_1_36' title="bbox 170 3610 1737 3689">
     <span class='ocr_line' id='line_1_36' title="bbox 170 3610 1737 3689; baseline 0.017 -29"><span class='ocrx_word' id='word_1_243' title='bbox 170 3610 417 3682; x_wconf 74' lang='grc' dir='ltr'>μαέχειν</span> <span class='ocrx_word' id='word_1_244' title='bbox 448 3612 508 3665; x_wconf 80' lang='grc' dir='ltr'><strong>έν</strong></span> <span class='ocrx_word' id='word_1_245' title='bbox 548 3630 655 3667; x_wconf 86' lang='grc' dir='ltr'>τινι</span> <span class='ocrx_word' id='word_1_246' title='bbox 706 3618 1015 3689; x_wconf 83' lang='grc' dir='ltr'>πράγματι,</span> <span class='ocrx_word' id='word_1_247' title='bbox 1053 3622 1149 3676; x_wconf 75' lang='grc' dir='ltr'>καὶ</span> <span class='ocrx_word' id='word_1_248' title='bbox 1202 3624 1361 3679; x_wconf 82' lang='grc' dir='ltr'>τοῦτο</span> <span class='ocrx_word' id='word_1_249' title='bbox 1410 3626 1677 3684; x_wconf 82' lang='grc' dir='ltr'>διδάσκων</span> <span class='ocrx_word' id='word_1_250' title='bbox 1707 3634 1737 3687; x_wconf 83' lang='grc' dir='ltr'>ὁ</span> 
     </span>
    </p>
   </div>
   <div class='ocr_carea' id='block_1_37' title="bbox 168 3700 1739 3794">
    <p class='ocr_par' dir='ltr' id='par_1_37' title="bbox 168 3700 1739 3794">
     <span class='ocr_line' id='line_1_37' title="bbox 168 3700 1739 3794; baseline 0.016 -39"><span class='ocrx_word' id='word_1_251' title='bbox 168 3702 373 3775; x_wconf 77' lang='grc' dir='ltr'>Κύριος</span> <span class='ocrx_word' id='word_1_252' title='bbox 400 3700 579 3759; x_wconf 82' lang='grc' dir='ltr'>εἷπεν⁸</span> <span class='ocrx_word' id='word_1_253' title='bbox 608 3703 832 3764; x_wconf 72' lang='grc' dir='ltr'>Ἦλθον</span> <span class='ocrx_word' id='word_1_254' title='bbox 860 3713 947 3778; x_wconf 83' lang='grc' dir='ltr'><strong>είς</strong></span> <span class='ocrx_word' id='word_1_255' title='bbox 975 3713 1081 3767; x_wconf 82' lang='grc' dir='ltr'><strong>τὸν</strong></span> <span class='ocrx_word' id='word_1_256' title='bbox 1112 3716 1364 3787; x_wconf 82' lang='grc' dir='ltr'>κόσμον,</span> <span class='ocrx_word' id='word_1_257' title='bbox 1406 3723 1480 3776; x_wconf 88' lang='grc' dir='ltr'>οὐ</span> <span class='ocrx_word' id='word_1_258' title='bbox 1508 3723 1575 3776; x_wconf 85' lang='grc' dir='ltr'>τὸ</span> <span class='ocrx_word' id='word_1_259' title='bbox 1589 3724 1739 3794; x_wconf 82' lang='grc' dir='ltr'><strong>ἐμὸν</strong></span> 
     </span>
    </p>
   </div>
   <div class='ocr_carea' id='block_1_38' title="bbox 167 3796 1735 3886">
    <p class='ocr_par' dir='ltr' id='par_1_38' title="bbox 167 3796 1735 3886">
     <span class='ocr_line' id='line_1_38' title="bbox 167 3796 1735 3886; baseline 0.013 -35"><span class='ocrx_word' id='word_1_260' title='bbox 167 3796 400 3868; x_wconf 74' lang='grc' dir='ltr'>θέλημα</span> <span class='ocrx_word' id='word_1_261' title='bbox 430 3797 680 3865; x_wconf 78' lang='grc' dir='ltr'>ποιῆσαι</span> <span class='ocrx_word' id='word_1_262' title='bbox 704 3818 719 3831; x_wconf 87' lang='grc'><strong>·</strong></span> <span class='ocrx_word' id='word_1_263' title='bbox 756 3803 848 3855; x_wconf 77' lang='grc' dir='ltr'>καὶ</span> <span class='ocrx_word' id='word_1_264' title='bbox 888 3804 957 3858; x_wconf 80' lang='grc' dir='ltr'><strong>τά</strong></span> <span class='ocrx_word' id='word_1_265' title='bbox 998 3806 1144 3877; x_wconf 74' lang='grc' dir='ltr'><strong>ἑξῆς.</strong></span> <span class='ocrx_word' id='word_1_266' title='bbox 1182 3807 1243 3863; x_wconf 81' lang='grc' dir='ltr'>ὀ</span> <span class='ocrx_word' id='word_1_267' title='bbox 1276 3809 1445 3871; x_wconf 80' lang='grc' dir='ltr'>θέλων</span> <span class='ocrx_word' id='word_1_268' title='bbox 1480 3814 1589 3886; x_wconf 81' lang='grc' dir='ltr'><strong>γάρ</strong></span> <span class='ocrx_word' id='word_1_269' title='bbox 1615 3817 1735 3871; x_wconf 89' lang='grc' dir='ltr'>τόδε</span> 
     </span>
    </p>
   </div>
   <div class='ocr_carea' id='block_1_39' title="bbox 167 3890 1735 3979">
    <p class='ocr_par' dir='ltr' id='par_1_39' title="bbox 167 3890 1735 3979">
     <span class='ocr_line' id='line_1_39' title="bbox 167 3890 1735 3979; baseline 0.013 -37"><span class='ocrx_word' id='word_1_270' title='bbox 167 3893 341 3944; x_wconf 82' lang='grc' dir='ltr'>ποιεῖν</span> <span class='ocrx_word' id='word_1_271' title='bbox 368 3890 461 3944; x_wconf 85' lang='grc' dir='ltr'>καὶ</span> <span class='ocrx_word' id='word_1_272' title='bbox 497 3892 615 3945; x_wconf 85' lang='grc' dir='ltr'>τόδε</span> <span class='ocrx_word' id='word_1_273' title='bbox 645 3892 713 3945; x_wconf 87' lang='grc' dir='ltr'><strong>δι’</strong></span> <span class='ocrx_word' id='word_1_274' title='bbox 740 3894 777 3948; x_wconf 74' lang='grc' dir='ltr'><strong>ἃ</strong></span> <span class='ocrx_word' id='word_1_275' title='bbox 800 3900 1167 3967; x_wconf 84' lang='grc' dir='ltr'>παραιτεῖται,</span> <span class='ocrx_word' id='word_1_276' title='bbox 1187 3901 1222 3973; x_wconf 79' lang='grc' dir='ltr'>ἢ</span> <span class='ocrx_word' id='word_1_277' title='bbox 1259 3903 1735 3979; x_wconf 85' lang='grc' dir='ltr'>διακριτικώτερον</span> 
     </span>
    </p>
   </div>
   <div class='ocr_carea' id='block_1_40' title="bbox 166 3982 1735 4067">
    <p class='ocr_par' dir='ltr' id='par_1_40' title="bbox 166 3982 1735 4067">
     <span class='ocr_line' id='line_1_40' title="bbox 166 3982 1735 4067; baseline 0.012 -32"><span class='ocrx_word' id='word_1_278' title='bbox 166 3983 356 4036; x_wconf 75' lang='grc' dir='ltr'>ἑαυτὸν</span> <span class='ocrx_word' id='word_1_279' title='bbox 384 3982 622 4037; x_wconf 87' lang='grc' dir='ltr'>δείκνυσι</span> <span class='ocrx_word' id='word_1_280' title='bbox 655 3985 749 4039; x_wconf 83' lang='grc' dir='ltr'>τοῦ</span> <span class='ocrx_word' id='word_1_281' title='bbox 772 3989 1161 4055; x_wconf 77' lang='grc' dir='ltr'>ἐπιτάσσοντος</span> <span class='ocrx_word' id='word_1_282' title='bbox 1196 3995 1369 4065; x_wconf 82' lang='grc' dir='ltr'>αὐτῷ,</span> <span class='ocrx_word' id='word_1_283' title='bbox 1405 3998 1437 4067; x_wconf 85' lang='grc' dir='ltr'><strong>ἢ</strong></span> <span class='ocrx_word' id='word_1_284' title='bbox 1490 4000 1593 4053; x_wconf 83' lang='grc' dir='ltr'><strong>ὑπὸ</strong></span> <span class='ocrx_word' id='word_1_285' title='bbox 1614 4001 1735 4056; x_wconf 86' lang='grc' dir='ltr'>δαι-</span> 
     </span>
    </p>
   </div>
   <div class='ocr_carea' id='block_1_41' title="bbox 168 4074 1731 4163">
    <p class='ocr_par' dir='ltr' id='par_1_41' title="bbox 168 4074 1731 4163">
     <span class='ocr_line' id='line_1_41' title="bbox 168 4074 1731 4163; baseline 0.012 -36"><span class='ocrx_word' id='word_1_286' title='bbox 168 4074 340 4144; x_wconf 80' lang='grc' dir='ltr'>μόνων</span> <span class='ocrx_word' id='word_1_287' title='bbox 376 4076 699 4147; x_wconf 71' lang='grc' dir='ltr'>χλενάζεται</span> <span class='ocrx_word' id='word_1_288' title='bbox 717 4095 733 4111; x_wconf 80' lang='lat'><strong><em>°</em></strong></span> <span class='ocrx_word' id='word_1_289' title='bbox 762 4080 905 4153; x_wconf 80' lang='grc' dir='ltr'>ἅπερ</span> <span class='ocrx_word' id='word_1_290' title='bbox 929 4082 1214 4156; x_wconf 71' lang='grc' dir='ltr'>ἀμφὰιερα</span> <span class='ocrx_word' id='word_1_291' title='bbox 1242 4087 1386 4141; x_wconf 83' lang='grc' dir='ltr'>κακά</span> <span class='ocrx_word' id='word_1_292' title='bbox 1415 4088 1510 4143; x_wconf 82' lang='grc' dir='ltr'>καὶ</span> <span class='ocrx_word' id='word_1_293' title='bbox 1542 4090 1731 4163; x_wconf 87' lang='grc' dir='ltr'>δαιμο-</span> 
     </span>
    </p>
   </div>
   <div class='ocr_carea' id='block_1_42' title="bbox 165 4164 1731 4254">
    <p class='ocr_par' dir='ltr' id='par_1_42' title="bbox 165 4164 1731 4254">
     <span class='ocr_line' id='line_1_42' title="bbox 165 4164 1731 4254; baseline 0.011 -36"><span class='ocrx_word' id='word_1_294' title='bbox 165 4164 326 4237; x_wconf 85' lang='grc' dir='ltr'>νιώδη</span> <span class='ocrx_word' id='word_1_295' title='bbox 354 4183 367 4196; x_wconf 89' lang='grc'><strong>·</strong></span> <span class='ocrx_word' id='word_1_296' title='bbox 403 4165 547 4221; x_wconf 81' lang='grc' dir='ltr'>ὥστε</span> <span class='ocrx_word' id='word_1_297' title='bbox 590 4171 649 4223; x_wconf 81' lang='grc' dir='ltr'>ὲν</span> <span class='ocrx_word' id='word_1_298' title='bbox 697 4172 865 4226; x_wconf 80' lang='grc' dir='ltr'>πᾶσιν</span> <span class='ocrx_word' id='word_1_299' title='bbox 917 4172 1151 4242; x_wconf 83' lang='grc' dir='ltr'>ὀφείλεις</span> <span class='ocrx_word' id='word_1_300' title='bbox 1187 4176 1502 4233; x_wconf 82' lang='grc' dir='ltr'>ὑπακούειν.</span> <span class='ocrx_word' id='word_1_301' title='bbox 1542 4178 1601 4233; x_wconf 87' lang='lat'><strong>&#39;0</strong></span> <span class='ocrx_word' id='word_1_302' title='bbox 1622 4181 1731 4254; x_wconf 81' lang='grc' dir='ltr'>γάρ</span> 
     </span>
    </p>
   </div>
   <div class='ocr_carea' id='block_1_43' title="bbox 156 4261 1731 4342">
    <p class='ocr_par' dir='ltr' id='par_1_43' title="bbox 156 4261 1731 4342">
     <span class='ocr_line' id='line_1_43' title="bbox 156 4261 1731 4342; baseline 0.008 -30"><span class='ocrx_word' id='word_1_303' title='bbox 156 4262 475 4314; x_wconf 70' lang='grc' dir='ltr'>ἐπιτάσσων</span> <span class='ocrx_word' id='word_1_304' title='bbox 528 4261 704 4327; x_wconf 80' lang='grc' dir='ltr'>άϐὅᾶς</span> <span class='ocrx_word' id='word_1_305' title='bbox 743 4281 859 4331; x_wconf 87' lang='grc' dir='ltr'>σου,</span> <span class='ocrx_word' id='word_1_306' title='bbox 903 4266 1160 4336; x_wconf 78' lang='grc' dir='ltr'>βαστάζει</span> <span class='ocrx_word' id='word_1_307' title='bbox 1210 4286 1304 4323; x_wconf 83' lang='grc' dir='ltr'>σου</span> <span class='ocrx_word' id='word_1_308' title='bbox 1344 4270 1405 4323; x_wconf 83' lang='grc' dir='ltr'>τὸ</span> <span class='ocrx_word' id='word_1_309' title='bbox 1432 4271 1627 4342; x_wconf 83' lang='grc' dir='ltr'>κρίμα,</span> <span class='ocrx_word' id='word_1_310' title='bbox 1654 4274 1731 4339; x_wconf 80' lang='grc' dir='ltr'>ὡς</span> 
     </span>
    </p>
   </div>
   <div class='ocr_carea' id='block_1_44' title="bbox 165 4353 1732 4437">
    <p class='ocr_par' dir='ltr' id='par_1_44' title="bbox 165 4353 1732 4437">
     <span class='ocr_line' id='line_1_44' title="bbox 165 4353 1732 4437; baseline 0.01 -32"><span class='ocrx_word' id='word_1_311' title='bbox 165 4353 560 4425; x_wconf 84' lang='grc' dir='ltr'>ἀπαιτούμενος</span> <span class='ocrx_word' id='word_1_312' title='bbox 576 4353 733 4423; x_wconf 81' lang='grc' dir='ltr'>λόγον</span> <span class='ocrx_word' id='word_1_313' title='bbox 760 4355 900 4427; x_wconf 84' lang='grc' dir='ltr'>ὑπὲρ</span> <span class='ocrx_word' id='word_1_314' title='bbox 929 4359 1045 4414; x_wconf 77' lang='grc' dir='ltr'>σοῦ.</span> <span class='ocrx_word' id='word_1_315' title='bbox 1080 4362 1209 4415; x_wconf 78' lang='grc' dir='ltr'>Ἐὰν</span> <span class='ocrx_word' id='word_1_316' title='bbox 1232 4363 1493 4436; x_wconf 72' lang='grc' dir='ltr'>φαίνηταί</span> <span class='ocrx_word' id='word_1_317' title='bbox 1521 4376 1604 4419; x_wconf 82' lang='grc' dir='ltr'><strong>σοι</strong></span> <span class='ocrx_word' id='word_1_318' title='bbox 1635 4365 1732 4437; x_wconf 86' lang='grc' dir='ltr'><strong>βα-</strong></span> 
     </span>
    </p>
   </div>
   <div class='ocr_carea' id='block_1_45' title="bbox 1860 706 3431 782">
    <p class='ocr_par' dir='ltr' id='par_1_45' title="bbox 1860 706 3431 782">
     <span class='ocr_line' id='line_1_45' title="bbox 1860 706 3431 782; baseline 0.008 -23"><span class='ocrx_word' id='word_1_319' title='bbox 1860 706 2186 777; x_wconf 65' lang='grc' dir='ltr'>ρτεεοίρίιιιτ,</span> <span class='ocrx_word' id='word_1_320' title='bbox 2247 723 2425 778; x_wconf 88' lang='lat' dir='ltr'><strong>neque</strong></span> <span class='ocrx_word' id='word_1_321' title='bbox 2454 718 2509 762; x_wconf 90' lang='lat' dir='ltr'><strong>tu</strong></span> <span class='ocrx_word' id='word_1_322' title='bbox 2555 710 2908 774; x_wconf 86' lang='lat' dir='ltr'><strong>contradicis,</strong></span> <span class='ocrx_word' id='word_1_323' title='bbox 2971 713 3065 767; x_wconf 86' lang='lat' dir='ltr'><strong>sed</strong></span> <span class='ocrx_word' id='word_1_324' title='bbox 3091 714 3244 782; x_wconf 76' lang='lat' dir='ltr'><strong>jussa</strong></span> <span class='ocrx_word' id='word_1_325' title='bbox 3297 714 3431 771; x_wconf 83' lang='lat' dir='ltr'><strong>lacis</strong></span> 
     </span>
    </p>
   </div>
   <div class='ocr_carea' id='block_1_46' title="bbox 1858 796 3433 869">
    <p class='ocr_par' dir='ltr' id='par_1_46' title="bbox 1858 796 3433 869">
     <span class='ocr_line' id='line_1_46' title="bbox 1858 796 3433 869; baseline 0.006 -19"><span class='ocrx_word' id='word_1_326' title='bbox 1858 809 1983 851; x_wconf 89' lang='lat' dir='ltr'><strong>cum</strong></span> <span class='ocrx_word' id='word_1_327' title='bbox 2010 796 2157 852; x_wconf 91' lang='lat' dir='ltr'><strong>omni</strong></span> <span class='ocrx_word' id='word_1_328' title='bbox 2187 797 2602 854; x_wconf 78' lang='lat' dir='ltr'><strong>mansuetudine</strong></span> <span class='ocrx_word' id='word_1_329' title='bbox 2635 808 2689 854; x_wconf 93' lang='lat' dir='ltr'><strong>et</strong></span> <span class='ocrx_word' id='word_1_330' title='bbox 2712 801 3055 869; x_wconf 87' lang='lat' dir='ltr'><strong>obedientia;</strong></span> <span class='ocrx_word' id='word_1_331' title='bbox 3083 813 3210 859; x_wconf 90' lang='lat' dir='ltr'><strong>tunc</strong></span> <span class='ocrx_word' id='word_1_332' title='bbox 3237 803 3295 859; x_wconf 79' lang='lat' dir='ltr'><strong>ﬁt</strong></span> <span class='ocrx_word' id='word_1_333' title='bbox 3330 805 3433 860; x_wconf 88' lang='lat' dir='ltr'><strong>hoc</strong></span> 
     </span>
    </p>
   </div>
   <div class='ocr_carea' id='block_1_47' title="bbox 1860 889 3433 966">
    <p class='ocr_par' dir='ltr' id='par_1_47' title="bbox 1860 889 3433 966">
     <span class='ocr_line' id='line_1_47' title="bbox 1860 889 3433 966; baseline 0.006 -23"><span class='ocrx_word' id='word_1_334' title='bbox 1860 891 1926 945; x_wconf 90' lang='lat' dir='ltr'><strong>ad</strong></span> <span class='ocrx_word' id='word_1_335' title='bbox 1950 889 2245 959; x_wconf 80' lang='lat' dir='ltr'><strong>perlectum</strong></span> <span class='ocrx_word' id='word_1_336' title='bbox 2276 907 2290 945; x_wconf 90' lang='lat'><strong>:</strong></span> <span class='ocrx_word' id='word_1_337' title='bbox 2320 900 2376 945; x_wconf 91' lang='lat' dir='ltr'><strong>et</strong></span> <span class='ocrx_word' id='word_1_338' title='bbox 2426 891 2531 947; x_wconf 89' lang='lat' dir='ltr'><strong>hoc</strong></span> <span class='ocrx_word' id='word_1_339' title='bbox 2575 901 2658 948; x_wconf 92' lang='lat' dir='ltr'><strong>est</strong></span> <span class='ocrx_word' id='word_1_340' title='bbox 2686 901 3056 964; x_wconf 87' lang='lat' dir='ltr'><strong>contemptum</strong></span> <span class='ocrx_word' id='word_1_341' title='bbox 3109 896 3192 950; x_wconf 87' lang='lat' dir='ltr'><strong>sui</strong></span> <span class='ocrx_word' id='word_1_342' title='bbox 3259 895 3433 966; x_wconf 79' lang='lat' dir='ltr'><strong>ipsius</strong></span> 
     </span>
    </p>
   </div>
   <div class='ocr_carea' id='block_1_48' title="bbox 1859 981 3427 1057">
    <p class='ocr_par' dir='ltr' id='par_1_48' title="bbox 1859 981 3427 1057">
     <span class='ocr_line' id='line_1_48' title="bbox 1859 981 3427 1057; baseline 0.003 -20"><span class='ocrx_word' id='word_1_343' title='bbox 1859 981 2078 1039; x_wconf 84' lang='lat' dir='ltr'><strong>habere.</strong></span> <span class='ocrx_word' id='word_1_344' title='bbox 2130 982 2395 1038; x_wconf 87' lang='lat' dir='ltr'><strong>Contritio</strong></span> <span class='ocrx_word' id='word_1_345' title='bbox 2426 999 2554 1039; x_wconf 91' lang='lat' dir='ltr'><strong>vero</strong></span> <span class='ocrx_word' id='word_1_346' title='bbox 2583 984 2765 1040; x_wconf 86' lang='lat' dir='ltr'><strong>cordis</strong></span> <span class='ocrx_word' id='word_1_347' title='bbox 2791 995 2897 1052; x_wconf 92' lang='lat' dir='ltr'><strong>est,</strong></span> <span class='ocrx_word' id='word_1_348' title='bbox 2946 987 2990 1041; x_wconf 91' lang='lat' dir='ltr'><strong>si</strong></span> <span class='ocrx_word' id='word_1_349' title='bbox 3023 986 3075 1040; x_wconf 88' lang='lat' dir='ltr'><strong>id</strong></span> <span class='ocrx_word' id='word_1_350' title='bbox 3104 987 3286 1057; x_wconf 87' lang='lat' dir='ltr'><strong>vagari</strong></span> <span class='ocrx_word' id='word_1_351' title='bbox 3318 1003 3427 1043; x_wconf 89' lang='lat' dir='ltr'><strong>non</strong></span> 
     </span>
    </p>
   </div>
   <div class='ocr_carea' id='block_1_49' title="bbox 1857 1074 3427 1148">
    <p class='ocr_par' dir='ltr' id='par_1_49' title="bbox 1857 1074 3427 1148">
     <span class='ocr_line' id='line_1_49' title="bbox 1857 1074 3427 1148; baseline 0.004 -21"><span class='ocrx_word' id='word_1_352' title='bbox 1857 1074 2134 1145; x_wconf 71' lang='lat' dir='ltr'><strong>permittas</strong></span> <span class='ocrx_word' id='word_1_353' title='bbox 2157 1074 2210 1129; x_wconf 91' lang='lat' dir='ltr'><strong>in</strong></span> <span class='ocrx_word' id='word_1_354' title='bbox 2241 1074 2434 1131; x_wconf 86' lang='lat' dir='ltr'><strong>alienis</strong></span> <span class='ocrx_word' id='word_1_355' title='bbox 2464 1084 2519 1130; x_wconf 91' lang='lat' dir='ltr'><strong>et</strong></span> <span class='ocrx_word' id='word_1_356' title='bbox 2547 1076 2703 1131; x_wconf 85' lang='lat' dir='ltr'><strong>vanis</strong></span> <span class='ocrx_word' id='word_1_357' title='bbox 2741 1078 3178 1148; x_wconf 78' lang='lat' dir='ltr'><strong>cogitationibus.</strong></span> <span class='ocrx_word' id='word_1_358' title='bbox 3236 1076 3427 1134; x_wconf 78' lang='lat' dir='ltr'><strong>Humi-</strong></span> 
     </span>
    </p>
   </div>
   <div class='ocr_carea' id='block_1_50' title="bbox 1857 1165 3427 1241">
    <p class='ocr_par' dir='ltr' id='par_1_50' title="bbox 1857 1165 3427 1241">
     <span class='ocr_line' id='line_1_50' title="bbox 1857 1165 3427 1241; baseline 0.004 -22"><span class='ocrx_word' id='word_1_359' title='bbox 1857 1165 1979 1222; x_wconf 86' lang='lat' dir='ltr'><strong>litas</strong></span> <span class='ocrx_word' id='word_1_360' title='bbox 2006 1177 2111 1235; x_wconf 89' lang='lat' dir='ltr'><strong>est,</strong></span> <span class='ocrx_word' id='word_1_361' title='bbox 2142 1167 2342 1223; x_wconf 88' lang='lat' dir='ltr'><strong>nullius</strong></span> <span class='ocrx_word' id='word_1_362' title='bbox 2368 1167 2525 1237; x_wconf 83' lang='lat' dir='ltr'><strong>pretii</strong></span> <span class='ocrx_word' id='word_1_363' title='bbox 2559 1167 2796 1237; x_wconf 88' lang='lat' dir='ltr'><strong>seipsum</strong></span> <span class='ocrx_word' id='word_1_364' title='bbox 2853 1168 3188 1231; x_wconf 84' lang='lat' dir='ltr'><strong>existimare,</strong></span> <span class='ocrx_word' id='word_1_365' title='bbox 3219 1179 3273 1224; x_wconf 89' lang='lat' dir='ltr'><strong>et</strong></span> <span class='ocrx_word' id='word_1_366' title='bbox 3300 1186 3427 1241; x_wconf 85' lang='lat' dir='ltr'><strong>pro-</strong></span> 
     </span>
    </p>
   </div>
   <div class='ocr_carea' id='block_1_51' title="bbox 1856 1257 3425 1329">
    <p class='ocr_par' dir='ltr' id='par_1_51' title="bbox 1856 1257 3425 1329">
     <span class='ocr_line' id='line_1_51' title="bbox 1856 1257 3425 1329; baseline 0.004 -18"><span class='ocrx_word' id='word_1_367' title='bbox 1856 1257 2032 1327; x_wconf 86' lang='lat' dir='ltr'><strong>priam</strong></span> <span class='ocrx_word' id='word_1_368' title='bbox 2066 1261 2397 1313; x_wconf 74' lang='lat' dir='ltr'><strong>voluntatem</strong></span> <span class='ocrx_word' id='word_1_369' title='bbox 2432 1258 2487 1313; x_wconf 91' lang='lat' dir='ltr'><strong>in</strong></span> <span class='ocrx_word' id='word_1_370' title='bbox 2519 1259 2728 1315; x_wconf 88' lang='lat' dir='ltr'><strong>cunctis</strong></span> <span class='ocrx_word' id='word_1_371' title='bbox 2754 1271 3071 1329; x_wconf 90' lang='lat' dir='ltr'><strong>amputare:</strong></span> <span class='ocrx_word' id='word_1_372' title='bbox 3094 1261 3243 1317; x_wconf 90' lang='lat' dir='ltr'><strong>itaut</strong></span> <span class='ocrx_word' id='word_1_373' title='bbox 3264 1264 3339 1319; x_wconf 89' lang='lat' dir='ltr'><strong>sis</strong></span> <span class='ocrx_word' id='word_1_374' title='bbox 3370 1263 3425 1317; x_wconf 93' lang='lat' dir='ltr'><strong>in</strong></span> 
     </span>
    </p>
   </div>
   <div class='ocr_carea' id='block_1_52' title="bbox 1859 1353 3427 1425">
    <p class='ocr_par' dir='ltr' id='par_1_52' title="bbox 1859 1353 3427 1425">
     <span class='ocr_line' id='line_1_52' title="bbox 1859 1353 3427 1425; baseline 0.003 -18"><span class='ocrx_word' id='word_1_375' title='bbox 1859 1354 2067 1410; x_wconf 90' lang='lat' dir='ltr'><strong>cunctis</strong></span> <span class='ocrx_word' id='word_1_376' title='bbox 2100 1353 2396 1423; x_wconf 84' lang='lat' dir='ltr'><strong>subjectus,</strong></span> <span class='ocrx_word' id='word_1_377' title='bbox 2424 1361 2480 1409; x_wconf 86' lang='lat' dir='ltr'><strong>et</strong></span> <span class='ocrx_word' id='word_1_378' title='bbox 2510 1354 2781 1425; x_wconf 90' lang='lat' dir='ltr'><strong>intrepide</strong></span> <span class='ocrx_word' id='word_1_379' title='bbox 2833 1369 2900 1410; x_wconf 92' lang='lat' dir='ltr'><strong>ac</strong></span> <span class='ocrx_word' id='word_1_380' title='bbox 2920 1366 3235 1413; x_wconf 85' lang='lat' dir='ltr'><strong>constanter</strong></span> <span class='ocrx_word' id='word_1_381' title='bbox 3284 1356 3427 1414; x_wconf 80' lang='lat' dir='ltr'><strong>feras</strong></span> 
     </span>
    </p>
   </div>
   <div class='ocr_carea' id='block_1_53' title="bbox 1857 1445 3425 1522">
    <p class='ocr_par' dir='ltr' id='par_1_53' title="bbox 1857 1445 3425 1522">
     <span class='ocr_line' id='line_1_53' title="bbox 1857 1445 3425 1522; baseline 0.004 -23"><span class='ocrx_word' id='word_1_382' title='bbox 1857 1445 2118 1516; x_wconf 80' lang='lat' dir='ltr'><strong>quidquid</strong></span> <span class='ocrx_word' id='word_1_383' title='bbox 2145 1447 2403 1502; x_wconf 83' lang='lat' dir='ltr'><strong>evenerit.</strong></span> <span class='ocrx_word' id='word_1_384' title='bbox 2469 1445 2591 1501; x_wconf 69' lang='lat' dir='ltr'><strong>llaec</strong></span> <span class='ocrx_word' id='word_1_385' title='bbox 2617 1458 2703 1502; x_wconf 91' lang='lat' dir='ltr'><strong>est</strong></span> <span class='ocrx_word' id='word_1_386' title='bbox 2737 1462 2863 1501; x_wconf 84' lang='lat' dir='ltr'><strong>vera</strong></span> <span class='ocrx_word' id='word_1_387' title='bbox 2892 1448 3192 1517; x_wconf 86' lang='lat' dir='ltr'><strong>humilitas,</strong></span> <span class='ocrx_word' id='word_1_388' title='bbox 3223 1449 3293 1520; x_wconf 45' lang='lat' dir='ltr'><strong>.in</strong></span> <span class='ocrx_word' id='word_1_389' title='bbox 3318 1464 3425 1522; x_wconf 86' lang='lat' dir='ltr'><strong>qua</strong></span> 
     </span>
    </p>
   </div>
   <div class='ocr_carea' id='block_1_54' title="bbox 1856 1537 2813 1609">
    <p class='ocr_par' dir='ltr' id='par_1_54' title="bbox 1856 1537 2813 1609">
     <span class='ocr_line' id='line_1_54' title="bbox 1856 1537 2813 1609; baseline 0.001 -15"><span class='ocrx_word' id='word_1_390' title='bbox 1856 1552 1965 1594; x_wconf 90' lang='lat' dir='ltr'><strong>non</strong></span> <span class='ocrx_word' id='word_1_391' title='bbox 1988 1537 2194 1594; x_wconf 78' lang='lat' dir='ltr'><strong>invenit</strong></span> <span class='ocrx_word' id='word_1_392' title='bbox 2213 1538 2391 1595; x_wconf 86' lang='lat' dir='ltr'><strong>locum</strong></span> <span class='ocrx_word' id='word_1_393' title='bbox 2415 1538 2594 1594; x_wconf 89' lang='lat' dir='ltr'><strong>inanis</strong></span> <span class='ocrx_word' id='word_1_394' title='bbox 2624 1539 2813 1609; x_wconf 84' lang='lat' dir='ltr'><strong>gloria.</strong></span> 
     </span>
    </p>
   </div>
   <div class='ocr_carea' id='block_1_55' title="bbox 1925 1815 3424 1887">
    <p class='ocr_par' dir='ltr' id='par_1_55' title="bbox 1925 1815 3424 1887">
     <span class='ocr_line' id='line_1_55' title="bbox 1925 1815 3424 1887; baseline 0.002 -16"><span class='ocrx_word' id='word_1_395' title='bbox 1925 1815 2032 1873; x_wconf 86' lang='lat' dir='ltr'><strong>Sed</strong></span> <span class='ocrx_word' id='word_1_396' title='bbox 2060 1816 2341 1872; x_wconf 77' lang='lat' dir='ltr'><strong>humiliter</strong></span> <span class='ocrx_word' id='word_1_397' title='bbox 2368 1816 2539 1887; x_wconf 79' lang='lat' dir='ltr'><strong>loqui,</strong></span> <span class='ocrx_word' id='word_1_398' title='bbox 2587 1818 2955 1887; x_wconf 83' lang='lat' dir='ltr'><strong>arrogantiam</strong></span> <span class='ocrx_word' id='word_1_399' title='bbox 2987 1833 3095 1887; x_wconf 75' lang='lat' dir='ltr'><strong>przc</strong></span> <span class='ocrx_word' id='word_1_400' title='bbox 3136 1832 3194 1872; x_wconf 88' lang='lat' dir='ltr'><strong>se</strong></span> <span class='ocrx_word' id='word_1_401' title='bbox 3216 1816 3339 1884; x_wconf 78' lang='lat' dir='ltr'><strong>fert,</strong></span> <span class='ocrx_word' id='word_1_402' title='bbox 3368 1828 3424 1874; x_wconf 90' lang='lat' dir='ltr'><strong>et</strong></span> 
     </span>
    </p>
   </div>
   <div class='ocr_carea' id='block_1_56' title="bbox 1857 1910 3415 1982">
    <p class='ocr_par' dir='ltr' id='par_1_56' title="bbox 1857 1910 3415 1982">
     <span class='ocr_line' id='line_1_56' title="bbox 1857 1910 3415 1982; baseline -0.001 -15"><span class='ocrx_word' id='word_1_403' title='bbox 1857 1912 2027 1982; x_wconf 86' lang='lat' dir='ltr'><strong>magis</strong></span> <span class='ocrx_word' id='word_1_404' title='bbox 2081 1919 2257 1975; x_wconf 88' lang='lat' dir='ltr'><strong>nocet,</strong></span> <span class='ocrx_word' id='word_1_405' title='bbox 2296 1926 2458 1979; x_wconf 91' lang='lat' dir='ltr'><strong>quam</strong></span> <span class='ocrx_word' id='word_1_406' title='bbox 2520 1911 2785 1980; x_wconf 64' lang='lat' dir='ltr'><strong>prodest:</strong></span> <span class='ocrx_word' id='word_1_407' title='bbox 2841 1912 2936 1966; x_wconf 88' lang='lat' dir='ltr'><strong>sed</strong></span> <span class='ocrx_word' id='word_1_408' title='bbox 2964 1911 3162 1967; x_wconf 74' lang='lat' dir='ltr'><strong>sufﬁcit</strong></span> <span class='ocrx_word' id='word_1_409' title='bbox 3207 1910 3415 1969; x_wconf 85' lang='lat' dir='ltr'><strong>dicere:</strong></span> 
     </span>
    </p>
   </div>
   <div class='ocr_carea' id='block_1_57' title="bbox 1782 1961 2569 2075">
    <p class='ocr_par' dir='ltr' id='par_1_57' title="bbox 1782 1961 2569 2075">
     <span class='ocr_line' id='line_1_57' title="bbox 1859 1961 2569 1982; baseline -0.003 -15"><span class='ocrx_word' id='word_1_410' title='bbox 1859 1961 2023 1982; x_wconf 55' lang='grc' dir='ltr'><strong>---τη</strong></span> <span class='ocrx_word' id='word_1_411' title='bbox 2081 1961 2257 1975; x_wconf 66' lang='lat'><strong>__---_,</strong></span> <span class='ocrx_word' id='word_1_412' title='bbox 2520 1961 2569 1980; x_wconf 57' lang='grc' dir='ltr'><strong>τ-</strong></span> 
     </span>
     <span class='ocr_line' id='line_1_58' title="bbox 1782 1961 2569 2075; baseline -0.001 -17"><span class='ocrx_word' id='word_1_413' title='bbox 1782 1961 1827 2022; x_wconf 70' lang='grc' dir='ltr'><strong>Β</strong></span> <span class='ocrx_word' id='word_1_414' title='bbox 1852 2002 2097 2075; x_wconf 83' lang='lat' dir='ltr'><strong>Ignosce.</strong></span> <span class='ocrx_word' id='word_1_415' title='bbox 2130 2013 2185 2059; x_wconf 89' lang='lat' dir='ltr'><strong>et</strong></span> <span class='ocrx_word' id='word_1_416' title='bbox 2211 2017 2306 2057; x_wconf 90' lang='lat' dir='ltr'><strong>ora</strong></span> <span class='ocrx_word' id='word_1_417' title='bbox 2336 2017 2433 2073; x_wconf 90' lang='lat' dir='ltr'><strong>pro</strong></span> <span class='ocrx_word' id='word_1_418' title='bbox 2462 2017 2569 2057; x_wconf 90' lang='lat' dir='ltr'><strong>me.</strong></span> 
     </span>
    </p>
   </div>
   <div class='ocr_carea' id='block_1_58' title="bbox 2406 2136 2847 2209">
    <p class='ocr_par' dir='ltr' id='par_1_58' title="bbox 2406 2136 2847 2209">
     <span class='ocr_line' id='line_1_59' title="bbox 2406 2136 2847 2209; baseline 0 -16"><span class='ocrx_word' id='word_1_419' title='bbox 2406 2136 2760 2209; x_wconf 78' lang='lat' dir='ltr'><strong>Interrogatio</strong></span> <span class='ocrx_word' id='word_1_420' title='bbox 2791 2139 2847 2193; x_wconf 82' lang='lat'><strong>6.</strong></span> 
     </span>
    </p>
   </div>
   <div class='ocr_carea' id='block_1_59' title="bbox 1915 2273 3420 2348">
    <p class='ocr_par' dir='ltr' id='par_1_59' title="bbox 1915 2273 3420 2348">
     <span class='ocr_line' id='line_1_60' title="bbox 1915 2273 3420 2348; baseline 0.002 -16"><span class='ocrx_word' id='word_1_421' title='bbox 1915 2273 2072 2334; x_wconf 85' lang='lat' dir='ltr'><strong>Anne</strong></span> <span class='ocrx_word' id='word_1_422' title='bbox 2113 2279 2167 2332; x_wconf 93' lang='lat' dir='ltr'><strong>in</strong></span> <span class='ocrx_word' id='word_1_423' title='bbox 2207 2277 2387 2345; x_wconf 90' lang='lat' dir='ltr'><strong>bonis,</strong></span> <span class='ocrx_word' id='word_1_424' title='bbox 2440 2284 2539 2332; x_wconf 91' lang='lat' dir='ltr'><strong>aut</strong></span> <span class='ocrx_word' id='word_1_425' title='bbox 2593 2278 2791 2335; x_wconf 87' lang='lat' dir='ltr'><strong>mediis</strong></span> <span class='ocrx_word' id='word_1_426' title='bbox 2822 2286 3032 2348; x_wconf 85' lang='lat' dir='ltr'><strong>oportet</strong></span> <span class='ocrx_word' id='word_1_427' title='bbox 3060 2277 3298 2334; x_wconf 88' lang='lat' dir='ltr'><strong>incidere</strong></span> <span class='ocrx_word' id='word_1_428' title='bbox 3326 2294 3420 2335; x_wconf 90' lang='lat' dir='ltr'><strong>vo-</strong></span> 
     </span>
    </p>
   </div>
   <div class='ocr_carea' id='block_1_60' title="bbox 1844 2365 3417 2439">
    <p class='ocr_par' dir='ltr' id='par_1_60' title="bbox 1844 2365 3417 2439">
     <span class='ocr_line' id='line_1_61' title="bbox 1844 2365 3417 2439; baseline 0 -18"><span class='ocrx_word' id='word_1_429' title='bbox 1844 2365 2129 2432; x_wconf 90' lang='lat' dir='ltr'><strong>luntatem,</strong></span> <span class='ocrx_word' id='word_1_430' title='bbox 2164 2376 2261 2421; x_wconf 89' lang='lat' dir='ltr'><strong>aut</strong></span> <span class='ocrx_word' id='word_1_431' title='bbox 2302 2368 2358 2421; x_wconf 92' lang='lat' dir='ltr'><strong>in</strong></span> <span class='ocrx_word' id='word_1_432' title='bbox 2406 2365 2474 2421; x_wconf 88' lang='lat' dir='ltr'><strong>iis</strong></span> <span class='ocrx_word' id='word_1_433' title='bbox 2504 2366 2596 2421; x_wconf 90' lang='lat' dir='ltr'><strong>ubi</strong></span> <span class='ocrx_word' id='word_1_434' title='bbox 2634 2366 3073 2439; x_wconf 83' lang='lat' dir='ltr'><strong>tranSgressioin</strong></span> <span class='ocrx_word' id='word_1_435' title='bbox 3092 2376 3417 2438; x_wconf 74' lang='lat' dir='ltr'><strong>prazceptum</strong></span> 
     </span>
    </p>
   </div>
   <div class='ocr_carea' id='block_1_61' title="bbox 1845 2458 3415 2530">
    <p class='ocr_par' dir='ltr' id='par_1_61' title="bbox 1845 2458 3415 2530">
     <span class='ocr_line' id='line_1_62' title="bbox 1845 2458 3415 2530; baseline -0.001 -15"><span class='ocrx_word' id='word_1_436' title='bbox 1845 2460 2130 2530; x_wconf 83' lang='lat' dir='ltr'><strong>impingit?</strong></span> <span class='ocrx_word' id='word_1_437' title='bbox 2179 2458 2266 2524; x_wconf 88' lang='lat' dir='ltr'><strong>Et,</strong></span> <span class='ocrx_word' id='word_1_438' title='bbox 2298 2458 2578 2529; x_wconf 86' lang='lat' dir='ltr'><strong>sijussum</strong></span> <span class='ocrx_word' id='word_1_439' title='bbox 2608 2458 3029 2513; x_wconf 82' lang='lat' dir='ltr'><strong>excedatmeam</strong></span> <span class='ocrx_word' id='word_1_440' title='bbox 3054 2459 3415 2525; x_wconf 85' lang='lat' dir='ltr'><strong>vocationem,</strong></span> 
     </span>
    </p>
   </div>
   <div class='ocr_carea' id='block_1_62' title="bbox 1842 2546 3419 2620">
    <p class='ocr_par' dir='ltr' id='par_1_62' title="bbox 1842 2546 3419 2620">
     <span class='ocr_line' id='line_1_63' title="bbox 1842 2546 3419 2620; baseline -0.004 -12"><span class='ocrx_word' id='word_1_441' title='bbox 1842 2551 2083 2608; x_wconf 90' lang='lat' dir='ltr'><strong>debeone</strong></span> <span class='ocrx_word' id='word_1_442' title='bbox 2128 2550 2414 2620; x_wconf 86' lang='lat' dir='ltr'><strong>denegare,</strong></span> <span class='ocrx_word' id='word_1_443' title='bbox 2449 2562 2517 2603; x_wconf 91' lang='lat' dir='ltr'><strong>ne</strong></span> <span class='ocrx_word' id='word_1_444' title='bbox 2536 2546 2783 2602; x_wconf 86' lang='lat' dir='ltr'><strong>molestia</strong></span> <span class='ocrx_word' id='word_1_445' title='bbox 2807 2555 2901 2601; x_wconf 86' lang='lat' dir='ltr'><strong>aut</strong></span> <span class='ocrx_word' id='word_1_446' title='bbox 2921 2547 3126 2616; x_wconf 89' lang='lat' dir='ltr'><strong>pudore</strong></span> <span class='ocrx_word' id='word_1_447' title='bbox 3149 2546 3375 2603; x_wconf 80' lang='lat' dir='ltr'><strong>alliciam</strong></span> <span class='ocrx_word' id='word_1_448' title='bbox 3393 2548 3419 2602; x_wconf 87' lang='lat'><strong>?</strong></span> 
     </span>
    </p>
   </div>
   <div class='ocr_carea' id='block_1_63' title="bbox 1842 2620 3536 2709">
    <p class='ocr_par' dir='ltr' id='par_1_63' title="bbox 1842 2620 3536 2709">
     <span class='ocr_line' id='line_1_64' title="bbox 1842 2620 3536 2709; baseline -0.004 -9"><span class='ocrx_word' id='word_1_449' title='bbox 1842 2644 2129 2709; x_wconf 69' lang='lat' dir='ltr'><strong>Praeterea,</strong></span> <span class='ocrx_word' id='word_1_450' title='bbox 2168 2642 2217 2699; x_wconf 88' lang='lat' dir='ltr'><strong>si</strong></span> <span class='ocrx_word' id='word_1_451' title='bbox 2258 2642 2346 2699; x_wconf 92' lang='lat' dir='ltr'><strong>cui</strong></span> <span class='ocrx_word' id='word_1_452' title='bbox 2399 2620 2726 2696; x_wconf 29' lang='lat' dir='ltr'><strong>necessewsvit</strong></span> <span class='ocrx_word' id='word_1_453' title='bbox 2773 2647 2831 2694; x_wconf 90' lang='lat' dir='ltr'><strong>ut</strong></span> <span class='ocrx_word' id='word_1_454' title='bbox 2867 2637 3068 2708; x_wconf 90' lang='lat' dir='ltr'><strong>aliquid</strong></span> <span class='ocrx_word' id='word_1_455' title='bbox 3100 2638 3169 2693; x_wconf 88' lang='lat' dir='ltr'><strong>ab</strong></span> <span class='ocrx_word' id='word_1_456' title='bbox 3221 2640 3417 2694; x_wconf 90' lang='lat' dir='ltr'><strong>abbate</strong></span> <span class='ocrx_word' id='word_1_457' title='bbox 3526 2637 3536 2642; x_wconf 81' lang='grc'><em>’</em></span> 
     </span>
    </p>
   </div>
   <div class='ocr_carea' id='block_1_64' title="bbox 1843 2730 3417 2806">
    <p class='ocr_par' dir='ltr' id='par_1_64' title="bbox 1843 2730 3417 2806">
     <span class='ocr_line' id='line_1_65' title="bbox 1843 2730 3417 2806; baseline -0.003 -14"><span class='ocrx_word' id='word_1_458' title='bbox 1843 2744 2009 2806; x_wconf 84' lang='lat' dir='ltr'><strong>petat,</strong></span> <span class='ocrx_word' id='word_1_459' title='bbox 2028 2745 2082 2791; x_wconf 91' lang='lat' dir='ltr'><strong>et</strong></span> <span class='ocrx_word' id='word_1_460' title='bbox 2104 2734 2250 2790; x_wconf 84' lang='lat' dir='ltr'><strong>dicat</strong></span> <span class='ocrx_word' id='word_1_461' title='bbox 2278 2731 2412 2788; x_wconf 89' lang='lat' dir='ltr'><strong>mihi</strong></span> <span class='ocrx_word' id='word_1_462' title='bbox 2434 2740 2496 2787; x_wconf 89' lang='lat' dir='ltr'><strong>ut</strong></span> <span class='ocrx_word' id='word_1_463' title='bbox 2516 2748 2575 2788; x_wconf 89' lang='lat' dir='ltr'><strong>se</strong></span> <span class='ocrx_word' id='word_1_464' title='bbox 2599 2731 2652 2785; x_wconf 89' lang='lat' dir='ltr'><strong>in</strong></span> <span class='ocrx_word' id='word_1_465' title='bbox 2681 2731 2896 2803; x_wconf 87' lang='lat' dir='ltr'><strong>negotio</strong></span> <span class='ocrx_word' id='word_1_466' title='bbox 2937 2730 3210 2801; x_wconf 87' lang='lat' dir='ltr'><strong>adjuvem,</strong></span> <span class='ocrx_word' id='word_1_467' title='bbox 3245 2733 3417 2787; x_wconf 88' lang='lat' dir='ltr'><strong>susti—</strong></span> 
     </span>
    </p>
   </div>
   <div class='ocr_carea' id='block_1_65' title="bbox 1841 2822 3412 2893">
    <p class='ocr_par' dir='ltr' id='par_1_65' title="bbox 1841 2822 3412 2893">
     <span class='ocr_line' id='line_1_66' title="bbox 1841 2822 3412 2893; baseline -0.003 -11"><span class='ocrx_word' id='word_1_468' title='bbox 1841 2841 2070 2892; x_wconf 84' lang='lat' dir='ltr'><strong>neamne</strong></span> <span class='ocrx_word' id='word_1_469' title='bbox 2100 2866 2115 2891; x_wconf 96' lang='lat'><strong>,</strong></span> <span class='ocrx_word' id='word_1_470' title='bbox 2146 2837 2241 2880; x_wconf 86' lang='lat' dir='ltr'><strong>aut</strong></span> <span class='ocrx_word' id='word_1_471' title='bbox 2276 2839 2386 2879; x_wconf 91' lang='lat' dir='ltr'><strong>non</strong></span> <span class='ocrx_word' id='word_1_472' title='bbox 2413 2823 2581 2880; x_wconf 80' lang='lat' dir='ltr'><strong>feram</strong></span> <span class='ocrx_word' id='word_1_473' title='bbox 2624 2822 2909 2887; x_wconf 89' lang='lat' dir='ltr'><strong>honorem,</strong></span> <span class='ocrx_word' id='word_1_474' title='bbox 2928 2822 3074 2893; x_wconf 90' lang='lat' dir='ltr'><strong>quod</strong></span> <span class='ocrx_word' id='word_1_475' title='bbox 3101 2830 3250 2878; x_wconf 85' lang='lat' dir='ltr'><strong>totus</strong></span> <span class='ocrx_word' id='word_1_476' title='bbox 3280 2823 3412 2877; x_wconf 86' lang='lat' dir='ltr'><strong>mihi</strong></span> 
     </span>
    </p>
   </div>
   <div class='ocr_carea' id='block_1_66' title="bbox 1840 2915 3415 2991">
    <p class='ocr_par' dir='ltr' id='par_1_66' title="bbox 1840 2915 3415 2991">
     <span class='ocr_line' id='line_1_67' title="bbox 1840 2915 3415 2991; baseline -0.004 -15"><span class='ocrx_word' id='word_1_477' title='bbox 1840 2920 2129 2991; x_wconf 80' lang='lat' dir='ltr'><strong>placeam?</strong></span> <span class='ocrx_word' id='word_1_478' title='bbox 2170 2918 2322 2974; x_wconf 78' lang='lat' dir='ltr'><strong>Adde</strong></span> <span class='ocrx_word' id='word_1_479' title='bbox 2369 2917 2417 2973; x_wconf 92' lang='lat' dir='ltr'><strong>si</strong></span> <span class='ocrx_word' id='word_1_480' title='bbox 2446 2915 2595 2988; x_wconf 83' lang='lat' dir='ltr'><strong>quis</strong></span> <span class='ocrx_word' id='word_1_481' title='bbox 2636 2925 2811 2988; x_wconf 86' lang='lat' dir='ltr'><strong>roget,</strong></span> <span class='ocrx_word' id='word_1_482' title='bbox 2852 2925 2911 2971; x_wconf 91' lang='lat' dir='ltr'><strong>ut</strong></span> <span class='ocrx_word' id='word_1_483' title='bbox 2953 2930 3127 2977; x_wconf 87' lang='lat' dir='ltr'><strong>orem.</strong></span> <span class='ocrx_word' id='word_1_484' title='bbox 3158 2915 3415 2969; x_wconf 90' lang='lat' dir='ltr'><strong>tollamne</strong></span> 
     </span>
    </p>
   </div>
   <div class='ocr_carea' id='block_1_67' title="bbox 1841 3009 3414 3080">
    <p class='ocr_par' dir='ltr' id='par_1_67' title="bbox 1841 3009 3414 3080">
     <span class='ocr_line' id='line_1_68' title="bbox 1841 3009 3414 3080; baseline -0.003 -14"><span class='ocrx_word' id='word_1_485' title='bbox 1841 3021 2034 3067; x_wconf 78' lang='lat' dir='ltr'><strong>manus</strong></span> <span class='ocrx_word' id='word_1_486' title='bbox 2079 3018 2133 3065; x_wconf 89' lang='lat' dir='ltr'><strong>et</strong></span> <span class='ocrx_word' id='word_1_487' title='bbox 2180 3009 2432 3080; x_wconf 89' lang='lat' dir='ltr'><strong>adjuvem</strong></span> <span class='ocrx_word' id='word_1_488' title='bbox 2475 3009 2695 3080; x_wconf 85' lang='lat' dir='ltr'><strong>ipsum?</strong></span> <span class='ocrx_word' id='word_1_489' title='bbox 2745 3010 2852 3063; x_wconf 87' lang='lat' dir='ltr'><strong>Aut</strong></span> <span class='ocrx_word' id='word_1_490' title='bbox 2877 3024 3161 3080; x_wconf 85' lang='lat' dir='ltr'><strong>quousque</strong></span> <span class='ocrx_word' id='word_1_491' title='bbox 3199 3016 3414 3079; x_wconf 83' lang='lat' dir='ltr'><strong>oportet</strong></span> 
     </span>
    </p>
   </div>
   <div class='ocr_carea' id='block_1_68' title="bbox 1839 3100 3413 3174">
    <p class='ocr_par' dir='ltr' id='par_1_68' title="bbox 1839 3100 3413 3174">
     <span class='ocr_line' id='line_1_69' title="bbox 1839 3100 3413 3174; baseline -0.001 -15"><span class='ocrx_word' id='word_1_492' title='bbox 1839 3103 2107 3174; x_wconf 85' lang='lat' dir='ltr'><strong>denegare</strong></span> <span class='ocrx_word' id='word_1_493' title='bbox 2171 3114 2265 3159; x_wconf 89' lang='lat' dir='ltr'><strong>aut</strong></span> <span class='ocrx_word' id='word_1_494' title='bbox 2337 3100 2704 3170; x_wconf 90' lang='lat' dir='ltr'><strong>contendere,</strong></span> <span class='ocrx_word' id='word_1_495' title='bbox 2780 3103 2873 3157; x_wconf 88' lang='lat' dir='ltr'><strong>ubi</strong></span> <span class='ocrx_word' id='word_1_496' title='bbox 2924 3103 2997 3159; x_wconf 86' lang='lat' dir='ltr'><strong>sit</strong></span> <span class='ocrx_word' id='word_1_497' title='bbox 3049 3101 3413 3173; x_wconf 81' lang='lat' dir='ltr'><strong>transgressio</strong></span> 
     </span>
    </p>
   </div>
   <div class='ocr_carea' id='block_1_69' title="bbox 1839 3196 2133 3267">
    <p class='ocr_par' dir='ltr' id='par_1_69' title="bbox 1839 3196 2133 3267">
     <span class='ocr_line' id='line_1_70' title="bbox 1839 3196 2133 3267; baseline -0.003 -17"><span class='ocrx_word' id='word_1_498' title='bbox 1839 3196 2133 3267; x_wconf 67' lang='lat' dir='ltr'><strong>praecepti?</strong></span> 
     </span>
    </p>
   </div>
   <div class='ocr_carea' id='block_1_70' title="bbox 2250 3364 2867 3483">
    <p class='ocr_par' dir='ltr' id='par_1_70' title="bbox 2250 3364 2867 3483">
     <span class='ocr_line' id='line_1_71' title="bbox 2250 3364 2867 3483; baseline 0.005 -20"><span class='ocrx_word' id='word_1_499' title='bbox 2250 3364 2257 3373; x_wconf 8' lang='grc' dir='ltr'><strong>γ’</strong></span> <span class='ocrx_word' id='word_1_500' title='bbox 2366 3409 2533 3483; x_wconf 63' lang='grc'><strong>458</strong></span> <span class='ocrx_word' id='word_1_501' title='bbox 2558 3411 2867 3480; x_wconf 63' lang='lat' dir='ltr'><strong>Responsio.</strong></span> 
     </span>
    </p>
   </div>
   <div class='ocr_carea' id='block_1_71' title="bbox 1909 3542 3408 3613">
    <p class='ocr_par' dir='ltr' id='par_1_71' title="bbox 1909 3542 3408 3613">
     <span class='ocr_line' id='line_1_72' title="bbox 1909 3542 3408 3613; baseline -0.003 -11"><span class='ocrx_word' id='word_1_502' title='bbox 1909 3546 2120 3613; x_wconf 83' lang='lat' dir='ltr'><strong>Frater,</strong></span> <span class='ocrx_word' id='word_1_503' title='bbox 2155 3544 2343 3601; x_wconf 91' lang='lat' dir='ltr'><strong>volens</strong></span> <span class='ocrx_word' id='word_1_504' title='bbox 2395 3558 2537 3609; x_wconf 89' lang='lat' dir='ltr'><strong>esse,</strong></span> <span class='ocrx_word' id='word_1_505' title='bbox 2582 3558 2693 3598; x_wconf 90' lang='lat' dir='ltr'><strong>non</strong></span> <span class='ocrx_word' id='word_1_506' title='bbox 2722 3543 2881 3598; x_wconf 86' lang='lat' dir='ltr'><strong>debet</strong></span> <span class='ocrx_word' id='word_1_507' title='bbox 2903 3542 3126 3598; x_wconf 90' lang='lat' dir='ltr'><strong>omnino</strong></span> <span class='ocrx_word' id='word_1_508' title='bbox 3162 3542 3408 3598; x_wconf 85' lang='lat' dir='ltr'><strong>volunta-</strong></span> 
     </span>
    </p>
   </div>
   <div class='ocr_carea' id='block_1_72' title="bbox 1838 3634 3410 3697">
    <p class='ocr_par' dir='ltr' id='par_1_72' title="bbox 1838 3634 3410 3697">
     <span class='ocr_line' id='line_1_73' title="bbox 1838 3634 3410 3697; baseline -0.004 0"><span class='ocrx_word' id='word_1_509' title='bbox 1838 3650 1944 3697; x_wconf 88' lang='lat' dir='ltr'><strong>tem</strong></span> <span class='ocrx_word' id='word_1_510' title='bbox 1974 3640 2173 3695; x_wconf 88' lang='lat' dir='ltr'><strong>habere</strong></span> <span class='ocrx_word' id='word_1_511' title='bbox 2218 3637 2274 3693; x_wconf 92' lang='lat' dir='ltr'><strong>in</strong></span> <span class='ocrx_word' id='word_1_512' title='bbox 2311 3636 2462 3692; x_wconf 85' lang='lat' dir='ltr'><strong>omni</strong></span> <span class='ocrx_word' id='word_1_513' title='bbox 2489 3651 2551 3693; x_wconf 92' lang='lat' dir='ltr'><strong>re</strong></span> <span class='ocrx_word' id='word_1_514' title='bbox 2580 3655 2594 3691; x_wconf 92' lang='lat'><strong>:</strong></span> <span class='ocrx_word' id='word_1_515' title='bbox 2629 3635 2811 3691; x_wconf 88' lang='lat' dir='ltr'><strong>ethoc</strong></span> <span class='ocrx_word' id='word_1_516' title='bbox 2861 3635 3094 3691; x_wconf 88' lang='lat' dir='ltr'><strong>innuens</strong></span> <span class='ocrx_word' id='word_1_517' title='bbox 3129 3634 3410 3691; x_wconf 84' lang='lat' dir='ltr'><strong>Dominus</strong></span> 
     </span>
    </p>
   </div>
   <div class='ocr_carea' id='block_1_73' title="bbox 1835 3728 3410 3797">
    <p class='ocr_par' dir='ltr' id='par_1_73' title="bbox 1835 3728 3410 3797">
     <span class='ocr_line' id='line_1_74' title="bbox 1835 3728 3410 3797; baseline -0.004 -8"><span class='ocrx_word' id='word_1_518' title='bbox 1835 3733 1991 3790; x_wconf 75' lang='lat' dir='ltr'><strong>dixit:</strong></span> <span class='ocrx_word' id='word_1_519' title='bbox 2059 3730 2184 3786; x_wconf 78' lang='lat' dir='ltr'><strong>Veni</strong></span> <span class='ocrx_word' id='word_1_520' title='bbox 2217 3732 2274 3784; x_wconf 85' lang='lat' dir='ltr'><strong>in</strong></span> <span class='ocrx_word' id='word_1_521' title='bbox 2304 3731 2558 3785; x_wconf 78' lang='lat' dir='ltr'><strong>mundum</strong></span> <span class='ocrx_word' id='word_1_522' title='bbox 2580 3746 2684 3783; x_wconf 86' lang='lat' dir='ltr'><strong>non</strong></span> <span class='ocrx_word' id='word_1_523' title='bbox 2713 3738 2770 3783; x_wconf 79' lang='lat' dir='ltr'><strong>ut</strong></span> <span class='ocrx_word' id='word_1_524' title='bbox 2798 3728 2996 3797; x_wconf 81' lang='lat' dir='ltr'><strong>faciam</strong></span> <span class='ocrx_word' id='word_1_525' title='bbox 3013 3745 3179 3782; x_wconf 86' lang='lat' dir='ltr'><strong>meam</strong></span> <span class='ocrx_word' id='word_1_526' title='bbox 3221 3728 3410 3782; x_wconf 75' lang='lat' dir='ltr'><strong>uolun—</strong></span> 
     </span>
    </p>
   </div>
   <div class='ocr_carea' id='block_1_74' title="bbox 1839 3818 3412 3891">
    <p class='ocr_par' dir='ltr' id='par_1_74' title="bbox 1839 3818 3412 3891">
     <span class='ocr_line' id='line_1_75' title="bbox 1839 3818 3412 3891; baseline -0.001 -14"><span class='ocrx_word' id='word_1_527' title='bbox 1839 3833 1995 3877; x_wconf 81' lang='lat' dir='ltr'><strong>tatem</strong></span> <span class='ocrx_word' id='word_1_528' title='bbox 2028 3834 2093 3878; x_wconf 72' lang='grc' dir='ltr'>οε</span> <span class='ocrx_word' id='word_1_529' title='bbox 2145 3831 2198 3876; x_wconf 89' lang='lat' dir='ltr'><strong>et</strong></span> <span class='ocrx_word' id='word_1_530' title='bbox 2229 3837 2351 3890; x_wconf 68' lang='lat' dir='ltr'><strong>qua:</strong></span> <span class='ocrx_word' id='word_1_531' title='bbox 2376 3830 2700 3891; x_wconf 85' lang='lat' dir='ltr'><strong>sequuntur.</strong></span> <span class='ocrx_word' id='word_1_532' title='bbox 2776 3818 2975 3877; x_wconf 84' lang='lat' dir='ltr'><strong>Volcns</strong></span> <span class='ocrx_word' id='word_1_533' title='bbox 3016 3820 3161 3874; x_wconf 87' lang='lat' dir='ltr'><strong>enim</strong></span> <span class='ocrx_word' id='word_1_534' title='bbox 3210 3823 3314 3875; x_wconf 82' lang='lat' dir='ltr'><strong>hoc</strong></span> <span class='ocrx_word' id='word_1_535' title='bbox 3355 3829 3412 3877; x_wconf 87' lang='lat' dir='ltr'><strong>et</strong></span> 
     </span>
    </p>
   </div>
   <div class='ocr_carea' id='block_1_75' title="bbox 1834 3901 3407 3977">
    <p class='ocr_par' dir='ltr' id='par_1_75' title="bbox 1834 3901 3407 3977">
     <span class='ocr_line' id='line_1_76' title="bbox 1834 3901 3407 3977; baseline -0.001 -12"><span class='ocrx_word' id='word_1_536' title='bbox 1834 3911 1965 3965; x_wconf 90' lang='lat' dir='ltr'><strong>illud</strong></span> <span class='ocrx_word' id='word_1_537' title='bbox 1998 3907 2175 3963; x_wconf 82' lang='lat' dir='ltr'><strong>facere</strong></span> <span class='ocrx_word' id='word_1_538' title='bbox 2204 3918 2423 3977; x_wconf 88' lang='lat' dir='ltr'><strong>propter</strong></span> <span class='ocrx_word' id='word_1_539' title='bbox 2450 3924 2571 3977; x_wconf 75' lang='lat' dir='ltr'><strong>quae</strong></span> <span class='ocrx_word' id='word_1_540' title='bbox 2603 3917 2847 3977; x_wconf 85' lang='lat' dir='ltr'><strong>rogatur,</strong></span> <span class='ocrx_word' id='word_1_541' title='bbox 2880 3917 2974 3961; x_wconf 88' lang='lat' dir='ltr'><strong>aut</strong></span> <span class='ocrx_word' id='word_1_542' title='bbox 3004 3901 3407 3977; x_wconf 70' lang='lat' dir='ltr'><strong>prudentiorem</strong></span> 
     </span>
    </p>
   </div>
   <div class='ocr_carea' id='block_1_76' title="bbox 1833 3998 3405 4071">
    <p class='ocr_par' dir='ltr' id='par_1_76' title="bbox 1833 3998 3405 4071">
     <span class='ocr_line' id='line_1_77' title="bbox 1833 3998 3405 4071; baseline -0.002 -14"><span class='ocrx_word' id='word_1_543' title='bbox 1833 4017 1894 4057; x_wconf 89' lang='lat' dir='ltr'><strong>se</strong></span> <span class='ocrx_word' id='word_1_544' title='bbox 1920 4002 2158 4056; x_wconf 89' lang='lat' dir='ltr'><strong>declarat</strong></span> <span class='ocrx_word' id='word_1_545' title='bbox 2186 4014 2253 4054; x_wconf 89' lang='lat' dir='ltr'><strong>eo</strong></span> <span class='ocrx_word' id='word_1_546' title='bbox 2280 3999 2373 4068; x_wconf 87' lang='lat' dir='ltr'><strong>qui</strong></span> <span class='ocrx_word' id='word_1_547' title='bbox 2402 3998 2656 4071; x_wconf 90' lang='lat' dir='ltr'><strong>injungit,</strong></span> <span class='ocrx_word' id='word_1_548' title='bbox 2702 4008 2799 4053; x_wconf 90' lang='lat' dir='ltr'><strong>aut</strong></span> <span class='ocrx_word' id='word_1_549' title='bbox 2832 4015 2862 4053; x_wconf 92' lang='lat' dir='ltr'><strong>a</strong></span> <span class='ocrx_word' id='word_1_550' title='bbox 2912 4001 3248 4053; x_wconf 70' lang='lat' dir='ltr'><strong>daemonibus</strong></span> <span class='ocrx_word' id='word_1_551' title='bbox 3278 4000 3405 4054; x_wconf 84' lang='lat' dir='ltr'><strong>illu-</strong></span> 
     </span>
    </p>
   </div>
   <div class='ocr_carea' id='block_1_77' title="bbox 1833 4090 3409 4163">
    <p class='ocr_par' dir='ltr' id='par_1_77' title="bbox 1833 4090 3409 4163">
     <span class='ocr_line' id='line_1_78' title="bbox 1833 4090 3409 4163; baseline -0.003 -12"><span class='ocrx_word' id='word_1_552' title='bbox 1833 4095 1977 4151; x_wconf 81' lang='lat' dir='ltr'><strong>ditur</strong></span> <span class='ocrx_word' id='word_1_553' title='bbox 2007 4112 2021 4149; x_wconf 91' lang='lat'><strong>:</strong></span> <span class='ocrx_word' id='word_1_554' title='bbox 2067 4092 2212 4163; x_wconf 92' lang='lat' dir='ltr'><strong>quod</strong></span> <span class='ocrx_word' id='word_1_555' title='bbox 2240 4101 2527 4163; x_wconf 88' lang='lat' dir='ltr'><strong>utrumque</strong></span> <span class='ocrx_word' id='word_1_556' title='bbox 2546 4091 2746 4146; x_wconf 90' lang='lat' dir='ltr'><strong>malum</strong></span> <span class='ocrx_word' id='word_1_557' title='bbox 2771 4100 2825 4145; x_wconf 93' lang='lat' dir='ltr'><strong>et</strong></span> <span class='ocrx_word' id='word_1_558' title='bbox 2847 4091 3195 4146; x_wconf 87' lang='lat' dir='ltr'><strong>diabolicum.</strong></span> <span class='ocrx_word' id='word_1_559' title='bbox 3225 4090 3409 4158; x_wconf 84' lang='lat' dir='ltr'><strong>Quare</strong></span> 
     </span>
    </p>
   </div>
   <div class='ocr_carea' id='block_1_78' title="bbox 1832 4183 3405 4254">
    <p class='ocr_par' dir='ltr' id='par_1_78' title="bbox 1832 4183 3405 4254">
     <span class='ocr_line' id='line_1_79' title="bbox 1832 4183 3405 4254; baseline -0.001 -13"><span class='ocrx_word' id='word_1_560' title='bbox 1832 4188 1886 4241; x_wconf 91' lang='lat' dir='ltr'><strong>in</strong></span> <span class='ocrx_word' id='word_1_561' title='bbox 1922 4185 2178 4242; x_wconf 85' lang='lat' dir='ltr'><strong>omnibus</strong></span> <span class='ocrx_word' id='word_1_562' title='bbox 2215 4185 2436 4241; x_wconf 91' lang='lat' dir='ltr'><strong>obedire</strong></span> <span class='ocrx_word' id='word_1_563' title='bbox 2461 4184 2648 4240; x_wconf 86' lang='lat' dir='ltr'><strong>debes.</strong></span> <span class='ocrx_word' id='word_1_564' title='bbox 2697 4184 2799 4250; x_wconf 86' lang='lat' dir='ltr'><strong>Qui</strong></span> <span class='ocrx_word' id='word_1_565' title='bbox 2830 4184 2975 4238; x_wconf 88' lang='lat' dir='ltr'><strong>enim</strong></span> <span class='ocrx_word' id='word_1_566' title='bbox 3024 4184 3257 4254; x_wconf 86' lang='lat' dir='ltr'><strong>imperat</strong></span> <span class='ocrx_word' id='word_1_567' title='bbox 3308 4183 3405 4240; x_wconf 85' lang='lat' dir='ltr'><strong>tibi</strong></span> 
     </span>
    </p>
   </div>
   <div class='ocr_carea' id='block_1_79' title="bbox 1831 4276 3404 4347">
    <p class='ocr_par' dir='ltr' id='par_1_79' title="bbox 1831 4276 3404 4347">
     <span class='ocr_line' id='line_1_80' title="bbox 1831 4276 3404 4347; baseline -0.001 -14"><span class='ocrx_word' id='word_1_568' title='bbox 1831 4280 2000 4334; x_wconf 81' lang='lat' dir='ltr'><strong>abbas</strong></span> <span class='ocrx_word' id='word_1_569' title='bbox 2056 4288 2204 4344; x_wconf 89' lang='lat' dir='ltr'><strong>tuus,</strong></span> <span class='ocrx_word' id='word_1_570' title='bbox 2257 4287 2409 4340; x_wconf 90' lang='lat' dir='ltr'><strong>tuum</strong></span> <span class='ocrx_word' id='word_1_571' title='bbox 2435 4276 2698 4347; x_wconf 87' lang='lat' dir='ltr'><strong>judicium</strong></span> <span class='ocrx_word' id='word_1_572' title='bbox 2747 4284 2950 4347; x_wconf 76' lang='lat' dir='ltr'><strong>portat,</strong></span> <span class='ocrx_word' id='word_1_573' title='bbox 3003 4278 3096 4347; x_wconf 92' lang='lat' dir='ltr'><strong>qui</strong></span> <span class='ocrx_word' id='word_1_574' title='bbox 3139 4278 3404 4333; x_wconf 82' lang='lat' dir='ltr'><strong>rationem</strong></span> 
     </span>
    </p>
   </div>
   <div class='ocr_carea' id='block_1_80' title="bbox 1830 4368 3401 4442">
    <p class='ocr_par' dir='ltr' id='par_1_80' title="bbox 1830 4368 3401 4442">
     <span class='ocr_line' id='line_1_81' title="bbox 1830 4368 3401 4442; baseline -0.002 -15"><span class='ocrx_word' id='word_1_575' title='bbox 1830 4371 2095 4441; x_wconf 86' lang='lat' dir='ltr'><strong>dabitpro</strong></span> <span class='ocrx_word' id='word_1_576' title='bbox 2116 4378 2167 4425; x_wconf 88' lang='lat' dir='ltr'><strong>te</strong></span> <span class='ocrx_word' id='word_1_577' title='bbox 2199 4391 2211 4426; x_wconf 90' lang='lat'><strong>:</strong></span> <span class='ocrx_word' id='word_1_578' title='bbox 2242 4371 2289 4426; x_wconf 89' lang='lat' dir='ltr'><strong>si</strong></span> <span class='ocrx_word' id='word_1_579' title='bbox 2318 4384 2483 4442; x_wconf 87' lang='lat' dir='ltr'><strong>grave</strong></span> <span class='ocrx_word' id='word_1_580' title='bbox 2510 4369 2608 4425; x_wconf 91' lang='lat' dir='ltr'><strong>tibi</strong></span> <span class='ocrx_word' id='word_1_581' title='bbox 2638 4368 2906 4424; x_wconf 84' lang='lat' dir='ltr'><strong>videbitur</strong></span> <span class='ocrx_word' id='word_1_582' title='bbox 2921 4370 3065 4439; x_wconf 82' lang='lat' dir='ltr'><strong>quod</strong></span> <span class='ocrx_word' id='word_1_583' title='bbox 3089 4370 3401 4440; x_wconf 89' lang='lat' dir='ltr'><strong>impositum</strong></span> 
     </span>
    </p>
   </div>
   <div class='ocr_carea' id='block_1_81' title="bbox 166 4446 1741 4532">
    <p class='ocr_par' dir='ltr' id='par_1_81' title="bbox 166 4446 1727 4531">
     <span class='ocr_line' id='line_1_82' title="bbox 166 4446 1727 4531; baseline 0.01 -33"><span class='ocrx_word' id='word_1_584' title='bbox 166 4447 229 4514; x_wconf 79' lang='grc' dir='ltr'>ρὺ</span> <span class='ocrx_word' id='word_1_585' title='bbox 252 4446 313 4499; x_wconf 87' lang='grc' dir='ltr'>τὸ</span> <span class='ocrx_word' id='word_1_586' title='bbox 334 4446 791 4518; x_wconf 81' lang='grc' dir='ltr'>ἐπιτασσόμενον,</span> <span class='ocrx_word' id='word_1_587' title='bbox 820 4449 985 4503; x_wconf 84' lang='grc' dir='ltr'>αὑτὸν</span> <span class='ocrx_word' id='word_1_588' title='bbox 1014 4452 1311 4525; x_wconf 76' lang='grc' dir='ltr'>ἐρώτησον,</span> <span class='ocrx_word' id='word_1_589' title='bbox 1351 4461 1448 4512; x_wconf 79' lang='grc' dir='ltr'>καὶ</span> <span class='ocrx_word' id='word_1_590' title='bbox 1473 4461 1538 4531; x_wconf 80' lang='grc' dir='ltr'>τῇ</span> <span class='ocrx_word' id='word_1_591' title='bbox 1561 4459 1727 4513; x_wconf 80' lang='grc' dir='ltr'>αὑτοῦ</span> 
     </span>
    </p>
   </div>
   <div class='ocr_carea' id='block_1_82' title="bbox 1840 4446 3403 4532">
    <p class='ocr_par' dir='ltr' id='par_1_82' title="bbox 1840 4448 3403 4532">
     <span class='ocr_line' id='line_1_83' title="bbox 1840 4448 3403 4532; baseline -0.004 -14"><span class='ocrx_word' id='word_1_592' title='bbox 1840 4471 1934 4525; x_wconf 76' lang='grc' dir='ltr'>εει,</span> <span class='ocrx_word' id='word_1_593' title='bbox 1953 4462 2131 4532; x_wconf 87' lang='lat' dir='ltr'><strong>ipsum</strong></span> <span class='ocrx_word' id='word_1_594' title='bbox 2163 4460 2463 4531; x_wconf 86' lang='lat' dir='ltr'><strong>interroga,</strong></span> <span class='ocrx_word' id='word_1_595' title='bbox 2489 4458 2717 4529; x_wconf 85' lang='lat' dir='ltr'><strong>ejusque</strong></span> <span class='ocrx_word' id='word_1_596' title='bbox 2738 4456 2947 4527; x_wconf 89' lang='lat' dir='ltr'><strong>judicio</strong></span> <span class='ocrx_word' id='word_1_597' title='bbox 2966 4456 3211 4527; x_wconf 88' lang='lat' dir='ltr'><strong>relinque</strong></span> <span class='ocrx_word' id='word_1_598' title='bbox 3234 4448 3403 4526; x_wconf 88' lang='lat' dir='ltr'><strong>nego-</strong></span> 
     </span>
    </p>
   </div>
   <div class='ocr_carea' id='block_1_83' title="bbox 162 4538 1741 4633">
    <p class='ocr_par' dir='ltr' id='par_1_83' title="bbox 162 4538 1725 4621">
     <span class='ocr_line' id='line_1_84' title="bbox 162 4538 1725 4621; baseline 0.012 -31"><span class='ocrx_word' id='word_1_599' title='bbox 162 4538 433 4610; x_wconf 80' lang='grc' dir='ltr'>διακρίσει</span> <span class='ocrx_word' id='word_1_600' title='bbox 468 4542 607 4611; x_wconf 80' lang='grc' dir='ltr'>ἄφες</span> <span class='ocrx_word' id='word_1_601' title='bbox 624 4540 685 4594; x_wconf 87' lang='grc' dir='ltr'>τὸ</span> <span class='ocrx_word' id='word_1_602' title='bbox 744 4542 994 4613; x_wconf 78' lang='grc' dir='ltr'>πρᾶγμα.</span> <span class='ocrx_word' id='word_1_603' title='bbox 1039 4547 1165 4601; x_wconf 81' lang='grc' dir='ltr'>Ἐάν</span> <span class='ocrx_word' id='word_1_604' title='bbox 1187 4548 1243 4602; x_wconf 81' lang='grc' dir='ltr'>δὲ</span> <span class='ocrx_word' id='word_1_605' title='bbox 1274 4550 1496 4621; x_wconf 79' lang='grc' dir='ltr'>ἁδελφοὶ</span> <span class='ocrx_word' id='word_1_606' title='bbox 1511 4545 1645 4606; x_wconf 82' lang='grc' dir='ltr'>ὦσιν</span> <span class='ocrx_word' id='word_1_607' title='bbox 1676 4554 1725 4608; x_wconf 86' lang='grc' dir='ltr'>οἱ</span> 
     </span>
    </p>
   </div>
   <div class='ocr_carea' id='block_1_84' title="bbox 1840 4538 3402 4633">
    <p class='ocr_par' dir='ltr' id='par_1_84' title="bbox 1840 4547 3402 4633">
     <span class='ocr_line' id='line_1_85' title="bbox 1840 4547 3402 4633; baseline -0.006 -22"><span class='ocrx_word' id='word_1_608' title='bbox 1840 4557 1989 4611; x_wconf 84' lang='lat' dir='ltr'><strong>tium.</strong></span> <span class='ocrx_word' id='word_1_609' title='bbox 2047 4554 2105 4611; x_wconf 91' lang='lat' dir='ltr'><strong>Si</strong></span> <span class='ocrx_word' id='word_1_610' title='bbox 2149 4563 2329 4609; x_wconf 89' lang='lat' dir='ltr'><strong>autem</strong></span> <span class='ocrx_word' id='word_1_611' title='bbox 2385 4553 2583 4607; x_wconf 81' lang='lat' dir='ltr'><strong>fratres</strong></span> <span class='ocrx_word' id='word_1_612' title='bbox 2610 4551 2721 4606; x_wconf 89' lang='lat' dir='ltr'><strong>sint</strong></span> <span class='ocrx_word' id='word_1_613' title='bbox 2763 4548 2857 4618; x_wconf 90' lang='lat' dir='ltr'><strong>qui</strong></span> <span class='ocrx_word' id='word_1_614' title='bbox 2920 4547 3123 4619; x_wconf 85' lang='lat' dir='ltr'><strong>aliquid</strong></span> <span class='ocrx_word' id='word_1_615' title='bbox 3180 4547 3274 4602; x_wconf 86' lang='lat' dir='ltr'><strong>tibi</strong></span> <span class='ocrx_word' id='word_1_616' title='bbox 3314 4547 3402 4633; x_wconf 82' lang='lat' dir='ltr'><strong>in-</strong></span> 
     </span>
    </p>
   </div>
   <div class='ocr_carea' id='block_1_85' title="bbox 168 4630 1741 4720">
    <p class='ocr_par' dir='ltr' id='par_1_85' title="bbox 168 4630 1723 4716">
     <span class='ocr_line' id='line_1_86' title="bbox 168 4630 1723 4716; baseline 0.012 -36"><span class='ocrx_word' id='word_1_617' title='bbox 168 4630 544 4697; x_wconf 80' lang='grc' dir='ltr'>ὲπιτάξαντες,</span> <span class='ocrx_word' id='word_1_618' title='bbox 577 4632 671 4688; x_wconf 71' lang='grc' dir='ltr'><strong>καὶ</strong></span> <span class='ocrx_word' id='word_1_619' title='bbox 699 4632 921 4705; x_wconf 83' lang='grc' dir='ltr'>βλέπεις</span> <span class='ocrx_word' id='word_1_620' title='bbox 944 4634 976 4706; x_wconf 81' lang='grc' dir='ltr'>ἢ</span> <span class='ocrx_word' id='word_1_621' title='bbox 999 4638 1241 4706; x_wconf 74' lang='grc' dir='ltr'>νομίζεις</span> <span class='ocrx_word' id='word_1_622' title='bbox 1265 4640 1349 4693; x_wconf 83' lang='grc' dir='ltr'>ὅτι</span> <span class='ocrx_word' id='word_1_623' title='bbox 1380 4641 1587 4715; x_wconf 83' lang='grc' dir='ltr'>βλάϐην</span> <span class='ocrx_word' id='word_1_624' title='bbox 1610 4644 1723 4716; x_wconf 77' lang='grc' dir='ltr'>ἔχει</span> 
     </span>
    </p>
   </div>
   <div class='ocr_carea' id='block_1_86' title="bbox 1840 4630 3399 4720">
    <p class='ocr_par' dir='ltr' id='par_1_86' title="bbox 1840 4630 3399 4719">
     <span class='ocr_line' id='line_1_87' title="bbox 1840 4630 3399 4719; baseline -0.004 -16"><span class='ocrx_word' id='word_1_625' title='bbox 1840 4650 2076 4719; x_wconf 75' lang='lat' dir='ltr'><strong>iungant,</strong></span> <span class='ocrx_word' id='word_1_626' title='bbox 2122 4656 2176 4700; x_wconf 78' lang='lat' dir='ltr'><strong>et</strong></span> <span class='ocrx_word' id='word_1_627' title='bbox 2218 4646 2370 4701; x_wconf 89' lang='lat' dir='ltr'><strong>vides</strong></span> <span class='ocrx_word' id='word_1_628' title='bbox 2402 4654 2497 4700; x_wconf 88' lang='lat' dir='ltr'><strong>aut</strong></span> <span class='ocrx_word' id='word_1_629' title='bbox 2533 4641 2813 4698; x_wconf 81' lang='lat' dir='ltr'><strong>existimas</strong></span> <span class='ocrx_word' id='word_1_630' title='bbox 2859 4643 3061 4714; x_wconf 90' lang='lat' dir='ltr'><strong>aliquid</strong></span> <span class='ocrx_word' id='word_1_631' title='bbox 3096 4642 3224 4696; x_wconf 88' lang='lat' dir='ltr'><strong>mali</strong></span> <span class='ocrx_word' id='word_1_632' title='bbox 3268 4630 3399 4696; x_wconf 80' lang='lat' dir='ltr'><strong>eum</strong></span> 
     </span>
    </p>
   </div>
   <div class='ocr_carea' id='block_1_87' title="bbox 163 4721 1728 4799">
    <p class='ocr_par' dir='ltr' id='par_1_87' title="bbox 163 4721 1728 4799">
     <span class='ocr_line' id='line_1_88' title="bbox 163 4721 1728 4799; baseline 0.012 -26"><span class='ocrx_word' id='word_1_633' title='bbox 163 4721 222 4773; x_wconf 81' lang='grc' dir='ltr'>τὸ</span> <span class='ocrx_word' id='word_1_634' title='bbox 244 4723 498 4794; x_wconf 80' lang='grc' dir='ltr'>πρᾶγμα,</span> <span class='ocrx_word' id='word_1_635' title='bbox 520 4721 553 4792; x_wconf 81' lang='grc' dir='ltr'>ἢ</span> <span class='ocrx_word' id='word_1_636' title='bbox 572 4724 712 4797; x_wconf 78' lang='grc' dir='ltr'>ὑπὲρ</span> <span class='ocrx_word' id='word_1_637' title='bbox 740 4727 840 4797; x_wconf 76' lang='grc' dir='ltr'>τὴν</span> <span class='ocrx_word' id='word_1_638' title='bbox 854 4726 1081 4799; x_wconf 85' lang='grc' dir='ltr'>δύναμίν</span> <span class='ocrx_word' id='word_1_639' title='bbox 1102 4746 1218 4796; x_wconf 86' lang='grc' dir='ltr'>σου,</span> <span class='ocrx_word' id='word_1_640' title='bbox 1244 4731 1405 4786; x_wconf 84' lang='grc' dir='ltr'>πάλιν</span> <span class='ocrx_word' id='word_1_641' title='bbox 1432 4734 1526 4789; x_wconf 83' lang='grc' dir='ltr'><strong>τὸν</strong></span> <span class='ocrx_word' id='word_1_642' title='bbox 1551 4736 1728 4792; x_wconf 81' lang='grc' dir='ltr'><strong>άὸϐᾶν</strong></span> 
     </span>
    </p>
   </div>
   <div class='ocr_carea' id='block_1_88' title="bbox 162 4810 1721 4895">
    <p class='ocr_par' dir='ltr' id='par_1_88' title="bbox 162 4810 1721 4895">
     <span class='ocr_line' id='line_1_89' title="bbox 162 4810 1721 4895; baseline 0.012 -32"><span class='ocrx_word' id='word_1_643' title='bbox 162 4810 458 4883; x_wconf 67' lang='grc' dir='ltr'>ἐρώτησον,</span> <span class='ocrx_word' id='word_1_644' title='bbox 490 4814 585 4868; x_wconf 80' lang='grc' dir='ltr'>καὶ</span> <span class='ocrx_word' id='word_1_645' title='bbox 608 4814 646 4869; x_wconf 78' lang='grc' dir='ltr'>ἃ</span> <span class='ocrx_word' id='word_1_646' title='bbox 674 4815 823 4885; x_wconf 82' lang='grc' dir='ltr'>λέγει</span> <span class='ocrx_word' id='word_1_647' title='bbox 864 4835 966 4885; x_wconf 91' lang='grc' dir='ltr'>σοι,</span> <span class='ocrx_word' id='word_1_648' title='bbox 1001 4820 1259 4893; x_wconf 73' lang='grc' dir='ltr'>ποίησονο</span> <span class='ocrx_word' id='word_1_649' title='bbox 1291 4821 1359 4877; x_wconf 79' lang='grc' dir='ltr'>ἂν</span> <span class='ocrx_word' id='word_1_650' title='bbox 1398 4824 1509 4895; x_wconf 82' lang='grc' dir='ltr'>γὰρ</span> <span class='ocrx_word' id='word_1_651' title='bbox 1537 4825 1721 4892; x_wconf 87' lang='grc' dir='ltr'>θέλεις</span> 
     </span>
    </p>
   </div>
   <div class='ocr_carea' id='block_1_89' title="bbox 162 4905 1727 4989">
    <p class='ocr_par' dir='ltr' id='par_1_89' title="bbox 162 4905 1727 4989">
     <span class='ocr_line' id='line_1_90' title="bbox 162 4905 1727 4989; baseline 0.012 -32"><span class='ocrx_word' id='word_1_652' title='bbox 162 4905 221 4958; x_wconf 84' lang='grc' dir='ltr'>οὐ</span> <span class='ocrx_word' id='word_1_653' title='bbox 248 4905 424 4977; x_wconf 85' lang='grc' dir='ltr'>’μόνον</span> <span class='ocrx_word' id='word_1_654' title='bbox 451 4906 521 4961; x_wconf 79' lang='grc' dir='ltr'><strong>τά</strong></span> <span class='ocrx_word' id='word_1_655' title='bbox 554 4908 875 4980; x_wconf 78' lang='grc' dir='ltr'>πράγματα,</span> <span class='ocrx_word' id='word_1_656' title='bbox 904 4913 1044 4968; x_wconf 77' lang='grc' dir='ltr'>ἀλλὰ</span> <span class='ocrx_word' id='word_1_657' title='bbox 1090 4916 1183 4969; x_wconf 80' lang='grc' dir='ltr'>καὶ</span> <span class='ocrx_word' id='word_1_658' title='bbox 1227 4917 1357 4981; x_wconf 85' lang='grc' dir='ltr'>τοὺς</span> <span class='ocrx_word' id='word_1_659' title='bbox 1400 4918 1727 4989; x_wconf 79' lang='grc' dir='ltr'>ἀνθρώπους</span> 
     </span>
    </p>
   </div>
   <div class='ocr_carea' id='block_1_90' title="bbox 162 4999 1724 5076">
    <p class='ocr_par' dir='ltr' id='par_1_90' title="bbox 162 4999 1724 5076">
     <span class='ocr_line' id='line_1_91' title="bbox 162 4999 1724 5076; baseline 0.01 -25"><span class='ocrx_word' id='word_1_660' title='bbox 162 4999 480 5071; x_wconf 86' lang='grc' dir='ltr'>διακρίνειν,</span> <span class='ocrx_word' id='word_1_661' title='bbox 510 4999 690 5070; x_wconf 76' lang='grc' dir='ltr'>θλίψιν</span> <span class='ocrx_word' id='word_1_662' title='bbox 744 5001 957 5076; x_wconf 79' lang='grc' dir='ltr'>σεαυτῷ</span> <span class='ocrx_word' id='word_1_663' title='bbox 1009 5008 1354 5073; x_wconf 83' lang='grc' dir='ltr'>ὲπισπάσεις.</span> <span class='ocrx_word' id='word_1_664' title='bbox 1420 5008 1559 5066; x_wconf 81' lang='grc' dir='ltr'>Ἀλλ’</span> <span class='ocrx_word' id='word_1_665' title='bbox 1584 5014 1724 5067; x_wconf 85' lang='grc' dir='ltr'>ὅπου</span> 
     </span>
    </p>
   </div>
   <div class='ocr_carea' id='block_1_91' title="bbox 163 5082 1723 5176">
    <p class='ocr_par' dir='ltr' id='par_1_91' title="bbox 163 5082 1723 5176">
     <span class='ocr_line' id='line_1_92' title="bbox 163 5082 1723 5176; baseline 0.01 -32"><span class='ocrx_word' id='word_1_666' title='bbox 163 5090 308 5146; x_wconf 84' lang='grc' dir='ltr'>δοκεῖ</span> <span class='ocrx_word' id='word_1_667' title='bbox 335 5092 501 5147; x_wconf 82' lang='grc' dir='ltr'>καλὸν</span> <span class='ocrx_word' id='word_1_668' title='bbox 527 5089 669 5148; x_wconf 75' lang='grc' dir='ltr'>εἶναι</span> <span class='ocrx_word' id='word_1_669' title='bbox 700 5095 763 5150; x_wconf 84' lang='grc' dir='ltr'>τὸ</span> <span class='ocrx_word' id='word_1_670' title='bbox 792 5082 1048 5171; x_wconf 82' lang='grc' dir='ltr'>πρᾶγμα,</span> <span class='ocrx_word' id='word_1_671' title='bbox 1096 5102 1212 5156; x_wconf 79' lang='grc' dir='ltr'>ἐκεῖ</span> <span class='ocrx_word' id='word_1_672' title='bbox 1256 5102 1428 5168; x_wconf 83' lang='grc' dir='ltr'>δεῖξον</span> <span class='ocrx_word' id='word_1_673' title='bbox 1488 5104 1588 5176; x_wconf 88' lang='grc' dir='ltr'>τὴν</span> <span class='ocrx_word' id='word_1_674' title='bbox 1618 5106 1723 5159; x_wconf 87' lang='grc' dir='ltr'><strong>ὑπ-</strong></span> 
     </span>
    </p>
   </div>
   <div class='ocr_carea' id='block_1_92' title="bbox 164 5186 1721 5269">
    <p class='ocr_par' dir='ltr' id='par_1_92' title="bbox 164 5186 1721 5269">
     <span class='ocr_line' id='line_1_93' title="bbox 164 5186 1721 5269; baseline 0.01 -32"><span class='ocrx_word' id='word_1_675' title='bbox 164 5186 331 5259; x_wconf 80' lang='grc' dir='ltr'>ακοὴν</span> <span class='ocrx_word' id='word_1_676' title='bbox 359 5189 474 5251; x_wconf 79' lang='grc' dir='ltr'>τοῖς</span> <span class='ocrx_word' id='word_1_677' title='bbox 497 5186 778 5257; x_wconf 70' lang='grc' dir='ltr'>ἀδελφοῖς*</span> <span class='ocrx_word' id='word_1_678' title='bbox 808 5192 944 5246; x_wconf 82' lang='grc' dir='ltr'>ὅπου</span> <span class='ocrx_word' id='word_1_679' title='bbox 971 5193 1028 5247; x_wconf 82' lang='grc' dir='ltr'>δὲ</span> <span class='ocrx_word' id='word_1_680' title='bbox 1080 5195 1319 5260; x_wconf 78' lang='grc' dir='ltr'>διστάζει</span> <span class='ocrx_word' id='word_1_681' title='bbox 1368 5197 1399 5249; x_wconf 87' lang='grc' dir='ltr'><strong>ὁ</strong></span> <span class='ocrx_word' id='word_1_682' title='bbox 1440 5195 1721 5269; x_wconf 78' lang='grc' dir='ltr'>λογισμὸς,</span> 
     </span>
    </p>
   </div>
   <div class='ocr_carea' id='block_1_93' title="bbox 164 5273 1719 5362">
    <p class='ocr_par' dir='ltr' id='par_1_93' title="bbox 164 5273 1719 5362">
     <span class='ocr_line' id='line_1_94' title="bbox 164 5273 1719 5362; baseline 0.009 -31"><span class='ocrx_word' id='word_1_683' title='bbox 164 5278 359 5349; x_wconf 72' lang='grc' dir='ltr'>ῆῦπὲρ</span> <span class='ocrx_word' id='word_1_684' title='bbox 406 5273 509 5353; x_wconf 74' lang='grc' dir='ltr'>τὴν</span> <span class='ocrx_word' id='word_1_685' title='bbox 558 5280 789 5352; x_wconf 74' lang='grc' dir='ltr'>δύναμιν</span> <span class='ocrx_word' id='word_1_686' title='bbox 843 5283 937 5339; x_wconf 84' lang='grc' dir='ltr'>σού</span> <span class='ocrx_word' id='word_1_687' title='bbox 986 5289 1158 5362; x_wconf 76' lang='grc' dir='ltr'>ἐστιν,</span> <span class='ocrx_word' id='word_1_688' title='bbox 1201 5289 1235 5360; x_wconf 77' lang='grc' dir='ltr'>ἢ</span> <span class='ocrx_word' id='word_1_689' title='bbox 1296 5288 1417 5359; x_wconf 78' lang='grc' dir='ltr'>ἔχον</span> <span class='ocrx_word' id='word_1_690' title='bbox 1473 5289 1679 5361; x_wconf 80' lang='grc' dir='ltr'>βλάόην</span> <span class='ocrx_word' id='word_1_691' title='bbox 1702 5334 1719 5362; x_wconf 84' lang='grc'><strong>,</strong></span> 
     </span>
    </p>
   </div>
   <div class='ocr_carea' id='block_1_94' title="bbox 165 5361 1719 5455">
    <p class='ocr_par' dir='ltr' id='par_1_94' title="bbox 165 5361 1719 5455">
     <span class='ocr_line' id='line_1_95' title="bbox 165 5361 1719 5455; baseline 0.012 -31"><span class='ocrx_word' id='word_1_692' title='bbox 165 5370 359 5426; x_wconf 77' lang='grc' dir='ltr'>άνάθου</span> <span class='ocrx_word' id='word_1_693' title='bbox 383 5373 462 5445; x_wconf 76' lang='grc' dir='ltr'>τῷ</span> <span class='ocrx_word' id='word_1_694' title='bbox 494 5375 637 5447; x_wconf 77' lang='grc' dir='ltr'>ἀὸὅᾴ</span> <span class='ocrx_word' id='word_1_695' title='bbox 669 5391 788 5442; x_wconf 83' lang='grc' dir='ltr'>σου,</span> <span class='ocrx_word' id='word_1_696' title='bbox 821 5379 917 5431; x_wconf 77' lang='grc' dir='ltr'>καὶ</span> <span class='ocrx_word' id='word_1_697' title='bbox 942 5379 971 5433; x_wconf 82' lang='grc' dir='ltr'><strong>ὅ</strong></span> <span class='ocrx_word' id='word_1_698' title='bbox 999 5361 1287 5454; x_wconf 61' lang='grc' dir='ltr'>διακρίνει,</span> <span class='ocrx_word' id='word_1_699' title='bbox 1334 5384 1583 5455; x_wconf 83' lang='grc' dir='ltr'>ποίησον.</span> <span class='ocrx_word' id='word_1_700' title='bbox 1609 5389 1719 5443; x_wconf 80' lang='grc' dir='ltr'><strong>Αὐ-</strong></span> 
     </span>
    </p>
   </div>
   <div class='ocr_carea' id='block_1_95' title="bbox 164 5461 1719 5552">
    <p class='ocr_par' dir='ltr' id='par_1_95' title="bbox 164 5461 1719 5552">
     <span class='ocr_line' id='line_1_96' title="bbox 164 5461 1719 5552; baseline 0.013 -37"><span class='ocrx_word' id='word_1_701' title='bbox 164 5461 251 5526; x_wconf 68' lang='grc' dir='ltr'><strong>τὸς</strong></span> <span class='ocrx_word' id='word_1_702' title='bbox 274 5464 385 5536; x_wconf 79' lang='grc' dir='ltr'><strong>γάρ</strong></span> <span class='ocrx_word' id='word_1_703' title='bbox 406 5462 513 5521; x_wconf 77' lang='grc' dir='ltr'>οἶδε</span> <span class='ocrx_word' id='word_1_704' title='bbox 539 5467 592 5521; x_wconf 86' lang='grc' dir='ltr'><strong>τί</strong></span> <span class='ocrx_word' id='word_1_705' title='bbox 623 5468 789 5536; x_wconf 80' lang='grc' dir='ltr'>ποιεῖ,</span> <span class='ocrx_word' id='word_1_706' title='bbox 822 5469 920 5523; x_wconf 82' lang='grc' dir='ltr'>καὶ</span> <span class='ocrx_word' id='word_1_707' title='bbox 978 5472 1095 5541; x_wconf 87' lang='grc' dir='ltr'><strong>πῶς</strong></span> <span class='ocrx_word' id='word_1_708' title='bbox 1144 5474 1419 5547; x_wconf 79' lang='grc' dir='ltr'>φροντίζει</span> <span class='ocrx_word' id='word_1_709' title='bbox 1474 5494 1569 5531; x_wconf 86' lang='grc' dir='ltr'><strong>σου</strong></span> <span class='ocrx_word' id='word_1_710' title='bbox 1614 5479 1719 5552; x_wconf 81' lang='grc' dir='ltr'>τῆς</span> 
     </span>
    </p>
   </div>
   <div class='ocr_carea' id='block_1_96' title="bbox 234 5639 648 5710">
    <p class='ocr_par' dir='ltr' id='par_1_96' title="bbox 234 5639 648 5710">
     <span class='ocr_line' id='line_1_97' title="bbox 234 5639 648 5710; baseline 0.007 -12"><span class='ocrx_word' id='word_1_711' title='bbox 234 5639 430 5705; x_wconf 73' lang='lat' dir='ltr'><strong>EJoan.</strong></span> <span class='ocrx_word' id='word_1_712' title='bbox 458 5662 474 5693; x_wconf 60' lang='grc' dir='ltr'><strong>ι</strong></span> <span class='ocrx_word' id='word_1_713' title='bbox 493 5659 531 5710; x_wconf 87' lang='grc' dir='ltr'><strong>ι,</strong></span> <span class='ocrx_word' id='word_1_714' title='bbox 560 5645 648 5701; x_wconf 82' lang='lat'><strong>38.</strong></span> 
     </span>
    </p>
   </div>
   <div class='ocr_carea' id='block_1_97' title="bbox 1831 4733 3399 4809">
    <p class='ocr_par' dir='ltr' id='par_1_97' title="bbox 1831 4733 3399 4809">
     <span class='ocr_line' id='line_1_98' title="bbox 1831 4733 3399 4809; baseline -0.004 -15"><span class='ocrx_word' id='word_1_715' title='bbox 1831 4738 2047 4809; x_wconf 79' lang='lat' dir='ltr'><strong>negotio</strong></span> <span class='ocrx_word' id='word_1_716' title='bbox 2077 4737 2453 4807; x_wconf 75' lang='lat' dir='ltr'><strong>coniunctum,</strong></span> <span class='ocrx_word' id='word_1_717' title='bbox 2514 4742 2609 4788; x_wconf 89' lang='lat' dir='ltr'><strong>aut</strong></span> <span class='ocrx_word' id='word_1_718' title='bbox 2645 4735 2790 4804; x_wconf 88' lang='lat' dir='ltr'><strong>quod</strong></span> <span class='ocrx_word' id='word_1_719' title='bbox 2812 4737 3037 4791; x_wconf 85' lang='lat' dir='ltr'><strong>excedat</strong></span> <span class='ocrx_word' id='word_1_720' title='bbox 3074 4742 3193 4789; x_wconf 88' lang='lat' dir='ltr'><strong>tuas</strong></span> <span class='ocrx_word' id='word_1_721' title='bbox 3220 4733 3399 4800; x_wconf 89' lang='lat' dir='ltr'><strong>vires;</strong></span> 
     </span>
    </p>
   </div>
   <div class='ocr_carea' id='block_1_98' title="bbox 1828 4824 3399 4897">
    <p class='ocr_par' dir='ltr' id='par_1_98' title="bbox 1828 4824 3399 4897">
     <span class='ocr_line' id='line_1_99' title="bbox 1828 4824 3399 4897; baseline -0.005 -11"><span class='ocrx_word' id='word_1_722' title='bbox 1828 4844 2049 4887; x_wconf 86' lang='lat' dir='ltr'><strong>rursum</strong></span> <span class='ocrx_word' id='word_1_723' title='bbox 2081 4829 2329 4884; x_wconf 87' lang='lat' dir='ltr'><strong>abbatem</strong></span> <span class='ocrx_word' id='word_1_724' title='bbox 2362 4836 2513 4881; x_wconf 92' lang='lat' dir='ltr'><strong>tuum</strong></span> <span class='ocrx_word' id='word_1_725' title='bbox 2555 4826 2853 4897; x_wconf 82' lang='lat' dir='ltr'><strong>interroga,</strong></span> <span class='ocrx_word' id='word_1_726' title='bbox 2884 4836 2935 4883; x_wconf 92' lang='lat' dir='ltr'><strong>et</strong></span> <span class='ocrx_word' id='word_1_727' title='bbox 2963 4840 3083 4895; x_wconf 65' lang='lat' dir='ltr'><strong>qua:</strong></span> <span class='ocrx_word' id='word_1_728' title='bbox 3118 4824 3250 4879; x_wconf 87' lang='lat' dir='ltr'><strong>dicit</strong></span> <span class='ocrx_word' id='word_1_729' title='bbox 3276 4824 3399 4890; x_wconf 88' lang='lat' dir='ltr'><strong>tibi,</strong></span> 
     </span>
    </p>
   </div>
   <div class='ocr_carea' id='block_1_99' title="bbox 1826 4901 3395 4981">
    <p class='ocr_par' dir='ltr' id='par_1_99' title="bbox 1826 4901 3395 4981">
     <span class='ocr_line' id='line_1_100' title="bbox 1826 4901 3395 4981; baseline -0.003 -4"><span class='ocrx_word' id='word_1_730' title='bbox 1826 4922 1968 4979; x_wconf 80' lang='lat' dir='ltr'><strong>fac:</strong></span> <span class='ocrx_word' id='word_1_731' title='bbox 2020 4921 2066 4978; x_wconf 92' lang='lat' dir='ltr'><strong>si</strong></span> <span class='ocrx_word' id='word_1_732' title='bbox 2130 4921 2272 4976; x_wconf 90' lang='lat' dir='ltr'><strong>enim</strong></span> <span class='ocrx_word' id='word_1_733' title='bbox 2322 4917 2457 4972; x_wconf 87' lang='lat' dir='ltr'><strong>velis</strong></span> <span class='ocrx_word' id='word_1_734' title='bbox 2518 4930 2627 4971; x_wconf 89' lang='lat' dir='ltr'><strong>non</strong></span> <span class='ocrx_word' id='word_1_735' title='bbox 2675 4918 2850 4973; x_wconf 87' lang='lat' dir='ltr'><strong>solum</strong></span> <span class='ocrx_word' id='word_1_736' title='bbox 2903 4931 3010 4981; x_wconf 85' lang='lat' dir='ltr'><strong>res,</strong></span> <span class='ocrx_word' id='word_1_737' title='bbox 3073 4915 3167 4971; x_wconf 88' lang='lat' dir='ltr'><strong>sed</strong></span> <span class='ocrx_word' id='word_1_738' title='bbox 3228 4901 3395 4973; x_wconf 77' lang='lat' dir='ltr'><strong>etiam</strong></span> 
     </span>
    </p>
   </div>
   <div class='ocr_carea' id='block_1_100' title="bbox 1826 5008 3397 5085">
    <p class='ocr_par' dir='ltr' id='par_1_100' title="bbox 1826 5008 3397 5085">
     <span class='ocr_line' id='line_1_101' title="bbox 1826 5008 3397 5085; baseline -0.005 -14"><span class='ocrx_word' id='word_1_739' title='bbox 1826 5016 2075 5082; x_wconf 77' lang='lat' dir='ltr'><strong>homines</strong></span> <span class='ocrx_word' id='word_1_740' title='bbox 2100 5014 2369 5085; x_wconf 88' lang='lat' dir='ltr'><strong>judicare,</strong></span> <span class='ocrx_word' id='word_1_741' title='bbox 2422 5010 2831 5066; x_wconf 85' lang='lat' dir='ltr'><strong>tribulationem</strong></span> <span class='ocrx_word' id='word_1_742' title='bbox 2865 5008 2958 5061; x_wconf 89' lang='lat' dir='ltr'><strong>tibi</strong></span> <span class='ocrx_word' id='word_1_743' title='bbox 2991 5008 3093 5079; x_wconf 91' lang='lat' dir='ltr'><strong>ipsi</strong></span> <span class='ocrx_word' id='word_1_744' title='bbox 3123 5022 3397 5065; x_wconf 85' lang='lat' dir='ltr'><strong>accerses.</strong></span> 
     </span>
    </p>
   </div>
   <div class='ocr_carea' id='block_1_101' title="bbox 1828 5099 3397 5170">
    <p class='ocr_par' dir='ltr' id='par_1_101' title="bbox 1828 5099 3397 5170">
     <span class='ocr_line' id='line_1_102' title="bbox 1828 5099 3397 5170; baseline -0.006 -5"><span class='ocrx_word' id='word_1_745' title='bbox 1828 5106 1935 5165; x_wconf 84' lang='lat' dir='ltr'><strong>Sed</strong></span> <span class='ocrx_word' id='word_1_746' title='bbox 1966 5107 2055 5161; x_wconf 89' lang='lat' dir='ltr'><strong>ubi</strong></span> <span class='ocrx_word' id='word_1_747' title='bbox 2080 5103 2346 5159; x_wconf 86' lang='lat' dir='ltr'><strong>videbitur</strong></span> <span class='ocrx_word' id='word_1_748' title='bbox 2363 5102 2567 5157; x_wconf 91' lang='lat' dir='ltr'><strong>bonum</strong></span> <span class='ocrx_word' id='word_1_749' title='bbox 2597 5118 2717 5158; x_wconf 87' lang='lat' dir='ltr'><strong>esse</strong></span> <span class='ocrx_word' id='word_1_750' title='bbox 2744 5099 3039 5170; x_wconf 84' lang='lat' dir='ltr'><strong>negotium,</strong></span> <span class='ocrx_word' id='word_1_751' title='bbox 3071 5099 3144 5153; x_wconf 88' lang='lat' dir='ltr'><strong>ibi</strong></span> <span class='ocrx_word' id='word_1_752' title='bbox 3172 5102 3397 5155; x_wconf 87' lang='lat' dir='ltr'><strong>ostende</strong></span> 
     </span>
    </p>
   </div>
   <div class='ocr_carea' id='block_1_102' title="bbox 1831 5193 3395 5264">
    <p class='ocr_par' dir='ltr' id='par_1_102' title="bbox 1831 5193 3395 5264">
     <span class='ocr_line' id='line_1_103' title="bbox 1831 5193 3395 5264; baseline -0.004 -7"><span class='ocrx_word' id='word_1_753' title='bbox 1831 5198 2194 5256; x_wconf 85' lang='lat' dir='ltr'><strong>obedientiam</strong></span> <span class='ocrx_word' id='word_1_754' title='bbox 2240 5195 2504 5253; x_wconf 82' lang='lat' dir='ltr'><strong>fratribus</strong></span> <span class='ocrx_word' id='word_1_755' title='bbox 2553 5197 2683 5253; x_wconf 91' lang='lat' dir='ltr'><strong>tuis.</strong></span> <span class='ocrx_word' id='word_1_756' title='bbox 2744 5193 2847 5248; x_wconf 90' lang='lat' dir='ltr'><strong>Sed</strong></span> <span class='ocrx_word' id='word_1_757' title='bbox 2885 5194 2977 5247; x_wconf 90' lang='lat' dir='ltr'><strong>ubi</strong></span> <span class='ocrx_word' id='word_1_758' title='bbox 3016 5194 3272 5264; x_wconf 81' lang='lat' dir='ltr'><strong>cogitatio</strong></span> <span class='ocrx_word' id='word_1_759' title='bbox 3302 5204 3395 5251; x_wconf 88' lang='lat' dir='ltr'><strong>tua</strong></span> 
     </span>
    </p>
   </div>
   <div class='ocr_carea' id='block_1_103' title="bbox 1828 5284 3391 5355">
    <p class='ocr_par' dir='ltr' id='par_1_103' title="bbox 1828 5284 3391 5355">
     <span class='ocr_line' id='line_1_104' title="bbox 1828 5284 3391 5355; baseline -0.007 -3"><span class='ocrx_word' id='word_1_760' title='bbox 1828 5291 2170 5355; x_wconf 87' lang='lat' dir='ltr'><strong>distrahitur,</strong></span> <span class='ocrx_word' id='word_1_761' title='bbox 2216 5297 2311 5343; x_wconf 89' lang='lat' dir='ltr'><strong>aut</strong></span> <span class='ocrx_word' id='word_1_762' title='bbox 2351 5290 2495 5346; x_wconf 88' lang='lat' dir='ltr'><strong>vires</strong></span> <span class='ocrx_word' id='word_1_763' title='bbox 2554 5300 2699 5344; x_wconf 74' lang='lat' dir='ltr'><strong>tuas-</strong></span> <span class='ocrx_word' id='word_1_764' title='bbox 2726 5284 2961 5349; x_wconf 84' lang='lat' dir='ltr'><strong>excedit,</strong></span> <span class='ocrx_word' id='word_1_765' title='bbox 3004 5296 3100 5340; x_wconf 90' lang='lat' dir='ltr'><strong>aut</strong></span> <span class='ocrx_word' id='word_1_766' title='bbox 3130 5286 3391 5341; x_wconf 89' lang='lat' dir='ltr'><strong>damnum</strong></span> 
     </span>
    </p>
   </div>
   <div class='ocr_carea' id='block_1_104' title="bbox 1827 5378 3394 5452">
    <p class='ocr_par' dir='ltr' id='par_1_104' title="bbox 1827 5378 3394 5452">
     <span class='ocr_line' id='line_1_105' title="bbox 1827 5378 3394 5452; baseline -0.01 -7"><span class='ocrx_word' id='word_1_767' title='bbox 1827 5389 1999 5452; x_wconf 79' lang='lat' dir='ltr'><strong>atlert,</strong></span> <span class='ocrx_word' id='word_1_768' title='bbox 2030 5383 2371 5441; x_wconf 88' lang='lat' dir='ltr'><strong>communica</strong></span> <span class='ocrx_word' id='word_1_769' title='bbox 2406 5399 2531 5440; x_wconf 90' lang='lat' dir='ltr'><strong>cum</strong></span> <span class='ocrx_word' id='word_1_770' title='bbox 2554 5382 2747 5439; x_wconf 82' lang='lat' dir='ltr'><strong>abbate</strong></span> <span class='ocrx_word' id='word_1_771' title='bbox 2777 5386 2893 5445; x_wconf 89' lang='lat' dir='ltr'><strong>tuo,</strong></span> <span class='ocrx_word' id='word_1_772' title='bbox 2934 5389 2987 5435; x_wconf 92' lang='lat' dir='ltr'><strong>et</strong></span> <span class='ocrx_word' id='word_1_773' title='bbox 3018 5380 3162 5451; x_wconf 92' lang='lat' dir='ltr'><strong>quod</strong></span> <span class='ocrx_word' id='word_1_774' title='bbox 3195 5378 3394 5450; x_wconf 87' lang='lat' dir='ltr'><strong>dijudi-</strong></span> 
     </span>
    </p>
   </div>
   <div class='ocr_carea' id='block_1_105' title="bbox 1829 5465 3389 5551">
    <p class='ocr_par' dir='ltr' id='par_1_105' title="bbox 1829 5465 3389 5551">
     <span class='ocr_line' id='line_1_106' title="bbox 1829 5465 3389 5551; baseline -0.012 -11"><span class='ocrx_word' id='word_1_775' title='bbox 1829 5482 1993 5549; x_wconf 90' lang='lat' dir='ltr'><strong>cabit,</strong></span> <span class='ocrx_word' id='word_1_776' title='bbox 2038 5478 2224 5536; x_wconf 82' lang='lat' dir='ltr'><strong>facito.</strong></span> <span class='ocrx_word' id='word_1_777' title='bbox 2282 5476 2404 5551; x_wconf 82' lang='lat' dir='ltr'><strong>Ipse</strong></span> <span class='ocrx_word' id='word_1_778' title='bbox 2429 5477 2576 5535; x_wconf 89' lang='lat' dir='ltr'><strong>enim</strong></span> <span class='ocrx_word' id='word_1_779' title='bbox 2604 5474 2707 5533; x_wconf 87' lang='lat' dir='ltr'><strong>scit</strong></span> <span class='ocrx_word' id='word_1_780' title='bbox 2762 5466 2895 5544; x_wconf 86' lang='lat' dir='ltr'><strong>quid</strong></span> <span class='ocrx_word' id='word_1_781' title='bbox 2921 5470 3103 5541; x_wconf 80' lang='lat' dir='ltr'><strong>faciat,</strong></span> <span class='ocrx_word' id='word_1_782' title='bbox 3149 5480 3205 5529; x_wconf 88' lang='lat' dir='ltr'><strong>et</strong></span> <span class='ocrx_word' id='word_1_783' title='bbox 3259 5465 3389 5539; x_wconf 84' lang='lat' dir='ltr'><strong>quid</strong></span> 
     </span>
    </p>
   </div>
   <div class='ocr_carea' id='block_1_106' title="bbox 1442 5774 2135 5854">
    <p class='ocr_par' dir='ltr' id='par_1_106' title="bbox 1442 5774 2135 5854">
     <span class='ocr_line' id='line_1_107' title="bbox 1442 5774 2135 5854; baseline 0.006 -4"><span class='ocrx_word' id='word_1_784' title='bbox 1442 5795 1677 5853; x_wconf 67' lang='lat' dir='ltr'><strong>VARUS</strong></span> <span class='ocrx_word' id='word_1_785' title='bbox 1704 5774 2135 5854; x_wconf 43' lang='lat' dir='ltr'><strong>LECTIONES.</strong></span> 
     </span>
    </p>
   </div>
   <div class='ocr_carea' id='block_1_107' title="bbox 241 5918 854 5983">
    <p class='ocr_par' dir='ltr' id='par_1_107' title="bbox 241 5918 854 5983">
     <span class='ocr_line' id='line_1_108' title="bbox 241 5918 854 5983; baseline 0.01 -8"><span class='ocrx_word' id='word_1_786' title='bbox 241 5918 283 5951; x_wconf 75' lang='grc'><strong>’⁸</strong></span> <span class='ocrx_word' id='word_1_787' title='bbox 306 5920 512 5978; x_wconf 78' lang='lat' dir='ltr'><strong>Dictum</strong></span> <span class='ocrx_word' id='word_1_788' title='bbox 560 5918 854 5983; x_wconf 84' lang='lat' dir='ltr'><strong>Platonice.</strong></span> 
     </span>
    </p>
   </div>
  </div>
