4020 6340
185 441 310 505 1821

1456 445 1830 505 DOCTRINA
1890 447 2078 505 XXII.

3223 381 3228 387 ’
3256 428 3390 490 18:22

180 578 269 613 σου
305 559 338 628 ή
373 559 551 629 χρεία,
601 556 694 611 καί
738 558 798 610 οὐ
838 558 1058 610 δύνασαι
1110 559 1328 612 καθίσαι
1375 560 1448 629 μὴ
1480 561 1724 629 τρώγων,

1828 569 1881 616 et
1907 578 2012 615 non
2052 568 2203 629 potes
2245 556 2433 611 sedere
2469 569 2575 608 non
2599 551 2907 615 comedens,
2938 564 3117 618 surge.
3158 546 3263 601 Sed
3300 562 3387 599 sc-

178 650 400 702 άνάστα·
430 647 490 700 τὸ
516 647 573 700 δὲ
598 647 816 701 καθίσαι
857 649 946 701 καὶ
988 651 1065 717 μὴ
1112 652 1324 714 φαγεῖν,
1358 652 1539 715 μεῖζον
1568 647 1727 721 αὐτοῦ

1832 652 1957 705 dere
2005 661 2195 703 etnon
2229 648 2531 710 comedere,
2584 644 2761 713 majus
2798 650 2899 696 est.
2969 640 3071 693 Sed
3127 639 3390 709 intingcre

180 741 310 790 ἐστι*
353 741 413 791 τὸ
441 738 497 791 δὲ
528 741 840 790 ἁπεκτεῖναι
885 738 943 790 τὸ
990 738 1198 807 βουκίον
1228 739 1271 771 ⁸⁷
1304 737 1395 791 σου
1430 742 1508 800 εἰς
1537 740 1634 793 ὅλα
1662 740 1728 791 τά

1831 744 2125 796 buccellam
2159 750 2306 795 tuam
2334 740 2389 793 in
2428 738 2613 792 omnia
2645 734 2898 797 obsonia,
2924 733 3006 785 liis
3036 730 3247 785 duobus
3274 743 3390 783 mi:-

178 829 374 900 ἑψητέι,
402 828 619 882 κάλλιον
649 830 755 882 τῶν
787 829 878 882 δύο
904 831 1071 882 ἐστίν.

759 964 1075 1031 Ἐρώτησις
1104 966 1167 1017 θ’.

244 1099 315 1152 Τί
338 1099 547 1168 ποιήσω
568 1097 647 1152 ὅτι
673 1096 938 1167 φοϐοῦμαι
964 1097 1058 1164 τὴν
1084 1095 1342 1165 αἰσχύνην
1368 1096 1465 1163 τῆς
1485 1094 1725 1164 ἀτιμίας,

180 1191 269 1242 καὶ
301 1191 380 1252 εἰς
410 1189 694 1259 συντυχίαν
723 1188 788 1241 δὲ
833 1187 897 1241 ἂν
930 1187 1151 1257 ἐμπέσω
1188 1188 1325 1255 μετά
1365 1203 1545 1249 τινων,
1588 1185 1728 1237 πάνυ

178 1282 408 1349 ἕλκομαι
450 1282 526 1342 εἰς
566 1279 751 1349 αὐτὴν,
795 1280 888 1332 καὶ
922 1277 1405 1347 αἰχμαλωτίζομαι,
1442 1276 1514 1338 ὡς
1547 1276 1728 1345 σχεδὸν

177 1371 621 1426 ἐπιλανθάνεσθαι
664 1370 920 1443 ἐμαυτοῦ,
961 1372 1047 1425 ἀεὶ
1081 1371 1137 1424 δὲ
1166 1371 1256 1424 καὶ
1292 1370 1367 1433 ὡς
1404 1368 1728 1439 αἰσχύνομαι

175 1463 389 1529 ἀφεῖναι
420 1461 615 1523 αὐτούς
636 1478 651 1528 ;
1097 1523 1103 1526 _
1664 1467 1669 1471 ’

837 1596 1186 1664 Ἀπόκρισις.

257 1734 383 1788 Ἐάν
421 1732 666 1805 συντείνῃ
712 1734 791 1797 είς
821 1733 1126 1802 οἰκοδομὴν,
1159 1733 1252 1786 καὶ
1290 1732 1348 1785 οὗ
1390 1732 1598 1799 γίνεται
1639 1733 1729 1785 ὲκ-

176 1826 318 1896 κοπὴ
349 1824 769 1894 ἀναγκαιοτέρου
797 1823 1139 1894 πράγματος,
1177 1823 1330 1892 στῆθι
1372 1823 1476 1884 ἕως
1524 1817 1583 1876 οῦ
1615 1825 1728 1877 δια-

1831 834 1937 890 lius
1966 846 2065 888 est.

2402 956 2754 1028 Interrogatio
2784 954 2836 1009 9.

1897 1102 2035 1170 Quid
2072 1101 2288 1162 faciam,
2343 1098 2466 1169 quia
2510 1096 2669 1149 timeo
2710 1092 2970 1162 pudorem
3006 1086 3386 1155 contemptus?

1827 1204 1880 1248 ct
1930 1195 1973 1247 si
2027 1197 2242 1263 quando
2292 1206 2416 1245 cum
2482 1187 2756 1257 aliquibus
2818 1197 3145 1253 congressus
3203 1179 3380 1241 fuero,

1829 1300 2050 1353 prorsus
2102 1283 2278 1337 incido
2336 1282 2540 1334 incum
2578 1286 2631 1331 et
2658 1276 2903 1345 captivus
2953 1273 3043 1336 lio,
3103 1280 3161 1325 ut
3216 1270 3384 1324 ferme

1828 1376 2116 1429 obliviscar
2167 1374 2268 1428 mei
2301 1370 2494 1442 ipsius,
2542 1379 2596 1423 et
2629 1378 2803 1422 tamen
2837 1380 3028 1421 vereor
3058 1379 3153 1419 eos
3196 1360 3382 1417 diruit-

1830 1474 1939 1519 tere
1955 1465 1976 1516 ?
2131 1468 2134 1469 ⁷

2458 1591 2756 1659 Responsio.

1872 1729 1955 1789 .Si
1983 1730 2047 1783 ad
2070 1728 2477 1783 aediﬁcationem
2517 1725 2644 1781 facit
2682 1733 2736 1779 et
2766 1737 2871 1778 non
2907 1719 3193 1787 impeditur
3214 1717 3385 1784 magis

1829 1820 2192 1901 necessarium
2268 1816 2541 1887 negotium
2570 1858 2582 1881 ,
2637 1828 2796 1868 mane
2841 1809 3084 1882 quandiu
3118 1804 3386 1901 colloqui-

174 1895 409 1985 λέγεταιο
457 1916 505 1968 εί
534 1914 591 1967 δὲ
636 1914 888 1985 ἀνόνητός
940 1917 1104 1979 ἐστιν,
1157 1916 1295 1967 εἰπέ*
1349 1914 1723 1985 Συγχώρησον,

1828 1920 1940 1962 tur:
1978 1908 2020 1962 si
2054 1895 2179 1961 vero
2206 1905 2519 1974 imprudens
2574 1914 2655 1957 est
2714 1902 3043 1971 colloquium
3067 1941 3081 1963 ,
3113 1898 3199 1951 dic
3228 1914 3239 1948 :
3300 1895 3386 1945 Di-

174 2008 284 2077 ὲγὼ
337 2008 475 2071 τέως
515 2008 747 2078 ἀσθενής
790 2009 921 2077 εἰμι.
959 2009 1092 2077 Περὶ
1133 2008 1187 2059 δὲ
1223 2007 1317 2074 τῆς
1348 2009 1606 2077 αἰσχύνης
1643 2010 1729 2061 ὲν-

175 2099 284 2152 νόει
314 2096 697 2170 στεροπᾶνδημον
719 2099 809 2177 ἐπὶ
838 2097 930 2151 τοῦ
964 2098 1164 2168 Κυρίου
1192 2098 1486 2168 μέλλουσαν
1512 2101 1729 2155 ἔσεσθαι

173 2192 285 2254 τοῖς
327 2189 687 2264 ἁμαρτωλοῖς,
733 2192 826 2244 καὶ
864 2192 963 2262 τὴν
1006 2192 1481 2264 πρόσκαιρονάντ’
1521 2194 1729 2257 οὐδενὸς

171 2284 401 2355 ἥγησαι.

672 2415 1079 2469 ΔΙΔΑΣΚΑΛΙΑ
1111 2417 1238 2469 KB'.

175 2529 289 2585 Τοῦ
310 2529 498 2585 αὑτοῦ
516 2530 686 2598 ἁγίου
707 2529 1017 2596 Δωροθέου.
1038 2528 1317 2594 ἑρμηνεία
1332 2527 1511 2581 τινῶν
1528 2526 1727 2596 ῥητῶν

240 2602 352 2656 τοῦ
376 2594 933 2669 ἁγίουΤρηγορΙου,
972 2599 1375 2669 *ψαλιῑομένων
1406 2594 1556 2668 μετὰ
1598 2594 1725 2667 τρο-

236 2666 470 2738 παρίών
499 2671 585 2734 είς
610 2666 674 2721 τὸ
704 2669 876 2737 ἅγιον·
896 2666 1128 2735 Πάσχα.

238 2787 321 2838 A'.
369 2782 568 2848 Ἡδέως
601 2782 820 2836 ἐλάλουν
866 2783 995 2853 ὑμῖν
1034 2781 1187 2849 ὀλίγα
1212 2782 1337 2853 περὶ
1366 2781 1471 2834 τῶν
1498 2779 1725 2851 ψαλμῶν

170 2867 246 2930 ὃν
267 2873 566 2946 ψάλλομεν,
599 2875 686 2929 ἵνα
717 2874 790 2945 μὴ
822 2873 1355 2945 άπομετεωρίζεσθαι
1381 2875 1511 2944 πρὸς
1539 2874 1599 2926 τὸ
1627 2872 1724 2941 μὲ-

169 2966 281 3031 λος,
305 2966 424 3019 ἀλλ’
450 2967 536 3022 ἴνα
563 2968 659 3021 καὶ
686 2966 850 3029 αὐτὸς
881 2968 910 3020 6
940 2966 1059 3030 νοῦς
1089 2967 1240 3035 ὑμῶν
1273 2966 1411 3019 κατὰ
1442 2964 1726 3033 ἀναλογίαν

171 3055 605 3128 συμπιπύρωται
634 3060 701 3128 τῇ
730 3056 953 3128 δυνάμει
983 3058 1090 3126 τῶν
1119 3058 1309 3125 λόγων.
1334 3058 1397 3109 Τί
1426 3055 1726 3125 ὲψάλλομεν

169 3146 334 3217 άρτις
379 3144 748 3212 Ἀναστάσεως
793 3147 993 3219 ἠμίρω
1026 3149 1537 3217 καρποφορήσωμεν
1582 3148 1726 3215 ἡμᾶς

168 3238 388 3304 αὐτούς.
427 3239 641 3311 Ἐπειδὴ
668 3240 728 3293 τὸ
755 3233 980 3294 παλαιὸν
1008 3240 1056 3292 οἱ
1077 3240 1182 3291 uici
1216 3237 1424 3309 Ἰσραὴλ
1449 3239 1658 3306 ἑορταῖς
1690 3237 1723 3305 ἢ
1752 3263 1794 3319 C

167 3335 290 3397 ταῖς
320 3329 653 3401 πανηγύρεσι
694 3329 1027 3400 προσέφερον
1074 3327 1221 3399 δῶρα
1258 3326 1337 3397 τῷ
1369 3327 1555 3395 Κυρίῳ
1586 3324 1726 3377 κατά

169 3424 358 3494 νόμον,
376 3417 509 3486 οἷον,
532 3420 741 3487 θυσίας,
761 3419 1184 3499 ὁλοκαυτόματα,
1212 3417 1484 3486 ἀπαρχὰς,
1510 3417 1603 3468 καὶ
1627 3415 1725 3468 ὅσα

167 3515 417 3569 τοιαῦταο
449 3514 702 3584 παραινεί
730 3513 856 3581 ὑμῖν
890 3512 918 3563 ὀ
947 3510 1099 3587 ἅγιος
1136 3509 1429 3579 Γρηγόριος
1474 3506 1725 3575 ἑορτάσαι

116 3664 123 3670 _
168 3601 361 3674 ὧσπερ
386 3603 582 3655 ἐκεῖνοι
608 3599 687 3670 τῷ
714 3598 921 3669 Κυρίῳ,
952 3594 1041 3652 καὶ
1072 3597 1499 3669 παρακελεύεται
1532 3596 1721 3664 λέγων·

180 3693 557 3756 Ἀναστάσεως
581 3691 777 3761 ἡμιρω
824 3689 1083 3759 ἀντὶμτῆς
1124 3690 1283 3756 ἁγίας
1312 3687 1499 3757 ἑορτῆς
1529 3686 1725 3757 ἡμέρα,

168 3783 325 3847 θείας
364 3781 719 3852 πανηγύρεως
761 3780 959 3851 ἡμέρα,
1008 3780 1101 3832 τοῦ
1135 3780 1327 3848 Πάσχα
1368 3778 1461 3831 τοῦ
1492 3776 1725 3848 Χριστοῦ

166 3872 376 3944 ἡμέρα.
404 3871 472 3924 Τί
499 3873 614 3924 ἔστι
638 3870 829 3938 Πάσχα
850 3869 1083 3939 Χριστοῦ
1109 3886 1124 3933 ;
1156 3869 1230 3921 Τὸ
1260 3868 1437 3938 Φασὲχ
1468 3868 1726 3935 ἐποίησαν

170 3964 280 4016 υἱοὶ
312 3959 548 4032 Ἰσραὴλ,
582 3960 670 4013 ὅτε
700 3958 917 4028 ἐξῆλθον
945 3960 1008 4011 ὲκ
1031 3959 1131 4026 τῆς
1153 3960 1445 4029 Δίγύπτου·
1469 3960 1529 4013 τὸ
1554 3961 1610 4013 δὲ
1634 3961 1727 4014 νῦν

169 4053 367 4124 Πάσχα
407 4051 438 4104 ὃ
464 4044 827 4122 προτρέπεται
852 4050 1000 4120 ἡμᾶς
1042 4052 1072 4103 ὁ
1102 4048 1255 4117 ἅγιος
1286 4048 1581 4119 Γρηγόριος
1609 4052 1729 4122 top.

168 4145 359 4210 ⁸τάσιιι,
390 4144 426 4213 ἡ
622 4141 874 4207 ἐπιτελεῖ,
899 4142 932 4214 ἢ
958 4141 1233 4213 ἐξέρχεται
1269 4139 1375 4194 ἀπὸ
1404 4141 1504 4211 τῆς
1530 4141 1728 4210 νοητῆς

167 4235 471 4307 Αἰγύπτου,
507 4233 648 4289 τοῦτ’
681 4233 816 4298 ἐστι,
851 4233 947 4303 τῆς
986 4233 1274 4304 ἁμαρτίας.
1307 4232 1439 4285 Ὅτε
1466 4231 1579 4301 γάρ
1612 4231 1727 4285 δια-

171 4327 350 4381 ὕαίνει
375 4326 412 4397 ἡ
440 4323 582 4396 ψυχὴ
611 4323 718 4379 ἀπὸ
751 4322 850 4393 τῆς
874 4312 1145 4395 ἁμαρτίας
1191 4323 1325 4395 πρὸς
1362 4324 1461 4395 τὴν
1507 4322 1725 4395 ἀρετὴν,

168 4416 294 4471 τότε
331 4417 479 4470 ποιεῖ
504 4415 564 4469 τὸ
583 4414 758 4486 Φασὲχ
791 4413 871 4485 τῷ
911 4415 1122 4485 Κυρίῳ,
1152 4414 1228 4478 ὡς
1262 4413 1413 4469 εϊπεν
1442 4413 1724 4486 Εὖάγριοςι

174 4509 370 4577 Πάσχα
411 4505 637 4577 Κυρίου,
677 4504 921 4571 διάϐασις
962 4506 1069 4559 ἀπὸ
1101 4507 1316 4572 κακίας.
1362 4509 1606 4581 Σήμερον
1637 4502 1728 4561 οὗν

1827 1996 1977 2061 mitte
2034 2012 2138 2060 me,
2186 2010 2285 2065 ego
2321 1992 2602 2059 imbecillis
2648 2006 2789 2044 sum.
2842 1990 2915 2043 De
2939 1989 3143 2057 pudore
3178 1994 3378 2045 autem,

1827 2089 2001 2156 cogita
2033 2099 2375 2140 communem
2403 2084 2454 2137 in
2479 2082 2726 2143 Domino,
2759 2081 2851 2151 qui
2882 2080 2985 2145 erjt
3012 2079 3065 2130 in
3099 2071 3389 2145 peccatori-

1827 2180 1963 2234 bus:
1987 2188 2041 2233 et
2071 2177 2421 2247 temporalem
2454 2176 2604 2230 illum
2639 2182 2946 2229 contemne.

2340 2390 2683 2449 DOCTRINA
2716 2390 2881 2445 XXII.

1826 2510 2102 2575 Expositio
2132 2510 2360 2578 ejusdem
2404 2509 2572 2561 sancti
2607 2506 2851 2559 Dorothei
2890 2507 2944 2558 in
2966 2506 3204 2575 qumdam
3243 2506 3387 2578 dicta

1896 2582 2129 2649 Gregorii
2154 2576 2538 2635 Nazianzeni:
2564 2594 2710 2649 quin
2729 2586 2977 2629 cantatur
3020 2592 3108 2643 per
3148 2576 3385 2628 modulos

1895 2647 2145 2720 quosdam
2177 2652 2243 2703 ad
2279 2661 2517 2702 sanctum
2552 2647 2777 2700 Pascha.
2830 2710 2837 2715 _

1896 2763 1937 2818 I.
1988 2764 2132 2819 Libet
2159 2765 2310 2829 milii,
2345 2764 2560 2824 fratres,
2587 2777 2757 2833 pauca
2789 2760 3035 2831 quaedam
3068 2759 3133 2814 de
3156 2758 3386 2815 Psalmis

1826 2874 1932 2912 non
1962 2858 2223 2911 inutiliter
2269 2858 2425 2912 vobis
2454 2856 2666 2919 afferre,
2696 2864 2754 2910 ut
2784 2869 2891 2908 non
2923 2853 3044 2909 sitis
3086 2861 3291 2907 tantum
3321 2854 3388 2907 ad

1826 2960 2016 3005 cantus
2041 2951 2360 3005 suavitatem
2379 2947 2591 3011 intenti,
2620 2946 2713 3001 sed
2739 2956 2790 3001 et
2809 2948 2991 3002 omnis
3006 2938 3391 3016 mensquoque

1825 3055 2021 3107 vestra,
2059 3054 2117 3097 ut
2142 3058 2237 3113 par
2267 3051 2368 3107 est,
2402 3043 2694 3097 incalescat
2721 3042 2773 3095 in
2824 3042 3022 3095 virtute
3053 3056 3387 3097 sermonum.

1827 3136 1964 3201 Quid
2006 3137 2167 3205 igitur
2196 3135 2248 3190 id
2301 3135 2555 3207 estquod
2588 3149 2730 3189 nunc
2764 3134 3076 3205 psallimus?
3127 3132 3389 3189 Resurre-

1827 3227 2019 3280 ctionis
2053 3227 2213 3281 hodie
2261 3227 2377 3281 dies
2428 3238 2510 3283 est
2550 3246 2564 3283 :
2613 3224 2919 3282 Oii'eramus
2957 3242 3059 3282 nos
3098 3229 3247 3295 ipsos
3278 3228 3389 3296 pri-

1825 3318 2006 3371 mitias
2041 3316 2170 3371 Deo.
2227 3318 2694 3384 Quemadmodum
2719 3319 2860 3387 apud
2891 3318 3125 3385 majores
3168 3330 3387 3372 nostros

1825 3408 1919 3463 lilii
1946 3410 2107 3464 Israel
2139 3410 2191 3463 in
2224 3412 2659 3467 solemnitatibus
2687 3412 2771 3465 vel
2818 3410 3159 3480 panegyricis
3195 3409 3388 3465 oll‘ere-

1828 3503 1953 3557 bant
2008 3502 2151 3557 dona
2198 3501 2427 3559 Domino
2456 3503 2751 3557 secundum
2780 3502 2971 3571 legem,
3007 3510 3193 3572 utpote
3217 3502 3387 3557 sacri-

1826 3594 1965 3658 ﬁcia,
2007 3594 2341 3659 holocausta,
2413 3594 2679 3665 primitias
2727 3604 2780 3649 et
2831 3595 2934 3649 alia
2980 3594 3385 3663 hujuscemodi:

1827 3685 1901 3739 ita
1929 3701 2030 3741 nos
2061 3685 2243 3742 hodie.
2267 3687 2625 3742 admonemur
2661 3702 2692 3741 a
2734 3686 2892 3742 beato
2928 3686 3191 3757 Gregorio
3234 3688 3389 3756 juxta

1825 3793 2013 3833 eorum
2078 3794 2307 3845 morem,
2344 3780 2739 3835 solemnitatem
2798 3795 2957 3850 agere
3010 3778 3234 3833 Domino
3274 3798 3288 3834 :
3335 3789 3390 3833 ct

1826 3871 2120 3939 generatim
2178 3872 2433 3925 omnibus
2484 3870 2879 3926 solemnitatem
2916 3871 3148 3936 indicit,
3202 3879 3259 3924 et
3280 3869 3382 3933 ait:

1826 3959 2263 4017 Resurrectionis
2299 3961 2413 4016 dies
2440 3969 2542 4025 est,
2564 3960 2667 4014 hoc
2690 3970 2791 4024 est,
2821 3960 2935 4015 dies
2960 3968 3160 4014 sancta;
3185 3960 3387 4014 solem-

1826 4051 2032 4116 uitatis,
2072 4052 2189 4106 dies
2217 4049 2413 4106 divinae
2442 4050 2810 4115 mercationis,
2839 4051 2954 4105 dies
2988 4050 3230 4116 Pascha,
3270 4051 3385 4109 dies

1825 4138 2047 4197 Christi.
2094 4140 2234 4207 Quid
2266 4150 2349 4197 est
2382 4142 2577 4212 pascha
2606 4139 2849 4197 Christi?
2910 4140 3085 4197 Phase
3142 4142 3389 4199 fecerunt

1825 4230 1923 4285 ﬁlii
1945 4230 2131 4297 Israel,
2162 4247 2287 4288 cum
2312 4232 2519 4288 exirent
2548 4248 2615 4288 ex
2650 4231 2903 4306 Egypto.
2937 4233 3183 4291 Prmsens
3206 4246 3384 4291 autem

1827 4320 2040 4378 Pascha
2108 4324 2252 4395 quod
2323 4340 2426 4381 nos
2487 4325 2733 4380 hortatur
2804 4334 3024 4383 sanctus
3094 4326 3386 4397 Gregorius

1827 4414 2097 4471 celebrare
2122 4457 2138 4483 ,
2180 4416 2363 4472 anima
2416 4428 2563 4473 recte
2620 4416 2856 4487 celebrat
2908 4426 2965 4473 et
2999 4418 3228 4487 perlicit,
3262 4431 3384 4471 cum

1826 4508 2098 4578 egreditur
2120 4524 2150 4563 a
2166 4508 2581 4581 cogitationibus
2597 4505 2837 4578 Egypti,
2865 4509 2968 4566 hoc
2984 4520 3063 4566 est
3093 4524 3121 4563 a
3143 4517 3382 4577 peccato.

171 4597 368 4665 Πάσχα
388 4596 616 4666 Κυρίου,
642 4596 898 4668 λαμπρᾶς
926 4596 1115 4667 ἑορτῆς
1139 4598 1343 4668 ἡμέρα,
1370 4599 1470 4669 τῆς
1496 4599 1728 4671 Χριστοῦ

1834 4596 2059 4665 Quoties
2103 4600 2251 4656 enim
2305 4598 2606 4671 digreditur
2648 4600 2829 4655 anima
2877 4616 2905 4655 a
2936 4609 3155 4672 peqcato
3175 4598 3241 4653 ad
3272 4600 3385 4653 vir-

146 4686 527 4749 ’ἀναστάσεως
572 4688 777 4759 ἡμέρα,
814 4688 905 4743 τοῦ
942 4688 1040 4759 τὴν
1069 4689 1341 4759 ἁμαρτίαν
1378 4670 1728 4762 ἀνασταυριῖμ

1832 4697 2024 4757 tutem,
2079 4691 2238 4747 toties
2285 4689 2514 4745 Domino
2569 4688 2813 4746 celebrat
2842 4670 3032 4747 Phase'
3087 4692 3169 4759 (ut
3209 4689 3387 4745 aiebat

174 4793 395 4841 σαντος,
418 4773 513 4829 καὶ
544 4775 681 4847 ὑπὲρ
700 4777 855 4848 ἡμῶν
878 4776 1235 4841 ἀποθανόντος
1268 4778 1360 4831 καὶ
1379 4780 1725 4844 ἀναστάντος.

1832 4780 2143 4852 Evagrius).
2202 4778 2412 4836 Pascha
2446 4778 2661 4836 Domini
2690 4786 2909 4855 proprie
2944 4781 3211 4852 digressio
3240 4791 3322 4837 est
3352 4798 3384 4838 a
3448 4814 3461 4827 -

172 4867 637 4943 Προσενὲτκωμεν
654 4861 747 4921 οὖν
765 4869 860 4923 καὶ
876 4862 1035 4940 ἡμεῖς
1054 4868 1203 4942 δῶρα
1219 4867 1296 4939 τῷ
1312 4869 1498 4940 Κυρίῳ
1516 4868 1726 4935 θυσίας,

1832 4871 1996 4944 ιω
2020 4870 2183 4925 malo.
2216 4868 2387 4933 Hodie
2406 4871 2569 4941 igitur
2592 4872 2799 4930 Pascha
2839 4873 3050 4929 Domini
3079 4882 3182 4939 est,
3207 4874 3386 4944 splen-

173 4957 605 5021 dicamdicam,
650 4957 725 5027 μὴ
773 4958 979 5027 ἀλόγων
1032 4959 1185 5023 ζώων
1200 4999 1216 5025 ,
1267 4950 1340 5013 ὧν
1388 4960 1619 5029 Χριστὸς
1666 4961 1728 5014 οὐ

1834 4959 1973 5015 (lida:
1991 4958 2350 5014 solemnitatis
2385 4959 2522 5028 dies,
2569 4962 3002 5020 Resurrectionis
3020 4962 3222 5017 Christi
3244 4966 3384 5030 dies,

176 5049 454 5121 βούλεται*
499 5043 687 5099 θυσίαν
729 5044 838 5115 γὰρ
886 5046 979 5103 καὶ
1021 5048 1333 5120 προσφοράν
1379 5048 1587 5115 ἀλόγων
1631 5048 1728 5102 οὑκ

1828 5050 1919 5120 qui
1946 5057 2227 5117 peccatum
2279 5060 2527 5107 nostrum
2580 5054 2728 5110 cruci
2757 5053 2943 5116 alﬁxit,
2996 5062 3051 5108 et
3098 5069 3199 5123 pro
3229 5055 3388 5112 nobis

174 5139 432 5208 ἑθέλησε,
464 5136 560 5189 καὶ
603 5131 1020 5203 ὁλοκαυτώματα
1058 5136 1273 5207 μόσχων
1318 5137 1409 5189 καὶ
1450 5136 1728 5207 προϐάτων

1828 5151 2073 5195 mortuus
2098 5148 2247 5195 estet
2281 5145 2598 5200 resurrexit.
2630 5145 2930 5201 Oﬂ'eramus
2967 5144 3131 5216 igitur
3158 5145 3393 5202 Domino

175 5232 282 5299 ob);
318 5226 604 5295 σὺδόκησε.
655 5223 766 5278 Καὶ
794 5224 1019 5287 Ἥσαῖας
1058 5226 1224 5294 λέγει·
1276 5229 1337 5282 τι
1373 5246 1473 5297 μοι
1504 5228 1728 5296 πλῆθος

1828 5236 1882 5285 et
1933 5244 2036 5285 nos
2084 5230 2369 5297 sacriﬁcia,
2426 5234 2740 5291 holocausta
2776 5250 2885 5289 non
2930 5235 3384 5292 irr'atiouabiliuin

176 5317 298 5372 τῶν
319 5314 548 5370 θυσιῶν
568 5309 766 5383 ὖμῶνῖ
788 5310 947 5379 λέγει
970 5313 1198 5380 Κύριος,
1228 5317 1319 5370 καὶ
1349 5318 1415 5373 τά
1437 5318 1579 5387 ἑξῆς.
1598 5318 1728 5373 Ἀλλ’

1835 5321 2194 5386 animalium,
2250 5325 2429 5394 qualia
2489 5343 2595 5382 non
2650 5326 2851 5395 appetit
2913 5326 3145 5383 Deus‘a
3204 5328 3383 5383 nobis.

177 5408 309 5464 ἐπεὶ
334 5408 369 5465 ὁ
415 5406 607 5478 ’Δμνδς
630 5403 720 5458 τοῦ
745 5401 877 5470 Θεοῦ
898 5402 1060 5473 ἐτύθη
1096 5405 1235 5478 ὑπὲρ
1269 5408 1443 5479 ἡμῶν,
1478 5410 1617 5463 κατὰ
1641 5409 1728 5464 τὸν

1838 5410 2173 5467 Sacriﬁcium
2206 5415 2352 5470 enim
2386 5427 2439 5473 et
2490 5417 2817 5473 oblationem
2872 5418 3152 5475 brutorum
3212 5418 3386 5472 noluit

182 5498 510 5556 ’Δτοόστολον
526 5498 771 5570 λέγοντα·
789 5494 899 5550 Καὶ
921 5494 1030 5565 γὰρ
1055 5496 1121 5550 τὸ
1139 5498 1353 5569 Πάσχα
1376 5500 1728 5572 ἠμῶνέτύθη

1836 5502 2131 5572 Dominus,
2158 5514 2214 5579 et
2258 5506 2569 5565 holocausta
2600 5507 2889 5564 vitulorum
2927 5520 2983 5565 et
3040 5510 3221 5565 ovium
3274 5522 3384 5562 non

1445 5676 1677 5734 VARUE
1730 5675 2132 5742 LECTIONES.

258 5855 311 5892 δ’
335 5854 582 5910 Βουκίον.
617 5854 749 5913 Vide
774 5870 939 5927 supra
974 5861 1153 5911 notam
1181 5855 1247 5912 ad
1272 5852 1454 5911 Doctr.
1488 5854 1579 5924 XI,
1613 5856 1640 5927 ἐ
1665 5857 1717 5912 8.
