4020 6340
186 432 337 499 1825

1515 432 1892 495 DOCTRINA
1927 430 2118 495 XXII.

3283 441 3417 507 18526

182 568 309 623 χεν,
340 549 378 621 ἢ
404 548 741 622 περιουσίαν,
788 547 1055 604 κάκείνων
1102 545 1446 619 κατεφρόνει,
1478 546 1572 602 καὶ
1618 548 1752 619 ἄρας

1857 552 1911 600 et
1931 558 2169 599 amorem
2189 544 2477 614 praesentis
2510 546 2717 605 saeculi.
2746 546 2960 606 Certum
2981 560 3067 607 est
3086 560 3264 609 autem
3290 569 3421 625 quo-

180 642 284 697 τδν
317 640 571 712 σταυρὸν,
616 640 946 712 ἠκολούθησε
988 640 1066 711 τῷ
1097 639 1335 711 Χριστῷ,
1370 640 1462 719 καὶ
1504 639 1645 695 κατὰ
1670 639 1752 694 τό·

182 732 287 788 Ζῶ
308 732 397 797 δὲ,
436 734 549 787 οὐκ
584 732 673 787 ἔτι
695 731 827 801 ἐγὼ,
858 730 925 800 ζῇ
954 730 1021 783 δὲ
1044 732 1113 783 ἑν
1148 731 1275 799 ἐμοὶ
1316 732 1588 799 Χριστός.
1625 728 1753 783 Ἰδοὺ

179 823 365 889 οὕτως
387 823 841 896 ὲκαρποφόρησαν
863 824 1105 886 ἑαυτοὺς,
1138 824 1186 876 οἰ
1217 822 1360 892 άγιοι
1387 822 1755 893 νεκρώσαντες

178 913 443 980 ἑαυτοὺς,
488 911 564 976 ὡς
592 913 837 984 εἴπομεν,
870 912 976 965 άπὸ
1021 914 1202 983 πάσης
1240 913 1610 984 προσπαθείας
1660 914 1755 967 xci.

180 1004 328 1059 ἰδίου
355 1005 673 1078 θελήματος,
708 1008 800 1061 καὶ
824 1005 968 1077 μόνῳ
995 1006 1217 1077 Χριστῷ
1249 1008 1341 1061 καὶ
1366 1010 1487 1072 ταῖς
1517 1007 1754 1070 ἐντολαῖς

179 1097 668 1170 αὺτοῦ-ζήσαντες.
698 1096 883 1159 Οὕτως
915 1099 1008 1152 καὶ
1039 1102 1217 1169 ἡμεῖς’
1245 1101 1754 1172 καρποφορήσωμεν

177 1187 389 1252 αὐτοὺς
415 1190 582 1261 ἡμᾶς,
608 1188 685 1253 ὡς
724 1189 962 1244 διδάσκει
1006 1195 1034 1245 6
1076 1192 1230 1259 ἆγιος
1258 1192 1571 1264 Γρηγόριοςο
1608 1195 1755 1265 ἡμᾶς

177 1279 299 1351 γὰρ
325 1280 469 1335 θέλει
519 1280 580 1335 τὸ
622 1280 945 1352 τιμιώτατον
976 1283 1071 1337 τοῦ
1090 1283 1226 1338 Θεοῦ
1268 1286 1467 1355 κτῆμα.
1513 1285 1754 1358 Ἀληθῶς

124 1363 129 1367 ’
178 1370 410 1426 πάντων
444 1371 552 1427 τῶν
572 1373 865 1445 ὁρωμένων
893 1377 1205 1447 κτισμάτων
1229 1376 1555 1447 τιμιώτερον
1599 1380 1629 1433 6
1656 1380 1753 1434 άν-

177 1466 429 1541 θρωπος.
466 1469 676 1523 Ἐκεῖνα
718 1470 815 1539 μὲν
846 1472 954 1543 γὰρ
992 1472 1134 1542 λόγῳ
1162 1472 1482 1544 παρήγαγεν
1519 1475 1549 1527 6
1590 1472 1753 1545 δημι-

174 1561 405 1635 ουργὸς.
449 1560 638 1616 εἰπών’
674 1563 991 1634 Γενηθήτω
1039 1563 1193 1631 τόδε,
1230 1565 1329 1619 καί
1362 1565 1618 1634 ἐγένετο·
1658 1566 1752 1620 καὶ

174 1652 371 1706 πωιν·
420 1653 783 1727 Ἐξαγαγέτω
819 1658 858 1724 ἡ
904 1654 981 1726 τῆ
1032 1655 1172 1720 τόδε,
1218 1657 1316 1711 καὶ
1358 1658 1594 1729 ἐγένετο*
1633 1657 1746 1711 καί*

188 1745 559 1817 Ἐξαπιγέτω
587 1746 659 1801 τὰ
683 1746 888 1801 ὕδατα·
922 1748 1016 1801 καὶ
1043 1747 1143 1801 ὃσα
1162 1745 1404 1803 τοιαῦτα.
1444 1748 1549 1803 Τὸν
1575 1748 1633 1802 δὲ
1656 1747 1751 1802 άν-

176 1836 405 1911 ορωπον
446 1839 605 1902 ἰδίαις
635 1840 820 1909 χερσὶν
852 1839 1053 1894 ἔπλασε
1089 1840 1183 1894 καὶ
1214 1840 1614 1913 κατεκόσμησε,
1657 1842 1750 1895 καὶ

174 1929 366 1985 πάντα
409 1930 510 2002 μὲν
540 1932 721 1984 ἑκεῐνα
753 1932 831 1994 εἰς
857 1931 1155 2002 ὑπηρεσίαν
1186 1932 1278 1985 καὶ
1308 1931 1616 1986 ἀνάπαυσιν
1654 1933 1749 1986 τοῦ

173 2020 472 2095 ἀνθρώπου
504 2020 710 2088 ἔταξενθ
740 2022 899 2076 αὐτὸν
924 2022 980 2076 δὲ
1009 2023 1101 2076 καὶ
1134 2022 1359 2093 βασιλέα
1386 2024 1589 2079 τούτων
1614 2028 1750 2085 πάν-

172 2130 293 2168 των
317 2112 637 2184 κατέστησε,
665 2116 759 2169 καὶ
786 2118 884 2185 τῆς
906 2119 1117 2188 τρυφῆς
1144 2116 1237 2170 τοῦ
1264 2118 1591 2193 παραδείσου
1619 2122 1752 2175 άπο-

174 2204 371 2260 λαύειν
399 2204 643 2277 ἐποίησε.
680 2207 789 2261 Καὶ
815 2207 878 2261 τὸ
906 2207 1374 2281 θαυμασιώτερον,
1411 2213 1493 2266 ὅτι
1535 2215 1630 2267 καὶ
1655 2215 1749 2267 ὲκ-

173 2298 443 2364 ·ιτεσόντος
484 2298 649 2355 αὐτοῦ
693 2300 899 2355 ἐκεῖθεν
932 2302 1022 2356 διὰ
1066 2303 1204 2367 ἰδίας
1237 2306 1533 2376 ἁμαρτίας,
1587 2307 1748 2360 πάλιν

172 2390 268 2447 διὰ
292 2390 389 2446 τοῦ
414 2392 643 2465 αἵματος
676 2392 768 2448 τοῦ
804 2394 1125 2465 μονογενοῦς
1148 2396 1276 2449 Υίοῦ
1302 2390 1466 2450 αὑτοῦ
1493 2398 1749 2453 ἀνεκαλέ⁴

176 2498 346 2537 σατοο
397 2482 538 2539 ὥστε
598 2486 815 2540 πάντων
882 2486 989 2539 τῶν
1066 2487 1361 2558 ὁρωμένων
1418 2488 1748 2557 τιμιώτατον

174 2575 374 2645 κτῆμα
397 2576 515 2647 Θεῷ
536 2578 564 2630 6
584 2577 680 2632 άνθ
689 2594 887 2649 ρωπος,
913 2580 1005 2632 καὶ
1028 2582 1088 2635 οὗ
1120 2582 1281 2653 μόνον
1302 2584 1646 2655 τιμιώτατον,
1670 2587 1749 2649 ὡς

174 2661 337 2719 εἴπεν
362 2667 391 2718 ό
412 2665 738 2734 ἂγιος,άλλὰ
762 2668 856 2722 καὶ
884 2670 1235 2737 οἰκειότατον,
1263 2674 1612 2744 Ποιήσωμεν
1639 2680 1746 2749 γὰρ

173 2756 497 2826 ἄνθρωπον
520 2759 651 2813 κατ’
675 2760 878 2814 εἰκόνα
905 2760 1217 2833 ἡμετέραν,
1248 2764 1347 2819 καί
1380 2766 1510 2821 καθ’
1540 2768 1745 2835 ὁμοίω-

173 2864 307 2904 σιν.
328 2849 441 2904 Καὶ
463 2848 642 2905 πάλινο
685 2850 1005 2923 Ἐποίησεν
1032 2858 1066 2911 ὀ
1097 2839 1241 2923 dede
1274 2857 1381 2912 τὸν
1409 2858 1741 2929 ἄνθρωπον·
1768 2928 1787 2943 χ

172 2936 247 2997 ὃ·
269 2944 464 3006 εἰκόνι
500 2943 648 2999 Θεοῦ
682 2945 969 3014 ἐποίησεν
995 2949 1205 3016 αὐτὸν,
1229 2951 1329 3005 καί
1364 2951 1747 3022 ἐνεφύσησεν

171 3037 264 3103 εις
290 3035 361 3090 τὸ
390 3036 712 3105 πρόσωπον
752 3038 939 3095 αὑτοῦ
983 3040 1183 3110 πνοὴν
1220 3042 1385 3113 ζωῆς.
1415 3045 1583 3111 Αὐτὸς
1621 3048 1677 3101 δὲ
1717 3049 1745 3101 6

175 3129 387 3202 Κύριος
423 3128 596 3199 ἡμῶν
632 3129 971 3203 ἐπιδημήσας
1030 3133 1169 3203 πρὸς
1211 3136 1395 3207 ἡμᾶς,
1456 3139 1744 3211 ἀνθρώπου

179 3220 397 3294 μορφὴν
425 3221 677 3286 ἀνέλαϐε,
696 3223 873 3294 σάρκα
897 3224 1206 3295 ἀνθρώπου,
1225 3228 1413 3283 καινοῦ
1431 3230 1741 3301 ἀνθρώπου,
1773 3259 1816 3319 c

175 3312 275 3364 καὶ
302 3311 490 3377 ἁπλῶς
517 3314 712 3379 εἰπεῖν,
742 3314 919 3369 πάντα
940 3316 1167 3385 γίνεται,
1190 3316 1331 3391 πλὴν
1354 3318 1453 3392 τῆς
1474 3321 1747 3393 ἁμαρτίας

174 3402 207 3456 6
234 3401 548 3475 ἄνθρωπος.

248 3675 329 3727 Δ’.
354 3671 857 3744 Προσῳκειώσαμεν
890 3674 988 3727 καὶ
1009 3674 1097 3730 διὰ
1132 3675 1290 3731 τοῦτο
1318 3675 1410 3730 τὸν
1441 3677 1748 3749 ἄνθρωπον,

176 3758 292 3818 οἷον
329 3766 520 3828 εἰπεῖν,
554 3764 981 3836 ἰδιοποιήσαμεν.
1011 3767 1208 3831 Καλῶς
1230 3764 1325 3822 οὖν
1353 3770 1449 3822 καὶ
1475 3771 1751 3842 ἁρμοδίως

175 3850 337 3909 εἶπεν
355 3856 384 3908 ό
407 3856 579 3923 ἅγιος,
603 3855 678 3908 Τὸ
699 3854 1025 3927 τιμιώτατον
1046 3858 1232 3929 κτῆμα
1252 3862 1281 3913 6
1304 3861 1605 3931 ἄνθρωπος’
1634 3858 1753 3916 εἶτα.

176 3946 260 4001 ἔτι
316 3947 649 4017 σαφέστερον
700 3948 971 4019 ἐπιφέρεισ
1014 3948 1331 4018 ’Δποδῶμεν
1372 3954 1439 4023 τῇ
1478 3940 1648 4007 εἰιῖόνι
1692 3954 1751 4006 τὸ

178 4040 305 4095 κατ’
332 4039 533 4094 εἰκόνα·
581 4040 697 4104 πῶς
737 4037 831 4097 καὶ
858 4040 1049 4108 τοῦτο;
1097 4042 1257 4112 Παρὰ
1296 4042 1389 4096 τοῦ
1427 4044 1749 4099 ’Δποστόλου

182 4131 450 4204 μάθωμεν
509 4130 776 4200 λέγοντος⁸
840 4134 1263 4205 ιιάθαρισωμεν
1325 4134 1579 4202 ἑαυτοὺς
1629 4135 1750 4189 ἀπὸ

176 4226 410 4293 παντὸς
435 4224 753 4296 μολυσμοῦ
789 4227 1017 4296 σαρκὸς
1049 4226 1150 4281 καί
1191 4226 1549 4297 πνεύματος·
1588 4216 1751 4299 ποιή-

181 4333 369 4388 σωμεν
401 4315 644 4387 καθαρὰν
684 4313 783 4387 τὴν
825 4315 1011 4371 εἰκόνα
1047 4316 1228 4389 ἡμῶν,
1263 4315 1446 4381 καθὼς
1488 4316 1752 4389 ἐλάϐομεν

180 4407 375 4481 αὑτήν·
405 4407 801 4480 άποσμύξωμεν
824 4408 993 4478 αὐτὴν
1016 4409 1109 4464 τοῦ
1138 4410 1311 4481 ῥύπου
1334 4411 1434 4482 τῆς
1458 4411 1751 4481 ἁμαρτίας,

182 4499 269 4554 [va
325 4498 467 4573 φανῇ
522 4505 582 4556 τὸ
638 4502 832 4565 κάλλος
864 4501 1035 4571 αὐτῆς
1076 4501 1165 4555 διὰ
1204 4502 1315 4556 τῶν
1351 4503 1583 4583 ἀρετῶν.
1618 4506 1754 4583 Περὶ

1856 636 2002 693 niam
2034 636 2133 692 etsi
2191 639 2451 707 pecunias
2480 646 2541 694 ut
2573 638 2677 695 alia
2716 638 2857 697 bona
2900 641 3179 699 habuisset
3202 684 3219 711 ,
3259 645 3419 719 46],

1854 727 2039 782 omnia
2066 728 2501 798 contempsisset,
2524 740 2578 785 et
2610 729 2804 787 tollens
2831 747 3047 789 crucem
3078 746 3297 792 secutus
3332 752 3422 793 es-

1853 828 1935 873 set
1964 818 2235 875 Christum
2264 837 2279 887 ;
2304 820 2457 890 juxta
2487 824 2630 893 quod
2655 824 2731 878 ait
2762 842 2776 875 :
2811 823 2936 881 Vivo
2962 837 3155 893 autent,
3178 827 3295 897 jam
3317 847 3424 885 non

1852 926 1966 981 ego,
1995 913 2086 966 sed
2118 912 2237 965 vivit
2265 912 2321 965 in
2348 929 2426 968 me
2458 913 2582 970 Chri
2613 924 2696 971 tus
2719 925 2768 971 ιι.
2823 916 3142 989 lta.seipsos
3170 920 3279 975 Deo
3308 923 3421 992 pri-

1852 1003 2035 1059 mitias
2080 1003 2323 1060 obtulere
2361 1006 2534 1062 sancti
2558 1046 2575 1073 ,
2612 1007 2997 1066 mortiﬁcantes
3025 1052 3040 1079 ,
3071 1021 3130 1065 ut
3172 1012 3322 1079 dixi,
3361 1030 3420 1069 se

1854 1093 2001 1164 ipsos
2026 1096 2094 1152 ab
2132 1097 2280 1151 omni
2319 1098 2603 1155 affectione
2624 1109 2679 1156 et
2710 1103 2927 1173 propria
2960 1105 3256 1171 voluntate,
3288 1107 3418 1161 soli-

1852 1201 1959 1256 que
1985 1186 2205 1244 Christo
2232 1198 2287 1244 et
2322 1192 2607 1261 praeceptis
2653 1193 2770 1261 ejus
2813 1194 3077 1254 viventes.
3127 1196 3217 1253 Sic
3260 1198 3419 1269 igitur

1852 1286 1906 1330 et
1930 1292 2033 1332 nos
2060 1276 2170 1333 Deo
2196 1279 2460 1349 primitias
2489 1282 2799 1349 offeramus,
2835 1292 2893 1338 ut
2924 1296 3147 1343 sanctus
3175 1286 3333 1343 docet
3363 1297 3418 1342 et

1852 1376 2036 1423 monet
2060 1368 2375 1440 Gregorius,
2406 1387 2508 1428 nos
2537 1373 2683 1445 ipsos
2707 1375 2990 1431 videlicet:
3018 1393 3119 1434 nos
3144 1380 3287 1433 enim
3308 1381 3421 1436 vult

1852 1458 2117 1517 Dominus
2148 1461 2595 1533 pretiosissimam
2624 1467 2867 1520 omnium
2896 1470 3315 1536 possessionem.
3354 1469 3421 1526 Et

1852 1566 1977 1607 vere
2010 1563 2380 1611 creaturarum
2404 1556 2647 1610 omnium
2688 1572 2808 1627 quae
2835 1558 3103 1625 videntur,
3136 1563 3420 1630 pretiosis-

1850 1644 2023 1701 simus
2049 1647 2214 1703 homo
2248 1656 2350 1704 est.
2382 1646 2505 1703 Illas
2534 1648 2679 1702 enim
2719 1660 2931 1705 creator
2960 1652 3200 1706 omnium
3232 1655 3420 1709 condi-

1850 1738 1930 1793 dit
1955 1741 2141 1808 verbo,
2164 1743 2381 1800 dicens:
2407 1742 2533 1797 Fiat
2555 1746 2671 1811 hoc,
2699 1754 2749 1798 et
2774 1745 2975 1814 factum
3002 1759 3078 1802 est
3097 1758 3219 1825 net
3240 1752 3363 1804 item
3399 1770 3414 1805 :

1851 1830 2121 1888 Producat
2143 1844 2287 1889 terra
2307 1843 2330 1871 ⁸
2364 1836 2489 1903 hoc,
2510 1845 2564 1891 et
2588 1836 2871 1906 produxit:
2900 1838 3173 1897 Producat
3196 1861 3333 1915 aqua
3356 1847 3373 1882 ί
3399 1865 3412 1900 :

1853 1933 1908 1978 et
1932 1924 2039 1979 alia
2066 1923 2463 1993 hujuscemodi.
2499 1925 2784 1982 Hominem
2815 1938 2995 1985 autem
3026 1933 3141 1988 suis
3167 1936 3417 1991 manibus

1856 2016 2112 2074 formavit
2141 2019 2479 2091 ornavitque.
2513 2018 2581 2075 Et
2613 2021 2701 2076 illa
2727 2022 2943 2092 quidem
2969 2026 3035 2080 ad
3062 2029 3340 2083 servitium
3364 2040 3417 2085 et

1854 2110 2265 2168 delectationem
2298 2113 2533 2170 hominis
2567 2115 2791 2183 statuit;
2828 2116 3003 2187 ipsum
3032 2132 3211 2174 autem
3246 2121 3419 2176 homi-

1855 2218 1978 2258 nem
2010 2188 2204 2259 borum
2242 2207 2486 2262 omnium
2526 2224 2703 2278 regem
2740 2221 2796 2266 et
2820 2211 3119 2283 principem
3154 2212 3301 2277 fecit,
3334 2226 3420 2271 ut-

1854 2309 1961 2365 que
1980 2295 2191 2351 deliciis
2216 2297 2455 2367 paradisi
2483 2298 2776 2367 frueretur,
2798 2303 2986 2359 voluit.
3018 2304 3167 2361 Fecit
3194 2316 3247 2361 et
3272 2307 3419 2364 aliud

1852 2387 1998 2458 quod
2035 2388 2208 2459 magis
2240 2389 2440 2444 mirum
2473 2400 2573 2446 est.
2602 2390 2737 2447 Nam
2768 2392 2921 2449 illum
2961 2398 3241 2454 cadentem
3266 2415 3295 2455 a
3328 2416 3421 2469 pa-

1852 2478 2036 2534 radiso
2062 2481 2133 2536 ob
2160 2490 2463 2551 peccatum,
2509 2499 2725 2539 rursum
2756 2499 2853 2556 per
2886 2490 3203 2557 sanguinem
3233 2493 3420 2564 unige-

1852 2572 1951 2626 niti
1998 2571 2120 2627 Filii
2157 2573 2243 2628 sui
2294 2575 2523 2631 redemit
2564 2584 2619 2631 et
2658 2576 2968 2632 revocavit:
3012 2579 3083 2633 ita
3121 2588 3179 2635 ut
3214 2568 3419 2652 absque

1851 2663 2026 2719 dubio
2056 2666 2299 2720 omnium
2331 2682 2452 2737 quae
2479 2667 2748 2733 videntur,
2780 2669 3168 2740 pretiosissima
3194 2674 3262 2729 sit
3288 2689 3417 2745 pos-

1851 2758 2024 2814 sessio
2052 2757 2163 2814 Deo
2206 2760 2389 2815 homo.
2424 2759 2608 2832 Neque
2638 2762 2813 2817 solum
2856 2762 3249 2833 pretiosissima
3275 2806 3290 2832 ,
3322 2768 3417 2823 sed

1850 2852 2017 2907 etiam
2045 2861 2237 2925 praeter
2268 2868 2479 2922 omnes,
2526 2855 2821 2912 domestica
2866 2864 2921 2912 et
2958 2856 3239 2914 familiaris
3267 2874 3418 2915 crea-

1850 2950 1994 2997 tura.
2038 2942 2327 2998 Faciamus
2352 2986 2367 3011 ,
2400 2944 2613 3015 inquit,
2644 2946 2905 2999 hominem
2948 2947 3016 3000 ad
3050 2947 3328 3017 imaginem
3367 2958 3419 3004 et

1850 3034 2252 3090 similitudinem
2280 3045 2522 3092 nostram
2548 3049 2598 3092 ιι.
2623 3036 2690 3092 Et
2721 3038 2913 3093 iterum
2942 3057 2956 3094 :
2988 3036 3140 3094 Fecit
3163 3039 3300 3095 Deus
3320 3041 3418 3096 Ιιοο

1848 3128 2080 3194 minem;
2110 3129 2179 3182 ad
2209 3108 2491 3199 imaginem
2519 3130 2706 3199 quippe
2746 3130 2839 3184 Dei
2882 3133 3006 3200 fecit
3036 3132 3189 3186 illum
3213 3175 3227 3201 ,
3255 3144 3306 3188 et
3338 3136 3419 3189 in-

1848 3218 2069 3286 spiravit
2098 3220 2152 3273 in
2194 3220 2383 3289 [aciem
2423 3220 2536 3288 ejus
2582 3222 2908 3289 spiraculum
2944 3224 3061 3279 uiue
3086 3232 3134 3276 ν.
3187 3224 3254 3279 Et
3302 3226 3417 3297 ipse

1851 3308 2113 3367 Dominus
2146 3318 2330 3372 noster
2360 3312 2514 3368 exsul
2558 3314 2623 3367 ad
2662 3328 2763 3370 nos
2805 3314 3044 3379 veniens,
3089 3314 3317 3372 formam
3361 3332 3415 3373 et

1848 3416 2083 3459 mentem
2129 3403 2365 3459 hominis
2390 3405 2700 3476 assumpsit,
2733 3406 2855 3461 novi
2898 3407 3133 3463 hominis
3170 3425 3411 3476 carnem,

1848 3502 1925 3558 et,
1956 3503 2018 3550 ut
2044 3494 2220 3551 dicam
2246 3496 2499 3561 breviter,
2527 3497 2790 3569 quidquid
2816 3509 2931 3554 erat
2955 3501 3007 3555 in
3036 3500 3253 3557 homine
3273 3512 3411 3572 pra:-

1850 3596 1932 3642 ter
1958 3599 2260 3657 peccatum.

1922 3676 2010 3733 ιν.
2038 3678 2217 3744 Quare
2242 3686 2388 3734 recte
2409 3679 2647 3736 diximus
2672 3681 2879 3737 nullum
2900 3698 3019 3739 esse
3043 3683 3242 3740 animal
3266 3686 3411 3756 quod

1851 3767 1962 3823 Deo
1991 3781 2137 3824 esset
2165 3770 2338 3839 magis
2386 3774 2853 3829 accommodatum
2878 3815 2895 3841 ,
2944 3776 3117 3848 magis
3150 3778 3415 3833 domesti.

1850 3872 2018 3923 cum,
2079 3860 2255 3929 magis
2302 3859 2571 3917 familiare
2618 3863 2738 3933 ipso
2787 3864 3027 3920 homine.
3076 3865 3142 3919 Et
3191 3877 3413 3925 sanctus

1852 3958 2037 4005 noster
2070 3950 2274 4005 nullam
2301 3962 2605 4007 creaturam
2634 3954 3012 4024 pretiosiorem
3037 3956 3169 4011 dixit
3198 3974 3215 4012 :
3244 3973 3412 4027 quare

1851 4040 2140 4098 manifeste
2187 4044 2491 4111 subintulit,
2539 4053 2599 4100 ut
2644 4045 2849 4102 scilicet
2885 4046 3233 4105 redderemus
3266 4049 3411 4119 ima-

1850 4132 1987 4204 gini,
2022 4134 2163 4204 quod
2192 4142 2337 4191 esset
2369 4136 2667 4193 secundum
2703 4136 3016 4210 imaginem.
3058 4136 3215 4207 Quod
3250 4141 3409 4212 quale

1851 4225 1943 4289 sit,
1972 4224 2250 4283 discamus
2276 4227 2344 4283 ab
2367 4228 2627 4300 Apostolo
2672 4230 2767 4301 qui
2808 4230 2924 4285 ait:
2956 4228 3267 4287 Mundemus
3314 4248 3407 4289 nos

1851 4316 1989 4385 ipsos
2042 4317 2105 4370 ab
2165 4319 2306 4372 onmi
2352 4319 2743 4391 inquinamento
2796 4324 2971 4378 carnis
3015 4335 3065 4379 et
3118 4324 3332 4394 spiritus
3355 4331 3404 4380 ι.

1854 4408 2211 4466 Puriﬁcemus
2235 4411 2522 4481 imaginem
2558 4422 2823 4480 nostram,
2860 4425 2917 4470 ut
2954 4418 3171 4488 qualem
3195 4418 3407 4486 accepi-

1857 4520 1998 4569 mus,
2031 4505 2191 4559 talem
2220 4504 2531 4560 reddamus.
2570 4504 2958 4577 Abstergamus
2985 4510 3159 4578 ipsum
3189 4509 3406 4577 squalo-

179 4592 373 4647 τούτου
419 4593 514 4650 τοῦ
553 4595 781 4659 κάλλους
809 4593 1025 4667 εῠχεται
1056 4595 1085 4647 6
1126 4592 1291 4648 Aa'6‘t6
1319 4594 1513 4663 λέγων*
1549 4599 1747 4667 Κύριε,

1854 4610 1968 4650 rem
1999 4596 2227 4665 peccati,
2260 4604 2317 4650 ut
2347 4593 2525 4648 omnis
2552 4592 2671 4667 eius
2696 4596 3042 4665 pulchritudo
3065 4612 3161 4666 per
3180 4598 3405 4655 virtutes

180 4683 250 4739 ἐν
269 4682 353 4749 τῷ
370 4684 656 4755 θελήματί
685 4705 801 4743 σου
828 4688 1145 4758 παράσχου
1170 4686 1249 4751 τῷ
1276 4686 1489 4741 κάλλει
1503 4707 1623 4757 μου
1643 4689 1748 4743 δύ-

181 4794 385 4850 ναμιν.
414 4777 841 4852 Ἐκκαθάρωμεν
861 4779 954 4836 οῦν
970 4782 1031 4835 τὸ
1046 4784 1166 4835 κατ’
1181 4781 1363 4835 εἰκόνα
1392 4782 1569 4852 ἡμῶνο
1603 4783 1747 4836 θέλει

183 4872 294 4941 γάρ
312 4868 458 4941 αὑτῷ
477 4867 521 4900 δ’
542 4872 671 4939 παρ’
688 4872 886 4945 ήμῶνὸ
904 4873 1057 4940 Θεὸς,
1080 4872 1171 4926 καὶ
1196 4872 1361 4925 ἔδωκε
1385 4872 1458 4943 μὴ
1480 4872 1600 4943 ἕχον
1622 4877 1748 4927 σπῖ-

184 4961 300 5031 λον,
328 4961 363 5034 ἢ
393 4960 612 5033 ρυπίδα,
643 4963 678 5033 ἡ
711 4980 761 5017 τι
788 4958 898 5017 τῶν
924 4965 1200 5018 τοιούτων.
1242 4963 1552 5034 Ἀποδῶμεν
1580 4968 1644 5036 τῇ
1669 4970 1748 5020 εί-

183 5056 304 5112 κόνι
326 5056 405 5129 τῷ
423 5055 467 5088 ⁸⁸
489 5054 607 5109 κατ’
632 5046 839 5111 εἰκόναέ
862 5058 1219 5130 Γνωρίσωμεν
1248 5057 1404 5129 ἡμῶν
1428 5056 1489 5110 τὸ
1508 5055 1745 5129 ἀξίωμα·

187 5148 453 5219 μάθωμεν
483 5146 649 5202 ποίων
671 5149 923 5217 μεγάλων
953 5150 1173 5221 ἀγαθῶν
1198 5148 1528 5221 ἠξιώθημεν
1563 5150 1749 5219 μάθω-

190 5256 292 5311 μεν
318 5243 438 5296 κατ’
466 5242 646 5297 εἰκόνα
667 5240 809 5304 τίνος
839 5246 1163 5315 γεγόναμεν’
1194 5245 1269 5315 μὴ
1293 5243 1649 5314 άγνοήσωμεν
1679 5245 1749 5299 τά

192 5331 401 5401 μεγάλα
442 5334 511 5387 τὰ
555 5333 683 5405 παρ’
718 5333 881 5386 αὑτοῦ
916 5335 1225 5407 δωρηθέντα
1263 5336 1417 5404 ἡμῖν,
1455 5334 1545 5387 διὰ
1580 5335 1751 5408 μόνην

189 5426 285 5498 την
337 5424 503 5481 αὑτοῦ
549 5426 877 5496 ἀγαθότητα,
916 5428 977 5480 οὐ
1008 5429 1096 5483 διὰ
1123 5430 1222 5501 τὴν
1263 5429 1539 5501 ἡμετέραν
1569 5430 1746 5497 ἀξίανσ

1848 4700 2121 4758 appareat.
2172 4687 2247 4744 De
2292 4701 2399 4756 qua
2430 4701 2562 4741 sane
2606 4687 3006 4757 pulchritudine
3053 4690 3251 4759 gratias
3292 4693 3403 4762 agit

1849 4782 2017 4837 David
2050 4781 2236 4837 dicens
2272 4798 2284 4834 :
2326 4778 2569 4846 Domine,
2608 4782 2663 4837 in
2692 4783 2958 4839 voluntate
2988 4792 3078 4836 tua
3104 4784 3402 4852 prwstitisti

1848 4876 2026 4931 decori
2056 4889 2166 4928 meo
2198 4874 2442 4928 uirtutem
2467 4884 2517 4929 γ.
2564 4874 2862 4949 Purgemus
2906 4878 3069 4948 igitur
3112 4878 3401 4949 imaginem

1850 4974 2123 5029 nostram;
2156 4965 2269 5017 vult
2301 4964 2445 5019 enim
2476 4963 2625 5022 illam
2653 4982 2683 5022 a
2709 4967 2864 5021 nobis
2894 4965 3037 5022 Deus
3068 4966 3268 5037 absque
3290 4984 3405 5025 ma-

1850 5056 1970 5111 cula
2002 5063 2057 5109 et
2089 5070 2244 5125 ruga,
2272 5064 2367 5110 aut
2412 5056 2592 5128 aliqua
2635 5058 3011 5128 hujuscemodi
3050 5059 3401 5130 turpitudine.

1848 5146 2160 5206 Beddamus
2188 5148 2409 5219 imagini
2438 5152 2584 5221 quod
2609 5159 2690 5207 est
2716 5150 2783 5205 ad
2825 5150 3139 5221 imaginem.
3186 5152 3403 5225 ϐοεηο-

1848 5256 2067 5297 scamus
2083 5240 2396 5312 dignitatem
2417 5254 2678 5299 nostram.
2700 5242 2983 5300 Discamus
3005 5260 3167 5318 quam
3193 5250 3403 5319 magnis

1848 5336 2007 5390 bonis
2030 5334 2178 5406 digni
2218 5334 2533 5393 habeantur.
2582 5335 2865 5392 Discamus
2898 5339 2965 5395 ad
3008 5341 3167 5413 cujus
3211 5341 3400 5408 imagi-

1848 5442 1971 5498 nem
2004 5427 2209 5482 conditi
2238 5441 2452 5486 sumus.
2481 5428 2555 5485 Ne
2584 5428 2897 5500 ignoremus
2946 5450 3167 5489 munera
3212 5426 3398 5487 nostra

257 5616 285 5658 ιι
310 5604 486 5679 Galat.
516 5583 684 5672 ":20.
761 5615 782 5646 τ
820 5604 955 5661 Gen.
990 5621 1027 5673 ι,
1052 5609 1106 5664 5.
1182 5618 1205 5649 ’
1240 5608 1369 5665 ibid.
1397 5625 1456 5665 ll.
1540 5613 1555 5647 ι
1592 5611 1752 5667 ibid.‘

1916 5570 2219 5663 «imas.
2296 5606 2593 5666 'ibid.27.
2670 5608 2768 5664 an
2799 5610 2925 5668 Cor.
2958 5626 3050 5679 vn,
3084 5622 3120 5666 ι.
3193 5609 3395 5667 γρδει.

195 5691 337 5734 ιλιι.
394 5676 448 5734 8.

1459 5789 1693 5849 VAllUE
1727 5788 2019 5848 LECTION
2035 5792 2138 5850 ES.

260 5920 307 5953 ω
339 5914 515 5987 Αὐτῷ.
546 5914 733 5985 αὐτην.
810 5914 856 5947 ⁸⁸
886 5912 994 5983 Τῷ.
1028 5910 1105 5964 τό.
