4020 6340
646 459 776 526 1827

1819 455 1880 518 S.
1931 452 2314 514 DOROTl-IEI
2378 455 2690 514 ABBATIS

3725 451 3842 515 189.8

646 577 802 631 nobis
831 573 1044 629 emlitus
1075 589 1103 626 a
1136 572 1244 626 Deo
1267 570 1392 625 data
1427 585 1523 625 sua
1554 570 1838 625 clementia
1867 579 1921 622 et
1943 570 2199 633 bonitate,

2306 569 2522 638 γνῶμεν
2548 569 2628 622 ὅτι
2654 567 2773 622 κατ’
2804 568 2988 621 εἰκόνα
3016 567 3315 639 γεγόναμεν
3333 565 3471 621 Θεοῦ
3492 565 3587 620 τοῦ
3613 570 3843 638 ποιήσαιο-

643 677 748 722 ιιοη
771 667 982 721 meritis
1010 666 1230 720 nostris.
1258 663 1667 734 Cognoscamus
1691 661 1946 729 quoniam
1975 661 2039 714 ad
2068 662 2201 714 ima-

644 761 819 827 ginem
873 758 968 812 Dei
1016 757 1140 810 facti
1190 771 1382 810 sumus
1429 771 1442 807 :
1487 753 1605 818 Ipse
1659 755 1791 804 cnim
1843 755 1964 819 fecit
2012 759 2200 804 noslz

643 851 904 903 honorem
981 849 1335 902 exhibeamus
1389 848 1698 918 archetypo.
1768 843 1846 898 Ne
1907 841 2203 896 aﬂicramus

641 940 966 994 Contumelia
1003 939 1288 1009 imaginem
1329 937 1446 1001 Dei,
1485 939 1550 991 ad
1605 952 1763 1006 quam
1817 935 1944 989 facti
1991 950 2199 988 sumus.

642 1032 775 1098 Quis
820 1035 965 1086 enim
1002 1034 1199 1102 regiam
1239 1031 1529 1101 imaginem
1569 1029 1882 1098 depicturus
1907 1065 1922 1087 ,
1965 1027 2201 1080 colorem

642 1125 898 1197 pallidum
924 1137 975 1180 et
1006 1136 1217 1194 turpem
1246 1125 1438 1178 audeat
1466 1123 1682 1192 imagini
1711 1123 2006 1190 imponere,
2036 1128 2089 1171 et
2115 1133 2202 1172 re—

643 1234 760 1288 gem
800 1227 1149 1272 contemnere
1181 1232 1209 1269 a
1259 1233 1369 1285 quo
1399 1219 1468 1269 sit
1502 1214 1844 1284 postmodum
1881 1227 2067 1281 poenas
2111 1227 2203 1264 ac-

643 1307 946 1376 cepturus?
989 1307 1181 1359 Annon
1215 1306 1396 1374 potius
1435 1305 1645 1359 colores
1677 1303 1963 1372 pretiosos,
1999 1301 2204 1369 perspi-

650 1414 784 1452 cuos
810 1406 861 1450 et
886 1396 1062 1450 claros
1090 1395 1384 1459 adhibebit,
1409 1404 1461 1448 et
1483 1395 1674 1462 dignos
1703 1394 1849 1463 regia
1880 1390 2205 1460 majestate?

639 1491 896 1545 Laminas
933 1468 1123 1545 aureas
1168 1491 1428 1557 imponet,
1477 1499 1652 1542 vestes
1677 1502 1866 1542 omnes
1892 1488 1909 1556 (
1934 1495 1989 1540 ut
2022 1501 2200 1556 regem

637 1583 824 1650 decet)
850 1581 1142 1650 adaptahit,
1172 1590 1230 1633 ut
1260 1595 1382 1632 cum
1413 1580 1558 1632 illam
1589 1577 1752 1632 fuerit
1774 1577 2042 1646 quispiam
2071 1591 2201 1630 con-

638 1678 829 1740 tuitus,
857 1683 1154 1728 et‘oumem
1182 1673 1389 1744 regium
1413 1673 1780 1727 characterem
1805 1670 2018 1733 viderit,
2052 1679 2203 1739 putet

638 1781 758 1821 sese
807 1780 987 1836 regem
1021 1766 1221 1834 ipsum,
1269 1781 1377 1820 non
1427 1764 1718 1833 imaginem
1764 1764 1996 1827 intueri,
2041 1773 2202 1832 atque

640 1855 816 1923 ipsum
851 1856 1202 1926 archetypum
1249 1855 1412 1927 ‘62
1451 1855 1798 1910 considerare
1837 1874 1848 1908 :
1892 1865 2075 1910 tantus
2117 1856 2200 1908 ni-

2309 679 2399 724 τος
2425 662 2588 730 ἡμᾶς.
2625 661 2956 730 Τιμήσωμεν
3017 660 3077 712 τὺ
3115 659 3436 729 ἀρχέτυπον.
3474 658 3566 728 Μὴ
3603 659 3840 727 καθυϐρί-

2313 768 2494 819 σωμεν
2528 749 2621 804 τοῦ
2649 750 2783 804 Θεοῦ
2811 751 2909 807 τὴν
2943 751 3126 804 εἰκόνα
3165 750 3284 803 καθ’
3313 753 3379 822 ἢν
3411 752 3729 820 γεγόναμεν.
3764 753 3841 814 Τίς

2312 841 2632 912 βουλόμενος
2679 843 2860 896 εἰκόνα
2898 843 3104 912 γράψαι
3133 841 3414 913 βασιλικὴν
3453 841 3624 912 τολμᾷ
3657 843 3842 912 βάλλειν

2311 935 2508 1004 χρῶμα
2539 935 2744 1005 σαπρὸν
2774 937 2832 986 ἐν
2857 937 2923 1004 τῇ
2954 935 3141 999 εἰκόνι,
3170 934 3264 988 καὶ
3295 934 3563 1003 ἀτιμάσαι
3599 935 3688 987 τὸν
3715 934 3843 1005 βασι·

2310 1027 2404 1078 λέα
2433 1028 2525 1079 καὶ
2552 1026 2958 1096 τιμωρηθῆναι;
2994 1025 3152 1078 Ἀλλὰ
3176 1023 3387 1094 βάλλειν
3410 1010 3588 1078 πᾶντα
3608 1026 3844 1096 χρώματα

2309 1119 2501 1187 ἔντιμα
2543 1121 2636 1172 καὶ
2674 1118 2900 1190 λαμπρὰ
2928 1119 3054 1183 ἄξια
3092 1119 3190 1189 τῆς
3219 1117 3314 1173 τοῦ
3347 1116 3614 1187 βασιλέως
3641 1121 3840 1182 εἰκόνος.

2315 1209 2465 1262 Ἔσίν
2493 1212 2579 1262 ὅτε
2607 1211 2664 1264 δὲ
2697 1210 2794 1270 καὶ
2819 1210 3024 1265 πέταλα
3045 1212 3220 1280 χρυσᾶ
3251 1209 3519 1263 ὲντίθεται
3551 1211 3669 1272 ταῖς
3696 1211 3844 1264 εἰκόσι

2308 1301 2417 1354 τῶν
2464 1301 2744 1371 βασιλέων,
2778 1305 2871 1356 καὶ
2907 1303 3192 1369 σπουδάζει
3229 1304 3410 1366 πάσας
3464 1303 3564 1366 τὰς
3608 1302 3844 1372 αἰσθητὰς

2308 1392 2401 1444 τοῦ
2438 1390 2722 1460 βασιλέως,
2758 1387 2888 1447 meo
2913 1394 3205 1464 ἐνδέχεται,
3230 1394 3460 1448 ἐνθεῖναι
3492 1397 3556 1465 τῇ
3579 1393 3844 1456 είκόνι,ἴνα

2311 1481 2482 1554 βλέπῃ
2511 1501 2597 1546 τις
2629 1483 2730 1553 τὴν
2759 1485 2962 1547 εἰκόνα,
2997 1483 3356 1556 περιέχουσαν
3383 1485 3503 1539 ὅλον
3541 1485 3632 1539 τὸν
3662 1484 3844 1550 βασιλι-

2309 1573 2401 1625 κὸν
2430 1575 2770 1645 χαρακτῆρα,
2802 1576 2896 1629 καὶ
2923 1575 3120 1648 νομίζῃ
3147 1577 3229 1630 ὅτι
3261 1574 3446 1646 σχεδὸν
3474 1576 3632 1628 αὐτὸν
3651 1578 3737 1628 τὸν
3763 1575 3844 1644 βα-

2310 1666 2460 1719 σιλέα
2508 1665 2716 1734 βλέπει,
2750 1667 2884 1720 αὐτὸ
2911 1669 2972 1720 το
3001 1668 3322 1738 ἀρχέτυπον.
3362 1668 3520 1720 ’Ἔστι
3558 1671 3662 1738 γὰρ
3705 1671 3734 1739 ἡ
3783 1670 3845 1720 εἰ·

2308 1756 2416 1811 κὼν
2463 1757 2671 1823 ἔνδοξος
2699 1758 2794 1812 καὶ
2827 1758 3073 1830 λαμπρά.
3101 1761 3209 1813 Καὶ
3238 1761 3398 1828 ἡμεῖς
3429 1755 3525 1812 οὖν
3552 1757 3627 1829 μὴ
3665 1760 3845 1827 ἀτιμά-

2309 1864 2488 1917 σωμεν
2512 1849 2572 1901 τὸ
2604 1849 2906 1920 ἀρχέτυπον
2933 1849 3109 1919 ἡμῶν·
3141 1849 3276 1902 Θεοῦ
3307 1849 3428 1902 κατ’
3453 1848 3633 1902 εἰκόνα
3652 1850 3847 1916 γεγόνα-

639 1951 839 2003 mirum
873 1948 1128 2018 splendor
1160 1954 1245 2002 est
1276 1948 1643 2018 maiestasque
1683 1947 1958 2018 imaginis.
2002 1945 2068 1999 Et
2105 1961 2199 1999 nos

2308 1955 2424 2008 μεν·
2464 1939 2600 1993 ἀλλὰ
2622 1941 2715 1994 καὶ
2745 1939 2992 2010 καθαρὰν
3020 1940 3113 1994 καὶ
3141 1940 3356 2009 ἔντιμον
3390 1940 3492 2009 τὴν
3521 1940 3654 1993 ἰδίαν
3683 1938 3844 1991 εἰκόνα

638 2040 805 2107 igitur
824 2040 1176 2109 archetypum
1204 2048 1448 2093 nostrum
1476 2054 1544 2092 ne
1561 2047 1977 2092 contemnamus
2010 2035 2200 2100 Deum,

639 2131 705 2184 ad
741 2131 897 2200 cujus
928 2132 1218 2200 imaginem
1247 2128 1374 2182 facti
1417 2145 1628 2184 sumus.
1678 2128 1782 2183 Sed
1823 2145 2040 2199 puram,
2076 2129 2205 2182 niti-

636 2223 783 2285 dam,
828 2223 1133 2285 honestam,
1168 2221 1441 2291 propriam
1491 2220 1777 2290 imaginem
1826 2220 2111 2282 faciamus,
2152 2229 2204 2274 et

635 2315 854 2385 dignam
884 2315 1198 2383 archetypo.
1235 2310 1290 2367 Si
1322 2315 1467 2370 enim
1495 2313 1786 2382 imaginem
1819 2313 2118 2372 sensibilis.
2149 2323 2202 2365 et

635 2407 885 2463 similiter
906 2416 964 2460 ut
991 2422 1088 2460 nos
1121 2405 1286 2476 geniti
1317 2406 1458 2475 regis
1480 2404 1938 2458 connnaculantes
1966 2405 2200 2473 puniun-

637 2507 762 2567 tur,
792 2499 920 2568 quid
959 2513 1061 2554 nos
1110 2511 1370 2566 passuros
1413 2495 1708 2559 credimus,
1754 2496 1847 2565 qui
1895 2495 2201 2564 spernimus

634 2606 756 2659 quae
785 2592 839 2645 in
868 2591 1029 2644 nobis
1070 2599 1174 2653 est,
1208 2589 1453 2645 divinam
1484 2588 1798 2657 imaginem,
1846 2601 2020 2656 neque
2053 2586 2199 2641 illam

637 2688 695 2732 ut
724 2692 820 2747 par
853 2686 957 2741 est,
988 2691 1180 2747 puram
1213 2686 1268 2732 et
1304 2677 1708 2731 immaculatam
1744 2675 2064 2730 reddimus?

706 2767 768 2822 ν.
789 2768 1128 2824 Honoremus
1145 2770 1329 2838 igitur,
1347 2767 1562 2831 fratres,
1585 2768 1958 2836 archetypum.
1981 2767 2198 2835 Cogno-

632 2875 855 2917 scamus
891 2860 1138 2931 mysterii
1179 2861 1470 2924 virtutem,
1522 2873 1922 2928 cognoscamus
1956 2873 2054 2927 pro
2092 2873 2197 2926 qua

632 2965 799 3006 causa
831 2950 1082 3005 Christus
1112 2956 1364 3005 mortuus
1392 2958 1477 3004 est
1507 2965 1522 3002 :
1560 2949 1676 3017 ipsa
1703 2948 1847 3001 enim
1881 2956 1964 3002 est
1997 2949 2190 3010 virtus,

635 3045 749 3114 ipsa
796 3044 1117 3112 mysterium
1147 3049 1232 3096 est
1275 3040 1466 3096 mortis
1515 3038 1740 3094 Christi.
1779 3038 1881 3093 Per
1919 3044 2197 3107 peceatum

634 3151 869 3205 namque
916 3134 1207 3205 imaginem
1251 3140 1497 3188 nostram
1533 3130 1865 3194 delevimus,
1896 3140 1950 3185 et
1995 3130 2199 3185 ideirco

633 3230 824 3282 mortis
847 3225 949 3296 legi
975 3225 1176 3280 addicti
1201 3239 1414 3288 sumus,
1438 3232 1498 3277 ut
1526 3221 1603 3276 ait
1629 3221 1938 3291 Apostolus.
1971 3220 2197 3275 Faeiens

630 3320 777 3375 enim
811 3333 911 3373 nos
946 3318 1209 3373 Dominus
1241 3317 1311 3371 ad
1354 3315 1650 3386 imaginem
1693 3330 1871 3378 suam,
1915 3315 2198 3369 misertus-

631 3428 738 3480 que
764 3411 966 3481 proprii
991 3410 1290 3481 plasmatis,
1329 3417 1547 3481 propter
1571 3424 1670 3463 nos
1697 3407 1871 3462 factus
1903 3420 1987 3462 ρει
2010 3407 2193 3473 homo,

631 3519 732 3576 pro
763 3504 922 3559 nobis
966 3515 1196 3558 mortem
1236 3502 1496 3572 suscepit,
1528 3511 1590 3555 ut
1625 3509 1868 3554 mortuos
1916 3499 2198 3554 reduceret

631 3598 698 3652 ad
731 3597 916 3661 vitam,
948 3612 1014 3651 ex
1049 3586 1178 3666 'qua
1215 3603 1437 3667 prepter
1464 3591 1887 3647 inohedientiam
1921 3592 2198 3647 excidera-

631 3704 773 3744 mus.
809 3685 1122 3741 Ascendens
1168 3686 1223 3739 in
1255 3697 1472 3740 crucem
1503 3682 1782 3739 voluntate
1816 3695 1914 3736 sua
1938 3721 1954 3746 ,
1987 3692 2039 3736 et
2069 3697 2194 3751 pec-

631 3789 812 3832 catum
835 3779 1008 3832 ruina:
1023 3785 1223 3833 nostra:
1252 3791 1474 3833 causam
1497 3775 1647 3831 cruci
1673 3774 1915 3846 atligens,
1935 3777 2194 3844 captivam

630 3869 780 3923 duxit
798 3871 1172 3938 captivitatem,
1197 3879 1257 3924 ut
1272 3869 1534 3938 scriptum
1556 3879 1639 3923 est
1651 3880 1678 3909 ι
1689 3869 1757 3921 οδ.
1775 3867 1916 3934 Quid
1927 3877 2008 3922 est
2025 3868 2193 3936 capti-

630 3974 750 4012 vam
781 3959 934 4012 duxit
959 3959 1317 4028 captivitatem
1335 3959 1361 4011 ?
1387 3957 1465 4013 Ex
1499 3959 1934 4027 transgressione
1958 3973 2195 4027 namque

632 4051 762 4104 Atla:
795 4051 1038 4118 captivos
1067 4064 1257 4106 omnes
1286 4064 1389 4106 nos
1432 4048 1558 4106 fecit
1593 4050 1866 4114 inimicus,
1911 4060 1965 4105 et
2011 4050 2192 4118 subje-

631 4149 751 4197 ctos
772 4140 981 4196 habuit.
1001 4138 1156 4196 Unde
1180 4142 1518 4213 egredientes
1547 4143 1741 4197 animae
1781 4158 1847 4197 ex
1874 4143 2192 4212 corporibus

633 4224 940 4302 hominum,
972 4233 1183 4289 inferna
1207 4234 1497 4305 petebant:
1527 4234 1748 4290 clausus
1778 4235 1924 4290 enim
1954 4242 2070 4288 erat
2096 4250 2192 4304 pa-

634 4326 872 4380 radisus.
922 4325 1234 4381 Ascendens
1268 4325 1436 4398 igitur
1462 4323 1714 4382 Christus
1754 4327 1807 4382 in
1849 4328 2189 4385 altitudinem

630 4427 830 4472 sancta
857 4424 909 4472 et
934 4417 1160 4472 viviﬁcae
1180 4417 1381 4486 crucis,
1413 4433 1446 4473 a
1474 4417 1784 4488 captivitate
1813 4419 1867 4473 in
1897 4435 2058 4491 quam
2091 4435 2189 4474 nos

632 4513 804 4569 hostis
818 4513 1046 4570 duxerat
1069 4513 1140 4568 ob
1160 4515 1666 4585 transgressionem,
1684 4512 1935 4568 liberavit
1954 4531 2047 4585 per
2066 4531 2190 4570 san-
2223 4539 2266 4594 ι)

629 4606 848 4676 guinem
880 4621 1039 4662 suum
1069 4623 1084 4660 :
1114 4614 1170 4661 et
1213 4606 1410 4664 iterum
1449 4621 1552 4662 nos
1593 4622 1658 4663 ex
1697 4607 1951 4662 manibus
1986 4607 2192 4663 inimici

631 4697 816 4762 traxit,
846 4707 902 4752 et
931 4697 1526 4769 superavitejicientem
1551 4707 1605 4752 et
1637 4699 1882 4769 captivos
1909 4696 2192 4753 facientem

628 4802 732 4844 nos
747 4804 760 4841 :
779 4795 834 4843 et
847 4786 974 4842 hinc
988 4787 1208 4852 dicitur,
1219 4789 1485 4857 captivam
1501 4785 1658 4840 duxit
1671 4787 2060 4856 captivitatem.
2074 4784 2195 4840 [hec

625 4891 712 4936 est
724 4881 1156 4951 virtusmysterii
1173 4899 1186 4934 :
1201 4888 1420 4951 propter
1435 4879 1539 4935 hoc
1555 4894 1653 4950 pro
1677 4879 1832 4933 nobis
1850 4888 2096 4934 mortuus
2113 4887 2195 4932 est

625 4975 895 5042 Christus,
927 4984 989 5031 ut
1015 4989 1116 5030 nos
1143 4983 1387 5030 mortuos
1404 4973 1684 5028 reduceret
1709 4973 1775 5026 ad
1791 4973 1978 5026 vitam.
2009 4971 2188 5040 Erepti

629 5081 819 5122 sumus
857 5068 1020 5138 igitur
1052 5066 1120 5121 ab
1144 5065 1333 5122 inferis
1358 5063 1430 5120 ob
1462 5062 1668 5119 Christi
1695 5064 2104 5129 humanitatem,
2135 5072 2188 5117 et

2308 2031 2646 2101 ποιήσωμεν,
2681 2033 2773 2085 καὶ
2796 2030 2952 2096 ἀξίαν
2982 2032 3077 2085 τοῦ
3107 2031 3436 2104 ἀρχετύπου.
3469 2033 3532 2085 Εἰ
3558 2029 3664 2102 γὰρ
3703 2032 3731 2084 ὁ
3759 2032 3843 2099 τὴν

2307 2123 2489 2176 εἰκόνα
2553 2123 2647 2176 τοῦ
2709 2123 2966 2193 αἰσθητοῦ
3036 2125 3130 2178 καὶ
3194 2123 3540 2194 ὁμοιογενοῦς
3598 2124 3845 2192 ἀτιμάσας

2307 2213 2566 2283 βασιλέως
2628 2211 2935 2280 κολάζεται,
2999 2213 3053 2265 τί
3112 2213 3400 2284 ὀφείλομεν
3458 2216 3618 2285 ἡμεῖς
3677 2213 3845 2268 παθεῖν

2305 2305 2766 2378 καταφρονοῦντες
2824 2306 2921 2376 τῆς
2976 2307 3032 2358 ὲν
3095 2307 3225 2377 ἡμῖν
3284 2295 3436 2370 θείας
3493 2308 3714 2370 εἰκόνος,
3765 2308 3846 2359 καὶ

2306 2405 2382 2472 μὴ
2409 2401 2676 2474 καθαρὰν,
2701 2402 2776 2467 ὡς
2809 2399 2963 2456 εἶπεν
2993 2404 3023 2456 ό
3056 2401 3228 2472 ἅγιος,
3258 2401 3358 2474 τὴν
3390 2403 3571 2456 εἰκόνα
3597 2402 3846 2456 ἀποδιδόν-

2303 2513 2392 2557 τες
2415 2513 2429 2560 ;

2370 2769 2444 2825 E’.
2469 2771 2799 2841 Τιμήσωμεν
2835 2764 2928 2825 οὖν
2953 2769 3014 2824 τὺ
3043 2769 3369 2842 ἀρχέτυπον,
3399 2772 3615 2843 γνῶμεν
3642 2772 3731 2827 τοῦ
3756 2791 3842 2843 μυ·

2303 2862 2521 2930 στηρίου
2552 2862 2649 2932 τὴν
2672 2861 2920 2932 δύναμιν,
2946 2863 3040 2915 καὶ
3069 2863 3210 2935 ὑπὲρ
3234 2864 3376 2928 τίνος
3404 2864 3634 2934 Χριστὸς
3660 2867 3842 2920 ἀπέθα-

2299 2970 2407 3004 νεν.
2451 2951 2512 3004 Ἦ
2540 2951 2769 3022 δύναμις
2795 2951 2888 3007 τοῦ
2922 2955 3222 3025 μυστηρίου
3245 2955 3339 3009 τοῦ
3364 2955 3591 3010 θανάτου
3617 2956 3708 3010 τοῦ
3727 2959 3841 3029 Χρι-

2303 3040 2446 3107 στοῦ,
2479 3041 2616 3112 αὕτη
2656 3043 2841 3096 ἐστίν’
2861 3044 3051 3116 ἐπειδὴ
3087 3045 3148 3098 τὸ
3186 3045 3306 3099 κατ’
3331 3045 3512 3100 εἰκόνα
3538 3046 3691 3118 ἡμῶν
3715 3049 3841 3117 ἡφα-

2299 3130 2526 3201 νίσαμεν
2549 3131 2637 3185 διὰ
2665 3133 2780 3203 τῆς.
2801 3113 3096 3203 ἁμαρτίας,
3121 3134 3215 3188 καὶ
3250 3132 3340 3188 διὰ
3367 3134 3528 3189 τοῦτο

2225 3267 2266 3323 C
2302 3241 2422 3293 μεν,
2463 3224 2539 3287 ὼς
2573 3223 2722 3294 λέγει
2764 3226 2794 3278 ό
2824 3225 3163 3294 ’Δπόστολος,
3193 3229 3304 3291 τοίς
3334 3227 3735 3300 παραπτώματι
3761 3229 3843 3282 καὶ

2299 3318 2416 3378 ταῖς
2443 3316 2756 3387 ἁμαρτίαις.
2799 3317 2857 3371 '0
2886 3319 3006 3372 κατ’
3032 3317 3216 3372 εἰκόνα
3239 3317 3432 3373 ἑαυτοῦ
3465 3324 3692 3391 ποιήσας
3712 3322 3844 3392 ἡμᾶς

2295 3409 2447 3476 Θεὸς,
2469 3413 2811 3483 οἰκτειρήσας
2829 3413 3043 3467 τὸτ’ῐδιον
3069 3412 3291 3485 πλάσμα
3323 3413 3421 3467 καὶ
3448 3414 3548 3485 τὴν
3572 3415 3700 3469 ἰδίαν
3717 3416 3842 3468 εἰκός

2296 3518 2381 3566 να,
2430 3503 2496 3555 δι’
2527 3504 2674 3572 ἡμᾶς
2708 3505 2929 3571 γέγονεν
2962 3504 3266 3573 ἄνθρωπος,
3296 3505 3391 3559 καὶ
3421 3505 3515 3560 τὸν
3553 3508 3688 3578 ὑπὲρ
3720 3509 3836 3561 πᾶνα

2294 3609 2402 3644 των
2431 3592 2749 3657 κατεδέξατο
2776 3594 3024 3661 Θάνατον,
3059 3595 3148 3649 ἶνα
3171 3597 3318 3665 ἡμᾶς
3345 3596 3473 3658 τοὺς
3496 3597 3841 3668 νεκρωθέντας

2295 3684 2615 3756 ὲπαναγὰγῃ
2643 3686 2777 3756 πρὸς
2809 3686 2907 3757 τὴν
2927 3686 3093 3757 ζωὴν,
3118 3687 3176 3754 ἐξ
3204 3682 3272 3760 ἦς
3294 3688 3633 3760 ὲξεπέσαμεν
3655 3690 3738 3744 διὰ
3755 3690 3840 3758 τῆς

2297 3780 2598 3849 παρακοῆς.
2631 3779 2800 3842 Αὐτὸς
2843 3780 2952 3852 γὰρ
3003 3782 3061 3834 ἐν
3100 3781 3181 3851 τῷ
3238 3782 3381 3854 ἁγίῳ
3421 3782 3587 3836 αὑτοῦ
3645 3781 3839 3853 σταυρῷ

2294 3869 2501 3933 ἀναϐὰς
2550 3871 2646 3926 καὶ
2676 3872 3099 3944 ἀνασταυρώσας
3124 3873 3224 3946 τὴν
3255 3875 3551 3946 ἁμαρτίαν,
3573 3876 3640 3931 δι’
3666 3877 3731 3946 ἦν
3759 3875 3838 3927 καὶ

2295 3961 2659 4034 ἐξεϐλήθημεν
2719 3965 2786 4018 ὲκ
2843 3965 2938 4019 τοῦ
2989 3962 3337 4036 παραδείσου,
3390 3966 3837 4036 ᾐχμαλώτευσεν

2293 4058 2727 4126 αἰχμαλωσίαν,
2752 4057 2935 4122 καθὼς
2962 4061 3294 4129 γέγραπται.
3327 4059 3392 4111 Τί
3413 4062 3564 4114 ἐστιν
3590 4057 3836 4130 ᾐχμαλώ-

2293 4166 2512 4203 τευσεν
2556 4150 3003 4220 αἰχμαλωσίαν;
3036 4150 3158 4203 Ὅτι
3208 4152 3316 4204 ἀπὸ
3354 4153 3455 4223 τῆς
3501 4154 3838 4223 παραϐἀσεως

2292 4241 2384 4293 τοῦ
2427 4240 2598 4310 Ἀδὰμ
2621 4239 3040 4311 ᾐχμαλώτευσεν
3075 4241 3223 4313 ἡμᾶς
3247 4245 3274 4297 ὁ
3299 4242 3494 4314 ἐχθρὸς
3525 4245 3618 4294 καὶ
3645 4242 3838 4310 ὑποχει-

2296 4332 2440 4402 ρίους
2472 4326 2820 4401 εἷχε.Λοιπὸν
2845 4326 2938 4384 οῦν
2962 4330 3314 4405 ὲξερχόμεναι
3343 4335 3400 4386 αἰ
3428 4331 3599 4402 ψυχαὶ
3625 4333 3725 4386 ἀπὸ
3753 4330 3832 4384 τοῦ

2293 4421 2543 4489 σώματος
2585 4420 2694 4473 τῶν
2733 4417 3056 4490 ἀνθρώπων,
3098 4425 3178 4487 εἰς
3224 4425 3321 4493 τὴν
3351 4421 3483 4494 ᾅδην
3530 4425 3831 4494 ἀπήρχοντσ

2295 4512 2600 4564 ὲνέκλειστο
2621 4509 2730 4583 γὰρ
2761 4512 2790 4565 ὁ
2814 4513 3157 4584 παράδεισος.
3193 4513 3426 4580 Ἀναϐὰς
3451 4510 3543 4566 οὖν
3568 4515 3597 4566 ὁ
3626 4514 3833 4585 Χριστὸς

2293 4606 2371 4667 εἰς
2408 4605 2470 4656 τὺ
2517 4603 2648 4674 ’ύψος
2689 4604 2782 4658 τοῦ
2821 4607 2981 4674 ἁγίου
3021 4606 3116 4659 καὶ
3150 4604 3415 4669 ζωοποιοῦ
3467 4606 3712 4678 σταυροῦ,
3747 4606 3830 4675 τῆς

2290 4695 2665 4768 αἰχμαλωσίας
2675 4735 2690 4759 ,
2713 4693 2780 4769 ἧς
2794 4699 2944 4769 ἡμᾶς
2964 4697 3394 4770 ᾐχμαλώτευσεν.
3407 4701 3438 4752 ὁ
3452 4699 3640 4770 ἐχθρὸς
3654 4697 3736 4752 διὰ
3747 4697 3832 4764 τῆς

2290 4787 2674 4857 παραϐάσεως,
2706 4788 2974 4860 ἐρρύσατο
3005 4789 3152 4860 ἡμᾶς
3186 4790 3273 4844 διὰ
3301 4790 3394 4843 τοῦ
3436 4790 3567 4844 ἰδίου
3605 4793 3854 4862 αἵματος-

2289 4879 2434 4933 τοῦτ⁹
2466 4880 2631 4945 ἐστιν,
2652 4881 2946 4950 ἀφήρπασε
2972 4882 3136 4936 πάλιν
3167 4884 3313 4952 ἡμᾶς
3335 4882 3400 4935 ἑκ
3427 4883 3529 4953 τῆς
3551 4883 3724 4953 Χειρδς
3746 4877 3826 4930 τοῦ

2292 4972 2511 5042 ἐχθροῦ,
2544 4979 2639 5027 καὶ
2679 4975 2842 5027 οἱονεὶ
2881 4975 3402 5046 ἁντῃχμαλώτευσεν
3443 4977 3590 5045 ἡμᾶς
3626 4973 3827 5040 νικήσας

2286 5069 2376 5119 καὶ
2403 5066 2725 5122 καταϐαλὼν
2746 5067 2836 5120 τὸν
2861 5066 3375 5140 αἰχμαλωτεὺσαντα
3395 5072 3565 5140 ἡμὴ.
3584 5068 3680 5120 Διά
3693 5063 3827 5118 τοῦτο

629 5156 685 5211 in
717 5165 897 5212 nostra
927 5170 1089 5212 manu
1112 5165 1196 5211 est
1220 5157 1395 5212 redire
1419 5153 1489 5210 ad
1517 5153 1830 5223 paradisum
1859 5171 1870 5206 :
1904 5169 2012 5209 non
2040 5153 2184 5209 enim

2299 5162 2498 5226 ’.ἐγεται
2542 5159 2967 5229 αἰχμαλωτίζειν
3011 5158 3407 5230 αἰχμαλωσίαν·
3450 5159 3587 5230 αῦτη
3626 5158 3761 5211 ἐστὶν
3796 5153 3824 5224 ἡ

626 5262 801 5318 usque
819 5248 954 5304 adeo
986 5247 1324 5320 tyrannidem
1350 5257 1568 5304 exercet
1591 5247 1762 5303 hostis
1794 5257 1854 5301 ut
1876 5257 2054 5310 antea,
2091 5264 2183 5301 ne-

2299 5251 2509 5323 ἰύναμις
2552 5253 2646 5305 τοῦ
2703 5238 3024 5325 μυστηρίου·
3059 5250 3148 5306 διὰ
3175 5251 3331 5307 τοῦτο
3375 5255 3404 5306 ὁ
3436 5250 3667 5321 Χριστὸς
3705 5252 3825 5316 ὑπὲρ

626 5356 730 5410 que
751 5354 850 5395 nos
875 5340 979 5395 sub
1003 5355 1065 5395 ea
1087 5356 1193 5411 qua
1215 5339 1473 5410 primum,
1491 5338 1749 5394 servitute
1780 5337 1964 5391 habet.

2299 5342 2440 5410 ιλμὼν
2470 5342 2765 5406 ἀπέθανεν,
2800 5343 2887 5397 ἵνα
2915 5342 3063 5414 ἡμᾶς
3088 5343 3216 5408 τοὺς
3247 5341 3638 5416 νηρωθέντας,
3663 5343 3733 5405 ὡς
3759 5336 3802 5386 σῖ

627 5453 725 5488 πεν
761 5438 789 5487 ό
815 5436 989 5505 ἅγιος,
1026 5435 1345 5506 ὲπαναγάγῃ
1374 5433 1509 5504 πρὸς
1546 5432 1644 5502 τὴν
1682 5432 1843 5504 ζωήν.
1881 5433 2255 5503 Ἐρῤὑσθημεν
2318 5432 2410 5489 οὖν
2443 5440 2508 5490 ὲκ
2535 5435 2629 5490 τοῦ
2656 5435 2785 5506 ᾅδου
2813 5437 2900 5490 διὰ
2929 5435 3028 5505 τῆς
3088 5433 3495 5506 φιλανθρωπίας
3555 5431 3651 5486 τοῦ
3707 5433 3823 5501 Χρι-

631 5529 774 5591 στοῦ,
805 5531 896 5581 καὶ
921 5531 978 5581 ὲν
1003 5531 1133 5600 ἡμῖν
1161 5531 1274 5582 ἐστι
1306 5529 1368 5581 τὸ
1395 5526 1645 5582 ἀπελθεῖν
1690 5526 1767 5587 εἰς
1835 5526 1924 5578 τὸν
1965 5525 2302 5597 παράδεισον.
2369 5529 2566 5580 Οὐκέτι
2609 5527 2715 5599 γὰρ
2775 5526 3031 5598 τυραννεί
3092 5525 3274 5589 καθὼς
3310 5524 3374 5578 τὸ
3409 5527 3689 5598 πρότερον,
3723 5521 3822 5576 οὐδὲ

630 5628 738 5693 ἔχει
764 5622 1184 5693 δεδουλωμένους
1218 5624 1384 5692 ἡμᾶς.

700 5710 782 5766 VI.
819 5712 1104 5785 Reliquum
1131 5714 1291 5786 igitur
1320 5725 1424 5779 est,
1455 5713 1666 5771 fratres,
1702 5723 1752 5764 ut
1791 5726 2074 5764 caveamus
2124 5718 2173 5760 ut

2357 5707 2444 5774 ﬁ".
2482 5705 2653 5760 Μόνον
2685 5702 3080 5776 φροντίσωμεν,
3119 5699 3354 5771 ἀδελφοὶ,
3388 5707 3480 5757 καί
3522 5701 3821 5772 φυλάξωμεν

701 5905 720 5929 ι
751 5891 889 5949 Psal.
914 5908 1052 5960 χειν,
1081 5895 1134 5950 6.
1210 5895 1294 5938 a'b
1321 5892 1463 5950 [δολί.
1505 5909 1669 5957 urn,
1710 5893 1802 5953 19',
1837 5889 2026 5958 Ephes.
2070 5905 2140 5949 ιν,
2173 5891 2219 5939 δ.

3951 135 3982 242 il
