4024 6340
680 432 809 498 1δ35

1865 432 1923 492 S.
1962 431 2347 511 DOROTHEI
2382 434 2693 494 ABBATIS

3753 437 3866 503 1836

680 543 842 609 igitur
870 548 1181 596 sanctorum
1237 540 1447 603 munita
1478 542 1571 607 jest
1617 538 1875 607 undique,
1916 547 2029 592 tuta
2055 547 2108 591 et
2135 542 2232 592 ob—

2338 540 2544 611 μάνδρα
2574 541 2753 605 λύκοις
2800 542 3140 603 ἀνεπίϐατος.
3193 543 3416 613 Μάνδρα
3468 546 3683 613 λέγεται
3720 550 3866 611 τόπςς

673 642 904 696 servata,
956 643 1029 695 et,
1085 641 1144 685 ut
1186 631 1261 685 ait
1304 631 1603 697 Dominus,
1648 631 1736 683 ubi
1776 630 1913 699 fures
1965 645 2066 682 non
2100 629 2226 697 θίγο-

638 767 642 771 .
673 727 822 779 dium
850 725 875 764 ιε
897 765 913 789 ,
966 727 1142 793 neq'ue
1169 722 1466 792 quidquam
1509 736 1715 776 nocens
1753 719 1947 775 all‘erre
1980 732 2226 790 possunt.

641 817 921 881 .Oremus,
951 815 1165 883 fratres,
1201 813 1489 868 Dominum
1510 852 1527 878 ,
1560 822 1620 866 ut
1654 820 1709 867 et
1736 826 1836 867 nos
1882 812 1990 867 illis
2031 812 2231 881 pariter

673 922 1079 979 corregnemus,
1127 906 1328 975 pariter
1376 903 1821 975 congaudeamus
1853 904 1906 958 in
1934 904 2057 958 loco
2095 902 2229 959 deli-

676 1000 877 1052 ciarum
907 1007 963 1052 et
985 1005 1190 1052 sanctae
1219 995 1440 1065 quietis.
1477 993 1590 1052 Nisi
1614 994 1763 1049 enim
1808 993 1862 1047 in
1898 1006 2087 1049 eorum
2118 1004 2230 1048 sta-

677 1101 785 1144 tum
817 1100 869 1145 et
910 1088 1291 1158 perfectionem
1320 1086 1751 1156 pervenerimus,
1797 1083 1942 1139 haud
1990 1099 2230 1154 unquam

673 1182 821 1254 digni
862 1180 1071 1234 erimus
1096 1193 1283 1233 eorum
1318 1177 1512 1248 gloria.
1554 1178 1623 1228 At
1650 1176 1853 1230 utinam
1899 1189 1931 1229 a
1977 1175 2232 1245 paradiso

676 1286 785 1325 non
813 1269 1073 1325 cedamus
1098 1269 1111 1320 ί
1169 1264 1314 1337 (ιιιοά
1340 1280 1473 1321 sane
1502 1264 1725 1321 minime
1749 1265 2046 1335 continget,
2077 1264 2122 1318 si
2150 1264 2230 1317 vi-

638 1359 1043 1430 .gilaverimus,
1089 1358 1136 1411 si
1198 1355 1427 1410 studiosi
1481 1353 1780 1415 fuerimus.
1838 1354 1885 1410 si
1939 1368 2043 1409 nos
2087 1354 2234 1418 ipsos

673 1452 1030 1522 coegerimus.
1085 1448 1158 1504 Ut
1203 1449 1348 1502 enim
1395 1446 1475 1500 ait
1529 1456 1749 1501 sanctus
1792 1444 2046 1501 Clemens
2090 1444 2180 1514 (⁴)
2216 1463 2228 1496 :

680 1562 699 1595 ι
738 1541 999 1613 Quisquis
1027 1555 1286 1597 coronam
1317 1547 1467 1608 optat
1499 1538 1779 1607 consequi,
1822 1537 2036 1593 studeat
2073 1546 2234 1607 atque

672 1647 891 1702 operam
922 1630 1053 1694 det,
1092 1639 1153 1685 ut
1200 1629 1270 1684 sit
1298 1628 1442 1698 apud
1471 1635 1781 1683 coronatos.
1820 1645 1839 1679 ι
1883 1624 1950 1680 Ut
1989 1626 2132 1681 enim
2178 1626 2233 1679 in

670 1724 871 1793 palatio
907 1720 1089 1790 magni
1129 1730 1257 1775 sunt
1282 1734 1346 1773 ac
1376 1717 1643 1788 splendidi
1686 1717 2054 1787 magistratus,
2092 1716 2234 1786 tinge

674 1824 943 1878 senatum,
976 1812 1252 1882 patricios,
1289 1810 1582 1880 magistros
1606 1808 1877 1879 equitum,
1926 1808 2231 1880 praefectos,

2337 632 2866 702 περιπεφραγμένος,
2891 632 3020 686 ἔνθα
3043 632 3259 701 συνάγει
3287 635 3316 688 ὀ
3332 635 3540 707 ποιμὴν
3563 637 3631 688 τὰ
3651 638 3885 709 πρόϐατα,

2336 722 2432 774 καὶ
2484 721 2782 791 φυλάσσει,
2846 723 2933 775 ἵνα
2981 721 3058 793 μὴ
3099 722 3503 794 διαρπασθῶσιν
3554 725 3658 778 ὑπὸ
3717 725 3868 781 λύκων

2336 812 2370 883 ἢ
2405 813 2511 865 ἀπὸ
2542 811 2753 884 λῃστῶν
2783 813 3104 883 συληθὼσιν.
3140 814 3264 867 Ἐὰν
3290 814 3348 869 δὲ
3376 815 3598 888 ὑπάρχῃ
3620 817 3655 888 ή
3688 818 3867 887 μάνὸρα

2336 901 2443 955 ἀπὸ
2474 901 2784 972 οἱουδὴποτε
2806 901 3003 972 μέρους
3031 903 3349 975 σαθροτέρα,
3374 906 3681 976 εὑρίσκεται
3709 908 3867 961 εὐεπί-

2336 991 2518 1055 ϐατος,
2564 993 2658 1044 καὶ
2689 991 2925 1063 εὐχερῶς
2970 993 3372 1047 ἐπιϐουλεύεται
3402 996 3496 1049 καὶ
3537 997 3641 1050 ὑπὸ
3666 996 3770 1051 τῶν
3792 998 3868 1050 λύ-

2338 1096 2448 1134 κων
2485 1080 2579 1134 καὶ
2622 1080 2732 1153 τῷν
2776 1081 3005 1152 λῃστῶν.
3072 1081 3137 1135 Ἦ
3186 1080 3279 1138 οὖν
3326 1084 3535 1156 μάνδρα
3577 1085 3682 1141 τῶν
3724 1087 3869 1155 ἁγίων

2338 1171 2672 1239 πανταχόθεν
2699 1171 3025 1241 ὴσφάλισται
3069 1174 3163 1227 καὶ
3209 1176 3568 1246 πεφύλακται,
3600 1175 3781 1247 ὥσπερ
3804 1173 3867 1229 εἷ-

2338 1279 2439 1315 πεν
2481 1265 2510 1315 ὁ
2557 1262 2779 1331 Κύριος,
2833 1263 2979 1319 ἔνθα
3027 1264 3276 1319 κλέπται
3320 1268 3393 1320 οὐ
3439 1266 3866 1335 διορύσσουσιν,

2335 1353 2461 1407 οὔτε
2490 1353 2615 1406 ἄλλο
2649 1350 2711 1408 τι
2746 1354 2852 1408 τῶν
2898 1354 3174 1426 βλαϐερῶν
3202 1344 3584 1429 επιέουλεῦσαι
3616 1359 3868 1415 δύνανται.

2337 1443 2635 1514 Εὖξὼμεθα
2669 1441 2786 1512 οὖν,
2830 1444 3065 1513 ἀδελφοὶ,
3118 1447 3205 1499 ἶνα
3236 1448 3325 1500 καὶ
3378 1450 3538 1520 ἡμεῖς
3580 1448 3871 1520 ἀξιωθῶμεν

2341 1536 2815 1607 συμποιμανθῆναι
2861 1538 3066 1600 αὐτοῖς,
3113 1539 3205 1589 καὶ
3257 1538 3542 1608 εὑρεθῆναι
3573 1543 3665 1594 καὶ
3709 1540 3763 1592 ἐν
3806 1539 3871 1609 τῷ

2338 1627 2488 1697 τόπῳ
2528 1628 2627 1698 τῆς
2677 1628 2950 1698 μακαρίας
2982 1627 3190 1698 τρυφῆς
3240 1631 3254 1675 Γ
3272 1630 3469 1698 κείνης,
3506 1631 3596 1683 καὶ
3625 1631 3720 1701 τῆς
3752 1632 3870 1684 ἁνα-

2342 1717 2593 1781 παύσεως
2622 1718 2826 1771 αὐτῶν
2856 1718 2958 1772 κᾶν
2990 1719 3100 1787 γὰρ
3126 1720 3225 1771 οὐκ
3258 1720 3574 1791 ὲςθὰσαμεν
3598 1722 3697 1793 τὴν
3725 1724 3871 1778 κατά-

2342 1825 2529 1862 στασιν
2558 1807 2664 1859 τῶν
2687 1807 2877 1875 ἁγίων,
2912 1807 3013 1861 κᾶν
3043 1808 3142 1862 οὐκ
3172 1808 3307 1873 ἄξιοί
3336 1812 3504 1881 ἐσμεν
3544 1811 3636 1864 τοῦ
3667 1806 3802 1865 εἶναι
3822 1815 3873 1865 ὲν

675 1905 1047 1969 silentiarios;
1106 1903 1197 1974 qui
1255 1916 1446 1955 omnes
1502 1899 1857 1970 magistratus
1901 1899 2235 1954 venerabiles

2338 1901 2401 1968 τῆ
2450 1898 2576 1968 δόξῃ
2622 1899 2821 1951 αὐτῶν.
2886 1898 3045 1952 Ἀλλὰ
3076 1899 3350 1969 δυνάμεθα
3398 1901 3475 1973 μὴ
3523 1902 3765 1955 ἐκπεσεῖν
3790 1903 3873 1956 τοῦ

674 2006 820 2051 sunt.
845 1993 913 2049 Et
940 1995 1032 2049 alii
1053 2008 1272 2063 quoque
1297 1990 1348 2045 in
1376 1991 1569 2046 eodem
1595 1992 1796 2061 palatio
1827 2000 1955 2044 sunt
1987 1990 2235 2043 militiam

673 2098 892 2158 agentes
910 2101 1078 2158 parvo
1105 2100 1211 2140 aere
1227 2093 1281 2140 et
1303 2084 1518 2138 modico
1537 2081 1839 2151 stipendio;
1864 2089 1918 2134 et
1945 2090 2120 2134 tamen
2138 2080 2237 2148 ipsi

674 2192 891 2248 quoque
916 2177 1150 2231 militare
1176 2174 1434 2229 dicuntur
1460 2172 1593 2241 regi,
1620 2181 1676 2227 et
1704 2172 1956 2242 quamvis
1994 2186 2240 2225 summo-

678 2286 794 2323 rum
824 2268 1044 2331 illorum
1072 2266 1299 2336 gloriam
1334 2279 1442 2316 non
1470 2263 1725 2327 habeant,
1755 2269 1809 2314 et
1842 2261 1942 2331 ipsi
1975 2270 2154 2314 tamen
2185 2260 2238 2313 in

592 2419 598 2426 ,
678 2360 878 2431 palatio
903 2370 1048 2413 sunt.
1076 2356 1356 2426 Contingit
1388 2364 1569 2409 autem
1600 2353 1919 2423 plerumque
1962 2361 2018 2406 ut
2044 2362 2099 2405 et
2136 2352 2239 2422 ipsi

679 2452 881 2506 sensim
915 2449 1261 2519 proﬁcientes
1288 2455 1697 2516 consequantur
1724 2444 2075 2513 magistratus
2115 2443 2238 2497 illos

679 2558 902 2613 magnos
949 2551 1005 2597 et
1049 2540 1380 2611 splendidos,
1431 2548 1486 2592 et
1512 2535 1758 2591 eamdem
1797 2536 2021 2605 gloriam
2061 2533 2238 2603 adipi-

675 2644 916 2688 scantur.
947 2631 1023 2686 Ita
1048 2640 1101 2687 et
1133 2646 1233 2686 nos
1256 2643 1478 2700 operam
1501 2627 1715 2691 demus,
1739 2637 1798 2681 ut
1826 2639 1855 2679 a
1885 2634 2106 2696 peccato
2137 2626 2242 2679 im-

678 2738 872 2778 munes
902 2722 1128 2777 omnino
1153 2722 1347 2784 simus,
1379 2734 1512 2788 quo,
1539 2722 1781 2788 gehenna
1815 2716 2049 2786 repulsa,
2101 2715 2238 2770 libe-
2278 2724 2289 2729 ‘

684 2828 804 2867 rum
842 2813 1046 2868 aditum
1078 2814 1133 2865 in
1176 2810 1487 2882 paradisum
1514 2807 1718 2862 Christi
1744 2808 2029 2862 clementia
2055 2817 2108 2862 et
2134 2807 2239 2861 mi-

683 2903 915 2959 sicordia
935 2943 951 2968 ,
988 2912 1042 2957 et.
1068 2909 1379 2956 sanctorum
1411 2899 1662 2967 precibus
1688 2899 2003 2951 habeamus.

2335 1996 2702 2067 παραδείσου,
2754 1997 2847 2050 ἐὰν
2896 1999 3152 2069 νήφωμεν
3200 1998 3295 2051 καὶ
3349 1995 3626 2068 βιάζωμεν
3664 1997 3873 2058 ,ἑαυτοὺς

2339 2086 2553 2157 μικρὸν,
2589 2087 2663 2149 ὡς
2686 2086 2841 2155 ,λέγει
2869 2090 2966 2142 καὶ
3002 2091 3031 2142 ὁ
3062 2089 3214 2156 ἅγιος
3244 2088 3495 2158 Κλήμης,
3528 2087 3628 2141 κᾶν
3672 2084 3746 2157 μὴ
3772 2100 3874 2136 στε.

2337 2176 2584 2244 quib-cati
2610 2194 2715 2241 τις,
2754 2177 2889 2232 ἀλλὰ
2916 2179 3197 2251 σπουδὰσῃ
3242 2178 3320 2250 μὴ
3363 2176 3579 2249 μακρὰν
3612 2176 3873 2249 εὑρεθῆναι

2372 2268 2446 2321 ὧν
2501 2269 2968 2339 στεφανουμένων.
3022 2271 3234 2341 Ὥσπερ
3284 2272 3395 2340 γὰρ
3439 2272 3499 2322 ἐν
3545 2268 3626 2339 τῷ
3658 2267 3875 2338 παλατίψ

2336 2360 2444 2411 εισὶ
2491 2358 2723 2428 μεγάλαι
2781 2358 2875 2413 καὶ
2923 2357 3172 2430 λαμπραὶ
3223 2359 3492 2428 στρατιαὶ,
3545 2356 3742 2412 ὑπόθου
3790 2357 3874 2425 τὴν

2341 2446 2664 2517 σύγκλητον,
2693 2448 2820 2512 τοὺς
2841 2450 3188 2520 πατρικίους,
3214 2451 3340 2511 τοὺς
3363 2446 3751 2518 στρατηλάτας,
3768 2446 3874 2507 τοὺς

2339 2535 2640 2607 ὑπάρχους,
2670 2538 2797 2600 τοὺς
2830 2536 3229 2609 σελεντιαρίους
3248 2554 3263 2566 °
3289 2539 3396 2591 είσὶ
3419 2538 3529 2610 γὰρ
3553 2528 3711 2592 αὗται
3738 2535 3875 2589 πολύ-

2337 2642 2486 2694 τιμοι
2520 2628 2790 2698 στρατιαὶ.
2822 2628 2943 2682 Εἰσὶ
2972 2628 3029 2683 δὲ
3063 2630 3159 2682 καὶ
3188 2628 3337 2683 ἄλλοι
3374 2628 3519 2693 τινὲς
3546 2629 3605 2681 ὲν
3648 2627 3723 2699 τῷ
3751 2626 3877 2694 αὐτῷ

2344 2718 2591 2788 παλατίῳ
2620 2720 3039 2793 στρατευόμενοι
3085 2721 3281 2799 ὀλίγων
3330 2722 3706 2794 νομισμάτων·
3748 2720 3875 2790 ὅμως

2345 2806 2592 2878 λέγονται
2635 2828 2729 2865 και
2774 2812 2930 2865 αὐτοὶ
2985 2800 3374 2883 στρατεύεσθαι
3420 2813 3499 2883 τῷ
3548 2812 3766 2883 βασιλεῖ,
3797 2811 3876 2865 καί

2348 2900 2484 2950 εἰσιν
2512 2897 2621 2951 ἔσω
2657 2901 2716 2952 ὲν
2749 2897 2828 2969 τῷ
2854 2898 3122 2969 παλατίῳ,
3150 2900 3255 2954 κᾶν
3287 2891 3385 2972 τὴν
3411 2900 3569 2965 δόξαν
3596 2901 3700 2955 τῶν
3728 2902 3876 2971 μεγά-

678 2999 784 3051 λων
812 2998 911 3051 οὐκ
941 2986 1168 3067 ἔχωσιν·
1212 2994 1348 3049 ἀλλὰ
1397 2992 1534 3055 τέως
1570 2992 1696 3045 εἰσί.
1730 2991 2024 3061 Συμϐαίνει
2068 2991 2125 3044 δὲ
2158 2992 2239 3044 ὅτι.
2277 2992 2374 3045 καὶ
2400 2991 2539 3046 κατὰ
2567 2992 2760 3065 μικρὸν
2808 2992 3228 3063 προκόπτοντες,
3252 2993 3579 3065 τυγχάνουσι
3633 2996 3725 3048 καὶ
3746 2993 3876 3048 αὐτοὶ

682 3091 930 3162 μεγάλων
964 3088 1231 3161 στρατιῶν
1262 3087 1357 3141 καὶ
1387 3086 1655 3158 λαμπρῶν
1685 3085 2031 3156 ἀξιωμάτων.
2088 3085 2275 3146 Οὕτως
2348 3085 2439 3137 καὶ
2484 3085 2645 3155 ἡμεῖς
2691 3085 3082 3154 σπουδάσωμεν
3136 3086 3395 3156 ἐκφυγεῖν
3451 3088 3551 3160 τὴν
3595 3088 3709 3141 κατ’
3749 3085 3877 3157 ἐνέρ-

680 3200 830 3257 γειαν
858 3183 1150 3256 ἁμαρτίαν,
1173 3181 1262 3235 ἵνα
1285 3180 1424 3241 τέως
1452 3176 1815 3247 ὲξειλήσωμεν
1840 3175 1935 3228 τοῦ
1963 3174 2120 3245 ᾅδου·
2181 3175 2274 3229 καὶ
2346 3173 2518 3239 οὕτως
2562 3174 2837 3244 δυνάμεθα
2884 3175 2971 3229 διὰ
3013 3175 3116 3246 τῆς
3159 3175 3254 3229 τοῦ
3294 3176 3429 3239 Θεοῦ
3472 3176 3874 3251 φιλανθρωπίας.

680 3277 774 3331 καὶ
800 3274 970 3345 αὐτῆς
988 3274 1086 3344 τῆς
1117 3271 1323 3327 εἰσόδου
1343 3272 1436 3323 τοῦ
1463 3268 1787 3341 παραδείσου
1818 3271 2019 3338 τυχεῖν,
2052 3267 2238 3337 εὐχαῖς
2278 3269 2494 3322 πάντων
2527 3267 2635 3321 τῶν
2667 3268 2858 3345 ἁγίων.
2904 3268 3094 3339 Ἀμήν.

2001 3377 2351 3441 ῡΟϐΤΒΙΝΑ
2385 3382 2575 3440 XXIV.

1903 3475 1976 3529 De
2012 3478 2387 3545 compositione
2413 3479 2675 3533 monachi.

710 3623 714 3628 .
749 3576 874 3631 Haec
896 3587 994 3641 ,est
1016 3575 1257 3630 modesta
1302 3585 1355 3628 et
1392 3582 1544 3651 grata
1585 3573 1693 3625 Deo
1730 3572 2051 3638 compositio
2079 3589 2091 3624 :
2126 3570 2244 3625 Pri-
2268 3585 2311 3640 υ
2342 3584 2451 3629 tem
2481 3575 2669 3640 cubes,
2697 3564 2856 3631 nemo
2879 3576 2949 3644 (si
2968 3576 3082 3630 lteri
3104 3575 3305 3643 potest)
3332 3573 3414 3629 vel
3430 3574 3569 3631 sciat
3595 3576 3673 3631 vel
3693 3576 3871 3632 videat.

682 3682 831 3719 mum
857 3679 967 3719 non
993 3664 1344 3719 circumferre
1369 3662 1473 3716 huc
1506 3671 1560 3715 et
1582 3661 1709 3715 illuc
1766 3661 1975 3727 oculos,
2004 3661 2099 3717 sed
2117 3676 2242 3731 qua

682 3764 805 3808 ante
855 3763 906 3809 te
934 3742 1062 3806 sunt
1084 3754 1257 3807 solum
1317 3751 1511 3805 intueri
1549 3768 1563 3804 :
1599 3763 1771 3818 neque
1818 3764 1955 3804 vana
2006 3757 2062 3804 et
2096 3749 2239 3806 otio-

682 3864 739 3900 sa
790 3844 959 3917 loqui,
988 3845 1081 3899 sed
1104 3852 1312 3897 tantum
1368 3843 1689 3898 necessaria.
1724 3840 1974 3898 Vestibus
2021 3843 2094 3897 ita
2132 3857 2243 3897 mo-

681 3939 813 3995 dicis
850 3940 950 4003 uti,
981 3953 1104 4010 quae
1138 3940 1203 3993 ad
1233 3939 1475 4008 corporis
1512 3937 1888 3995 necessitatem
1920 3935 2046 3999 sint,
2075 3944 2130 3990 et
2161 3934 2241 3991 ci-

683 4032 764 4084 bis
798 4032 891 4100 qui
937 4046 1137 4102 corpus
1170 4028 1528 4094 consolident,
1567 4045 1668 4086 nec
1702 4029 1881 4101 gulam
1924 4036 2236 4099 provocent.

681 4122 823 4179 Nihil
848 4108 1175 4189 discernere,
1200 4125 1268 4179 de
1303 4124 1559 4179 omnibus
1591 4122 1958 4177 itidiﬂ'erenter
1979 4121 2236 4192 degusta-

686 4228 759 4266 re.
798 4210 914 4268 Nou
941 4215 1090 4268 cibos
1107 4215 1204 4269 hos
1232 4224 1295 4271 ut
1315 4217 1449 4269 viles
1477 4214 1722 4292 rejicere,
1758 4214 1878 4269 illos
1903 4224 1959 4268 ut
1977 4215 2237 4271 delicatos

596 4380 597 4383 η
681 4307 900 4375 eligere,
929 4318 1094 4373 seque
1120 4304 1203 4360 bis
1256 4309 1322 4360 ad
1353 4306 1611 4361 vomitum
1675 4306 2020 4375 ingurgitare.
2065 4306 2238 4377 Major

679 4408 1001 4466 quacunque
1045 4392 1237 4447 virtute
1281 4396 1533 4451 discretio
1558 4403 1660 4450 est.
1692 4388 1831 4449 Vino
1860 4410 1926 4449 ne
1964 4405 2115 4451 utere
2145 4411 2236 4451 ex-

681 4496 762 4537 tra
811 4481 1140 4553 symbolum,
1183 4481 1267 4535 vel
1322 4483 1651 4551 inﬁrmitatis
1710 4492 1804 4537 aut
1852 4482 2238 4539 imbecillitatis

679 4576 869 4644 gratia.
902 4572 979 4627 Ne
1001 4574 1365 4640 interrumpas
1399 4590 1703 4630 sermonem
1742 4575 1916 4630 altero
1958 4574 2234 4644 loquente,

678 4682 851 4734 neque
889 4677 944 4718 ut
969 4663 1120 4718 rudis
1145 4674 1199 4717 et
1248 4662 1494 4719 indoctus
1529 4667 1874 4738 respondeas,
1901 4667 1995 4722 sed
2044 4673 2103 4720 ut
2144 4677 2233 4720 sa-

630 4745 635 4749 ’
681 4754 849 4820 piens.
887 4754 1108 4831 Stabilis
1159 4762 1215 4806 et
1264 4752 1453 4806 ﬁrmus
1500 4757 1700 4822 sis;et
1730 4757 2040 4825 ubicunque
2091 4757 2238 4811 loco-

679 4861 798 4895 rum
834 4844 1019 4906 lueris.
1061 4845 1371 4899 ministrum
1401 4834 1453 4897 et
1479 4860 1689 4903 servum
1739 4859 1792 4905 te
1827 4861 1953 4920 puta
2002 4849 2233 4904 fratrum

2341 3662 2430 3719 Ne
2446 3678 2680 3735 exspuas
2725 3664 2811 3720 vel
2849 3678 3072 3720 exerces
3100 3674 3226 3718 ante
3262 3665 3517 3735 aliquem.
3546 3663 3698 3730 Quod
3748 3665 3792 3721 si
3830 3676 3873 3717 te

2344 3755 2512 3809 tussis
2531 3754 2794 3828 invaserit
2813 3754 3087 3809 sedentem
3115 3752 3181 3807 ad
3210 3766 3475 3817 mensam,
3506 3763 3653 3809 verte
3698 3750 3871 3809 iaciam

2342 3853 2493 3899 tuam
2531 3856 2850 3908 retrorsum,
2882 3853 2941 3901 et
2973 3859 3097 3899 cum
3145 3843 3294 3899 omni
3352 3843 3614 3901 modestia
3668 3857 3866 3913 exspne.

2341 3935 2575 3991 Comede
2597 3947 2651 4012 et
2680 3936 2820 4000 bibe,
2852 3919 3089 3992 ut'decet
3130 3950 3319 3991 servos
3355 3932 3469 3991 Dei.
3524 3935 3601 3992 Ne
3639 3936 3870 3991 extendas

2342 4037 2563 4077 manum
2597 4023 2955 4093 impudenter,
3000 4033 3058 4077 ut
3110 4025 3293 4094 capias
3332 4025 3475 4096 quod
3513 4037 3635 4082 ante
3674 4025 3870 4081 fratrem

2342 4124 2493 4169 tuum
2520 4123 2619 4171 est.
2644 4113 2700 4170 Si
2735 4116 2933 4171 sederit
2955 4125 3129 4171 tecum
3156 4121 3371 4187 hospes,
3415 4118 3578 4173 invita
3608 4118 3752 4173 illum
3795 4131 3871 4173 se-

2339 4206 2446 4261 mel
2474 4215 2526 4261 et
2575 4207 2765 4261 iterum
2787 4207 2856 4260 ad
2894 4206 3306 4262 comedendum.
3335 4206 3657 4277 Compositis
3693 4223 3869 4262 mensa!

2300 4332 2307 4338 -
2340 4297 2581 4353 assideas
2604 4297 2845 4359 modeste
2866 4302 2921 4349 et
2947 4304 3243 4360 contracte,
3271 4312 3379 4351 non
3407 4297 3866 4370 confuseultiullum

2340 4391 2705 4444 membrorum
2751 4395 2963 4440 tuorum
3019 4384 3216 4455 'enuda,
3247 4404 3371 4444 eum
3414 4399 3608 4447 “tuas
3652 4401 3701 4446 et
3724 4392 3865 4448 cales.

2338 4479 2475 4533 Cum
2504 4479 2726 4541 oscitas,
2750 4491 2883 4532 cave
2907 4493 2970 4534 os
3004 4489 3153 4535 tuum
3192 4482 3460 4551 quispiam
3487 4482 3648 4556 566
3671 4485 3863 4546 videat;

2333 4569 2733 4637 comprimente
2748 4586 2814 4622 uti
2823 4580 2926 4625 tem
2953 4580 3003 4626 te
3021 4573 3269 4639 Spiritum
3288 4570 3442 4629 ιιιυηί
3456 4577 3597 4630 illico
3612 4566 3864 4646 pertrans-

2342 4658 2434 4712 iet.
2474 4658 2610 4712 Cum
2645 4659 2941 4730 ingrederis
2976 4654 3165 4717 cellam
3210 4667 3484 4736 praepositi
3508 4668 3589 4723 vel
3612 4667 3761 4722 amici
3794 4667 3864 4719 vel

2339 4749 2586 4820 discipuli
2615 4753 2709 4816 tui,
2736 4769 2867 4809 cave
2891 4755 3165 4825 quidpiam
3199 4752 3471 4815 curiosius
3503 4760 3749 4828 inspicias
3788 4773 3865 4812 ea-

2342 4856 2460 4894 rum
2491 4857 2669 4896 rerum
2688 4846 2875 4913 qmeiu
2899 4845 2986 4900 illa
3012 4846 3229 4902 fuerint.
3244 4850 3346 4913 Qui
3368 4852 3513 4903 enim
3541 4849 3594 4913 in
3618 4852 3865 4919 hisimptt-

680 4946 915 4988 tuorum.
959 4934 1036 4990 Ne
1064 4936 1443 4996 denudaveris.
1493 4949 1753 5003 praesente
1810 4942 2015 5011 aliquo,
2060 4941 2229 4995 ullum
2271 4925 2525 4989 D’denter
2563 4951 2622 4990 se
2671 4938 2848 5003 habet,
2900 4940 3159 4994 mentitur
3211 4935 3573 4996 menasticum
3626 4942 3862 5003 habitum,

684 5027 1044 5081 membrorum
1091 5038 1334 5092 tuorum,
1365 5042 1545 5094 neque
1579 5033 1994 5101 appropinques‘
2018 5031 2235 5102 corpori

681 5114 909 5182 alicujus
960 5118 1161 5186 absque
1196 5116 1481 5173 manifesta
1537 5126 1592 5171 et
1638 5124 2233 5189 smuma‘necessitate,

681 5215 773 5254 aut
804 5206 1079 5269 permittas
1101 5209 1267 5262 alium
1301 5210 1399 5263 tibi
1446 5208 1873 5279 appropinquare
1900 5215 2107 5284 absque
2141 5232 2231 5268 ra-

683 5295 921 5347 ιὶυιιιιὶιιιὶ
985 5313 1165 5374 causa.
1225 5301 1373 5372 Fuge
1429 5302 1897 5372 praesumptionem
1974 5317 2264 5376 tanquatn‘

683 5396 931 5440 mortem.
970 5384 1192 5445 Sobrius
1236 5403 1289 5446 et
1347 5394 1622 5448 modestus
1648 5401 1783 5447 esto.
1832 5393 1887 5448 In
1919 5413 2110 5453 somno
2164 5415 2233 5454 ne

683 5478 837 5544 longe
865 5477 1007 5555 flata
1028 5488 1081 5532 te
1102 5482 1266 5536 virtus
1284 5500 1406 5554 qua-
1433 5484 1527 5541 tibi
1564 5484 1974 5554 circumvigilat.
2001 5488 2103 5545 Ubi
2127 5507 2229 5546 au-

756 5658 781 5697 ι
812 5658 1001 5714 Matth.
1032 5676 1111 5725 νι,
1141 5642 1264 5715 20.1

754 5816 818 5886 (')
846 5814 1018 5873 Clem.
1058 5813 1231 5887 Epist.
1260 5818 1305 5875 ll
1335 5821 1400 5876 ad
1424 5820 1669 5877 Corinth.
1687 5833 1809 5889 cap.
1836 5832 1932 5873 vn.

2340 5035 2394 5080 et
2422 5026 2692 5083 Christum
2724 5031 2815 5100 qui
2864 5030 3104 5083 habitum
3130 5031 3506 5098 hujuscemodi
3547 5032 3698 5086 nobis
3725 5032 3873 5099 grati-‘

2340 5118 2530 5172 ﬁcatus
2558 5130 2657 5174 est.
2686 5120 2823 5175 Cum
2848 5121 3111 5176 modestia
3144 5127 3200 5173 et
3229 5121 3346 5174 sine
3366 5120 3595 5189 strepitu
3646 5117 3780 5186 aperi
3819 5124 3863 5170 et

2339 5212 2529 5266 claude
2553 5214 2690 5292 ostia
2741 5213 2823 5266 vel
2877 5221 2966 5266 tua
2991 5211 3074 5265 vel
3105 5212 3267 5266 amici
3297 5212 3395 5266 lui.
3426 5209 3503 5266 Ne
3548 5202 3863 5265 tumultuarie

2338 5305 2657 5374 ingrediaris
2701 5308 2764 5360 ad
2808 5320 3155 5375 quemquam,
3186 5304 3280 5359 sed
3320 5304 3469 5374 prius
3504 5302 3732 5359 exterius
3760 5303 3863 5373 pul-

2338 5412 2488 5459 sans,
2515 5413 2639 5451 cuin
2676 5408 2897 5453 vocatus
2923 5396 3095 5452 lueris
3127 5397 3421 5468 ingredere.
3454 5394 3531 5450 Ne
3577 5396 3782 5453 studeas
3812 5395 3860 5449 in

2341 5489 2551 5548 incessu
2577 5500 2665 5545 tuo
2696 5491 2900 5560 absque
2944 5491 3250 5546 necessaria
3284 5504 3472 5545 causa.
3500 5487 3714 5545 Cunctis
3752 5500 3860 5559 pare
