4024 6340
123 501 244 568 1832

1068 484 1079 495 ’
1128 468 1131 469 ί
1215 494 1594 566 EPISTULA?
1632 508 1730 567 AD
1763 504 2144 566 DIVERSOS.

3184 495 3317 563 1838

119 612 165 662 in
188 609 338 664 omni
368 617 533 679 opere
554 607 695 664 bono
718 627 729 662 :
757 623 865 663 non
893 618 1069 664 tamen
1088 608 1365 675 divitibus,
1388 611 1666 681 locupleti-
1696 616 1740 669 Α
1766 610 1872 665 lius
1894 609 1989 663 tibi
2017 617 2103 663 est
2122 604 2452 661 mortiferam
2475 606 2764 676 :crugincm
2783 606 3129 672 manducare,
3152 578 3314 677 quam

118 702 208 755 illis
242 711 297 754 et
326 698 679 755 saecularibus
711 700 941 754 multum
973 700 1288 763 adliaeseris,
1324 717 1389 755 ne
1414 701 1507 755 fiat
1532 716 1669 771 opus

97 791 463 869 {diabolicurm
494 788 629 844 Cum
682 790 1093 845 mansuetudine
1144 792 1398 845 omnibus
1426 792 1666 861 loquere,

98 875 163 935 ’et
190 896 319 937 cum
356 881 619 937 modestia
641 882 887 936 homines
932 881 1141 935 intuere
1185 891 1241 935 et
1283 874 1668 950 contemplat‘e,

91 949 177 1026 ‘ne
207 973 448 1029 videaris
479 972 671 1029 faciem
701 973 935 1042 alicujus
956 989 1063 1027 non
1087 988 1329 1039 cernere,
1355 973 1449 1027 sed
1485 973 1668 1026 hauri-

118 1064 369 1118 reoculis
389 1066 517 1118 tuis.
540 1062 676 1117 Cum
711 1063 958 1118 ambulas
997 1062 1049 1116 in
1073 1065 1177 1127 via,
1224 1078 1289 1115 ne
1334 1075 1672 1131 praeoccupes

116 1161 203 1205 aut
228 1151 508 1220 praecedas
544 1151 775 1219 majores
800 1158 921 1205 tuos
948 1149 1126 1219 :qnod
1156 1149 1200 1203 si
1227 1160 1377 1203 tuum
1406 1149 1507 1202 erit
1534 1163 1672 1216 βιω-

116 1243 327 1311 cedere,
384 1242 692 1313 praestolare
747 1243 956 1297 socium
1006 1252 1399 1311 tuum,ineque
1445 1242 1671 1295 multum

115 1336 244 1393 velis
266 1352 395 1392 eum
428 1335 651 1390 anteire.
688 1333 792 1401 Qui
842 1335 986 1390 enim
1033 1335 1133 1390 hoc
1168 1349 1274 1388 non
1317 1334 1505 1402 egerit,
1545 1334 1675 1387 insi-

114 1431 263 1498 piens
291 1426 647 1498 judicabitur,
670 1435 723 1480 et
750 1426 945 1481 similis
990 1440 1153 1494 porco
1190 1425 1383 1494 exlegi.
1427 1424 1485 1479 Si
1525 1425 1677 1480 locu-

114 1532 198 1575 tus
221 1519 391 1574 fuerit
430 1519 613 1575 socius
657 1527 787 1573 tuus
824 1534 948 1573 cum
1002 1516 1417 1572 occursantibus
1485 1517 1678 1571 amicis

115 1612 166 1665 in
195 1612 305 1677 via,
333 1620 585 1680 exspecta
622 1624 747 1663 eum
784 1609 1030 1671 libenter,
1057 1622 1231 1676 neque
1270 1606 1544 1677 compelle.
1579 1605 1678 1661 Sa-

113 1719 216 1758 nus
242 1718 399 1774 aegro
429 1704 575 1757 dicat
628 1709 755 1756 ante
798 1708 1030 1769 tempus,
1081 1700 1449 1755 comedamus.
1484 1696 1561 1752 Ne
1591 1713 1677 1753 re-

114 1794 469 1864 prehenderis
499 1793 664 1848 ullum
712 1791 1004 1863 aliquando
1026 1799 1340 1862 peccantem
1370 1789 1452 1843 vel
1484 1790 1676 1844 laben-

114 1896 217 1941 tem
243 1886 298 1940 in
350 1884 669 1955 aliquo,sed
721 1892 776 1938 te
822 1898 1038 1954 semper
1085 1895 1395 1953 suspectum
1464 1882 1675 1946 habeto,

112 1990 163 2033 et
184 1980 378 2049 lapsus
427 1978 570 2032 illius
619 1983 673 2032 te
719 1990 939 2030 causam
986 1983 1133 2044 puta.
1162 1973 1332 2028 Omne
1386 1988 1524 2042 opus
1572 1973 1679 2028 vile

110 2073 277 2127 adeas
310 2072 539 2125 libenter
566 2076 621 2123 et
649 2080 775 2122 cum
808 2066 1131 2121 humilitate.
1157 2064 1215 2119 Si
1258 2072 1482 2120 coaetus
1510 2062 1679 2119 fueris

112 2165 315 2227 ridere,
358 2163 498 2215 risus
546 2170 672 2217 tuus
715 2167 898 2214 careat
938 2156 1211 2212 dentibus.
1260 2155 1317 2210 Si
1365 2155 1681 2225 compulsus

112 2256 284 2310 fueris
326 2253 648 2308 mulieribus
673 2251 960 2322 congredi,
999 2260 1181 2305 averte
1221 2247 1411 2304 faciem
1455 2258 1603 2302 tuam
1650 2264 1680 2303 a

109 2356 414 2416 conspectu
439 2352 650 2412 earum,
672 2356 726 2401 et
753 2346 832 2400 sic
863 2345 1102 2415 loquere.
1131 2343 1213 2397 Ab
1245 2341 1530 2411 impudicis
1559 2339 1683 2410 fuge

111 2452 377 2510 tanquam
427 2439 495 2493 ab
521 2439 644 2511 igne
694 2448 747 2493 et
789 2438 983 2508 laqueo
1028 2436 1250 2499 diaboli,
1301 2444 1356 2489 et
1394 2447 1525 2487 cave
1562 2433 1682 2486 illas

107 2547 394 2602 nusquam
435 2531 624 2587 obvias
664 2530 886 2595 habeas,
920 2529 1235 2597 alloquaris,
1265 2536 1361 2581 aut
1403 2525 1681 2596 aspicias;

110 2638 179 2677 ne
220 2637 321 2678 eor
362 2632 514 2676 tuum
563 2622 677 2675 luto
725 2618 1036 2688 passionum
1082 2614 1681 2686 deturpeturzetiamsi

107 2729 339 2771 sorores
368 2713 461 2767 tibi
506 2710 727 2774 fuerint,
753 2726 847 2766 eas
872 2720 931 2764 ut
961 2711 1175 2781 ignotas
1211 2708 1443 2763 declina.
1473 2707 1685 2777 Cogna-

106 2810 177 2861 tis
218 2816 278 2861 et
338 2803 587 2861 allinibus
638 2805 747 2859 tuis
791 2817 860 2858 ne
909 2802 1199 2857 admodum
1254 2798 1682 2862 commiscearis,

108 2914 178 2952 ne
220 2895 546 2967 refrigescat
587 2912 683 2953 cor
743 2905 895 2950 tuum
936 2910 967 2949 a
1005 2894 1268 2950 charitate
1325 2894 1438 2947 Dei.
1492 2891 1687 2947 Adole-

106 2989 492 3046 scentulorum
536 2988 801 3058 colloquia
846 2996 901 3041 et
944 2985 1384 3042 consuetudinem
1434 2984 1593 3056 fuge,
1629 2992 1689 3038 ut

107 3061 419 3134 amicitiam
481 3077 701 3133 diaboli.
749 3076 982 3131 Unicum
1037 3076 1234 3131 habeto
1279 3076 1509 3141 socium,
1566 3074 1687 3126 nni-

104 3186 239 3225 cum
292 3171 532 3224 amicum
578 3167 746 3224 Deum
785 3169 1082 3230 timentem,
1119 3168 1213 3237 qui
1255 3182 1378 3221 cum
1414 3166 1686 3235 loquaris,

1771 714 1895 754 cum
1927 698 2154 753 muliere
2176 696 2477 758 comedere,
2512 696 2725 750 etiamsi
2766 704 2957 762 mater,
2985 697 3201 752 etiamsi
3232 713 3323 753 so-

1774 808 1863 846 ror
1910 800 2001 845 tua
2049 790 2139 844 sit.
2172 788 2360 842 Melius
2408 788 2503 842 tibi
2562 797 2644 867 est
2694 788 3008 842 cohabitare
3063 790 3324 859 serpenti,

1772 898 1933 953 qnam
1965 897 2088 937 cum
2113 891 2295 936 scorto
2323 881 2635 945 consedere,
2666 878 2881 935 etiamsi
2914 879 3009 935 tibi
3031 894 3193 936 soror
3216 878 3333 935 fue-

1774 975 1841 1029 rit
1872 974 2168 1030 secundum
2197 988 2436 1027 carnem.
2472 972 2545 1026 Si.
2577 988 2607 1025 a
2662 973 3036 1041 superioribus
3066 972 3175 1028 tuis
3210 988 3330 1029 cum

1774 1066 1828 1120 in
1864 1066 2054 1120 itinere
2095 1079 2175 1129 es,
2206 1065 2458 1119 invitatus
2505 1063 2676 1119 fueris
2724 1064 2793 1117 ad
2843 1064 3215 1135 psallendum,
3268 1080 3338 1119 ne

1774 1174 1965 1213 recusa
1988 1172 2176 1227 parere
2202 1174 2217 1210 :
2242 1158 2387 1226 quod
2428 1158 2471 1212 si
2505 1156 2635 1211 nihil
2661 1156 2937 1222 dixerint,
2967 1158 3144 1227 lingua
3193 1168 3332 1221 tace,

1773 1251 1935 1305 corde
1957 1261 2131 1304 tamen
2157 1248 2445 1303 Dominum
2470 1248 2725 1319 glorifica.
2750 1247 2828 1303 Ne
2870 1260 3165 1305 contendas
3212 1266 3335 1305 cum

1776 1343 1885 1398 ullo
1913 1343 1981 1397 de
2020 1358 2077 1397 re
2106 1342 2304 1411 aliqua,
2349 1357 2416 1395 ne
2459 1340 2625 1395 facias
2682 1342 3037 1398 turbationes.
3069 1341 3141 1395 Ne
3179 1358 3330 1397 men-

1776 1434 1946 1498 tiaris,
1982 1448 2048 1488 ne
2069 1433 2222 1503 jures
2255 1433 2310 1485 in
2341 1432 2434 1487 Dei
2470 1433 2709 1487 nomine.
2733 1431 3034 1489 Co‘ntemne
3080 1433 3330 1503 teipsunt,

1778 1543 1885 1581 non
1919 1526 2123 1590 alium;
2153 1527 2384 1596 teipsum
2444 1524 2639 1595 injuria
2686 1524 2851 1592 allice,
2885 1541 2991 1581 non
3015 1526 3202 1580 alium.
3229 1525 3341 1580 Mc-

1777 1620 1884 1673 lius
1903 1629 1987 1673 est
2016 1617 2199 1672 omnia
2224 1632 2484 1688 corporea
2524 1618 2701 1688 perire
2729 1633 2851 1673 cum
2900 1632 3151 1687 corpore,
3176 1636 3344 1690 quant

1779 1712 1834 1766 in
1869 1727 1926 1765 re
1951 1710 2141 1780 quavis
2161 1711 2385 1765 minima
2408 1711 2535 1765 laedi
2559 1712 2817 1788 animam.
2846 1708 2923 1765 Ne
2976 1713 3243 1768 contende
3287 1712 3342 1766 in

1775 1803 1983 1873 judicio
2008 1817 2135 1857 cum
2164 1802 2370 1871 aliquo,
2402 1802 2498 1858 sed
2532 1802 2871 1873 adjudicatus
2910 1803 3221 1873 patientiam
3246 1804 3345 1858 ba-

1780 1892 1865 1955 be,
1895 1891 2109 1946 etiamsi
2151 1905 2260 1944 non
2304 1890 2532 1946 meritus
2559 1891 2941 1960 sisjudicium.
2977 1889 3121 1946 Nihil
3187 1892 3241 1945 in
3292 1901 3345 1946 te

1710 1953 1751 2008 Β
1779 1953 1993 2050 diligas,
2028 1981 2171 2049 quod
2223 1979 2513 2049 pristinum
2560 1953 2837 2035 hominem
2882 1979 3139 2035 redoleat.
3168 1979 3345 2052 Subji-

1779 2086 1903 2126 cere
1925 2071 2297 2141 superioribus
2344 2083 2399 2126 et
2439 2070 2669 2126 ducibus
2722 2071 2850 2135 tuis,
2886 2081 2942 2126 et
2991 2072 3206 2128 illorum
3257 2073 3344 2126 ni-

1780 2163 1943 2217 iniam
1970 2161 2419 2218 consuetudinem
2444 2160 2551 2215 vita
2581 2180 2595 2217 :
2620 2170 2703 2215 est
2731 2160 2874 2216 enim
2905 2160 3153 2231 laqueus,
3182 2162 3344 2232 negli-

1781 2265 1972 2321 gentes
1998 2254 2280 2309 etdesides
2310 2253 2365 2307 in
2390 2253 2746 2323 perditionem
2792 2252 3071 2307 inducens.
3107 2251 3152 2306 Ο
3182 2253 3341 2324 gulo-

1782 2338 1863 2411 se,
1892 2346 1985 2415 qui
2020 2353 2261 2399 ventrem
2305 2354 2457 2400 tuum
2512 2344 2841 2415 ingurgitare
2884 2344 3088 2408 studes,
3152 2346 3348 2401 melius

1787 2441 1882 2494 tibi
1916 2448 2062 2494 esset
2114 2439 2379 2494 carbones
2421 2439 2562 2507 ignis
2601 2438 2882 2501 devorare,
2910 2440 2992 2493 vel
3040 2439 3264 2509 patellas
3296 2450 3349 2491 et

1784 2532 2038 2586 frixorias
2060 2530 2342 2601 deglutire,
2375 2545 2537 2599 quam
2590 2530 2664 2583 ita
2696 2543 2935 2584 ventrem
2987 2532 3253 2584 enutrirc.
3289 2530 3345 2583 ln

1785 2640 1984 2679 omnes
2000 2624 2313 2679 misericors
2336 2633 2473 2689 esto,
2508 2622 2814 2677 abstractus
2862 2632 3042 2675 autem
3070 2622 3138 2675 ab
3168 2626 3347 2675 omni-

1785 2716 1905 2769 bus.
1942 2715 1985 2767 Α
2023 2714 2367 2783 multiloquio
2406 2714 2619 2767 abstine
2660 2730 2674 2766 :
2708 2711 2813 2768 hoc
2855 2714 2999 2767 enim
3053 2713 3350 2784 exstinguit

1786 2807 1932 2861 cordi
1982 2805 2330 2861 advenientes
2376 2792 2728 2876 cogitationes
2745 2804 3097 2859 rationabiles
3146 2814 3201 2858 et
3233 2818 3347 2858 ca:-

1787 2897 1968 2951 lestes.
1994 2895 2137 2949 Cave
2168 2894 2535 2966 dogmatizare
2554 2909 2678 2949 cum
2704 2893 2942 2948 alumnis
2972 2894 3209 2963 praelatis
3238 2891 3342 2947 Ec-

1787 2983 1983 3048 clesiae,
2014 2993 2070 3037 et
2094 2998 2219 3038 cum
2249 2982 2587 3052 alienigenis,
2618 2990 2674 3037 et
2717 2983 3017 3052 praesertim
3072 2982 3125 3035 in
3172 2983 3348 3052 publi-

1788 3089 1872 3128 eo.
1909 3073 1968 3127 Si
1996 3087 2135 3143 quos
2187 3073 2391 3127 videris
2431 3074 2571 3128 inter
2590 3087 2650 3127 se
2692 3074 2869 3127 verbis
2922 3075 3245 3130 altercantes
3299 3086 3351 3129 et

1790 3153 1884 3221 ira
1940 3168 2195 3237 percitos,
2238 3175 2507 3228 transeas,
2546 3180 2613 3219 ne
2662 3180 2759 3220 cor
2807 3174 2960 3219 tuum
3016 3180 3234 3236 quoque
3273 3167 3351 3220 ira

102 3271 158 3314 et
204 3274 569 3323 consuescas,
628 3260 829 3328 quique
866 3259 920 3312 in
965 3258 1127 3312 domo
1169 3259 1326 3327 inops
1378 3257 1449 3311 sit
1496 3266 1550 3311 et
1603 3267 1687 3310 te-
1716 3289 1759 3344 ε
1791 3259 2097 3327 impleatur,
2128 3268 2182 3311 et
2216 3256 2564 3311 dominentur
2609 3258 2757 3311 cordi
2809 3266 2903 3310 tuo
2947 3259 3150 3311 erroris
3203 3268 3351 3313 tene-

107 3352 258 3416 nnis,
335 3351 393 3403 in
454 3350 723 3419 mysteriis
785 3360 963 3402 autem
1018 3349 1110 3401 Dei
1166 3349 1316 3402 dives
1370 3356 1423 3400 et
1476 3348 1685 3415 plenus.

130 3445 346 3498 secreta
410 3449 521 3504 tua,
568 3440 704 3494 bella
760 3440 963 3503 animi,
1013 3449 1067 3493 et
1122 3453 1476 3509 quoscunque
1536 3445 1689 3491 actus

102 3546 279 3598 tuos,
361 3533 500 3602 apud
558 3546 745 3587 omnes
794 3531 925 3585 cela.
993 3532 1130 3585 Ante
1186 3529 1387 3584 nullunt
1461 3529 1689 3593 sedeas,

103 3628 215 3682 nisi
283 3625 626 3696 compulsus.
686 3623 823 3679 Cum
863 3623 1124 3679 modestia
1156 3623 1412 3693 egredere
1476 3621 1542 3675 ad
1598 3638 1693 3675 ne-

100 3719 400 3775 cessarios
451 3733 581 3773 usus
610 3718 933 3773 necessarie.
996 3714 1260 3771 Venet-are
1304 3715 1578 3770 custodem
1613 3713 1689 3767 ιιιί

101 3812 381 3879 angelum
438 3810 492 3863 in
554 3809 809 3865 omnibus
861 3808 1074 3862 actibus
1130 3809 1256 3862 tuis.
1310 3808 1446 3861 Cum
1499 3807 1691 3860 timore

101 3903 203 3955 Dei
266 3901 461 3955 omnia
520 3900 747 3969 perfice,
801 3910 957 3968 teque
1022 3899 1087 3953 ad
1140 3901 1462 3962 orationem,
1519 3897 1689 3952 medi-

100 3996 389 4045 tationem
431 4000 483 4045 et
511 3991 1020 4059 contemplationem
1074 4006 1217 4059 stcpe
1263 3990 1551 4058 compelle.
1582 3988 1690 4041 Me-

1792 3351 1921 3403 braa.
1962 3349 2097 3403 Cum
2122 3349 2357 3417 superbo
2386 3363 2453 3402 ne
2482 3363 2597 3413 eas,
2628 3362 2694 3401 ne
2722 3347 2960 3417 Spiritus
2999 3351 3179 3403 sancti
3204 3351 3351 3403 actio

1793 3440 2007 3493 tollatur
2033 3439 2102 3492 ab
2152 3440 2332 3493 anima
2371 3447 2486 3503 tua,
2516 3448 2571 3492 et
2621 3437 2721 3492 tias
2746 3437 3127 3507 iltabitaculum
3172 3454 3352 3493 omnis
3390 3470 3393 3473 -

1792 3545 1968 3600 pravze
2026 3540 2079 3583 et
2127 3529 2419 3583 immundae
2469 3530 2760 3599 passionis.
2794 3528 2919 3584 Haec
2970 3539 3256 3599 praecepta,
3306 3530 3351 3583 si

1793 3625 2140 3687 custodieris,
2172 3639 2205 3677 ο
2251 3624 2432 3690 homo,
2473 3637 2632 3695 teque
2696 3639 2908 3694 semper
2925 3620 3246 3678 'exereueris
3295 3624 3349 3676 in

1798 3710 1887 3764 Ι)θί
1916 3711 2263 3765 meditatione
2288 3711 2499 3767 sincere
2520 3722 2573 3766 et
2615 3712 2821 3783 absque
2857 3712 3095 3775 ﬁctione,
3125 3726 3353 3782 appare-

1789 3804 1870 3857 bit
1898 3803 1952 3856 in
2003 3803 2187 3858 anima
2216 3812 2307 3857 tua
2343 3803 2520 3858 lumen
2540 3804 2789 3868 "Christi,
2815 3804 2962 3875 quod
3011 3804 3067 3859 in
3094 3800 3353 3860 aeternum

1791 3910 1898 3948 non
1917 3897 2310 3964 exstinguetur.
2341 3892 2447 3963 Ipsi
2485 3896 2655 3963 gloria
2692 3904 2748 3949 et
2788 3904 3033 3965 potestas
3070 3895 3125 3950 in
3158 3896 3356 3950 saecula

1792 3987 2135 4042 saeculorum.
2162 3986 2360 4040 Amen.
2480 3992 2485 3997 '

2301 4233 3340 4257 Μ

753 4402 1267 4516 SANCTI
1345 4397 2075 4513 DOROTHEI
2161 4398 2752 4512 ABBATIS

999 4664 1621 4755 EPISTOLIE
1691 4651 1843 4751 AD
1895 4662 2508 4756 DIVERSOS.

92 4952 178 5002 A'.
215 4970 299 4984 -—-—
346 4934 503 5003 Πρὸς
538 4930 801 4999 ἀδελφὸν
824 4926 1383 5007 σῖτενοχωρούμενον
1413 4924 1532 4975 ὑπὸ
1571 4938 1697 4974 πει-

779 5014 1039 5085 ριξσμου.

170 5101 432 5173 Πρῶτον
479 5094 597 5164 μὲν,
632 5083 990 5177 τέκνονζςούκ
1018 5086 1237 5157 οἴδαμεν
1264 5084 1361 5145 τὰς
1390 5083 1696 5152 οἰκονομίας

89 5200 197 5255 τοῦ
241 5190 423 5254 Θεοῦ,
457 5188 550 5241 καὶ
580 5175 868 5254 ὀφείλομεν
892 5181 1233 5252 παραχωρεῖν
1260 5176 1407 5244 αὐτῷ
1440 5177 1536 5245 τὴν
1566 5175 1698 5227 διοί-

94 5309 282 5363 κησιν
312 5284 498 5355 ἡμῶν.
524 5283 660 5349 ὅπερ
687 5279 779 5330 καὶ
808 5276 904 5329 νῦν
930 5274 1165 5344 μάλιστα
1189 5270 1473 5339 ὀφείλομεν
1502 5270 1695 5321 ποιεῖν.

1943 4959 1984 4980 ,.
2016 4953 2080 4960 -
2120 4922 2199 4979 Ad
2230 4922 2446 4987 fratrem
2481 4925 2853 4978 tentationibus
2880 4940 3204 4994 oppressum.

1876 5083 2055 5140 Primo
2072 5082 2421 5153 quidemJili,
2448 5088 2722 5142 nescimus
2754 5085 2843 5140 Dei
2876 5087 3355 5161 dispensationem,

1803 5190 1858 5232 et
1878 5180 2129 5232 debemus
2141 5177 2187 5230 ei
2206 5178 2515 5245 permittere
2531 5180 2969 5250 gubernationem
2988 5184 3158 5237 nostri
3185 5204 3198 5238 :
3217 5189 3361 5257 quod

1807 5286 1948 5324 nunc
1979 5269 2245 5337 praecipue
2272 5268 2447 5325 facere
2468 5272 2742 5324 debemus.
2771 5270 2829 5325 Si
2843 5273 2985 5326 enim
3011 5275 3143 5331 velis
3171 5277 3363 5333 buma-

104 5360 253 5439 Ἐὰν
295 5379 418 5446 γὰρ
452 5372 684 5440 θελήσῃς
714 5366 1074 5437 ἀνθρωπίνοις
1101 5363 1378 5431 λογισμοῖς
1404 5360 1609 5430 κρίνειν
1635 5360 1702 5413 τὰ

1806 5364 1890 5416 nis
1918 5360 2220 5415 rationibus
2241 5376 2303 5414 ea
2326 5379 2448 5431 qua:
2486 5363 2821 5431 contingunt,
2855 5362 3121 5433 judicare,
3168 5378 3221 5424 et
3256 5385 3362 5423 non

58 5504 63 5509 ι
92 5469 488 5529 ἀπαντῶντι,
520 5465 613 5513 καὶ
646 5459 721 5530 μὴ
756 5457 952 5528 μᾶλλον
974 5458 1068 5509 ἐπὶ
1084 5458 1173 5509 τον
1202 5454 1332 5506 Θεὸν
1361 5452 1702 5523 ἐπιρῤεπτειν

90 5569 205 5636 τὴν
266 5557 558 5631 μέριμνὰν
590 5568 704 5615 σου,
739 5548 1022 5602 κοποῦσαι.
1063 5552 1153 5601 Δεῖ
1193 5542 1305 5607 οὖν,
1336 5545 1423 5597 ὅτε
1456 5543 1704 5615 ἔρχονται

93 5649 453 5713 στενοῦντές
500 5664 557 5700 σε
606 5643 833 5698 ἐναντίοι
864 5642 1135 5710 λογισμοὶ,
1186 5638 1405 5710 κράζειν
1443 5637 1576 5707 πρὸς
1614 5639 1704 5689 τὸν

91 5751 283 5809 θεόν’
328 5739 508 5809 Κύριε
556 5739 629 5801 ὡς
661 5737 832 5798 θέλεις
875 5735 968 5787 καὶ
1005 5733 1080 5797 ὡς
1124 5729 1291 5796 οἶδας,
1333 5731 1605 5798 οἱκονόμει
1638 5732 1703 5781 σὺ

90 5850 161 5899 τὶ
223 5835 510 5908 πρᾶγμα.
560 5831 735 5885 Πολλὰ
784 5829 889 5899 γὰρ
924 5830 1053 5896 παρ’
1092 5828 1119 5877 ὃ
1169 5822 1458 5895 νομίζομεν
1505 5822 1704 5892 ἧπαρ⁵

92 5932 365 5994 ὲλπὶδπς
398 5926 542 5977 ποιεῖ
568 5923 601 5993 ἠ
631 5923 853 5994 πρόνοια
882 5918 972 5973 τοῦ
1002 5916 1158 5986 Θεοῦ,
1191 5918 1285 5973 ml.
1329 5916 1499 5977 ἄλλως
1550 5916 1700 5966 ἐλπι-

1808 5452 1984 5521 potius
2008 5451 2060 5504 in
2081 5450 2244 5505 Deum
2262 5454 2482 5522 rcjicere
2504 5468 2690 5506 curam
2714 5454 2982 5511 laborahis
3002 5456 3173 5514 valde.
3196 5462 3365 5527 Opor-

1810 5555 1883 5598 tet
1904 5544 2088 5613 igitur,
2118 5558 2240 5597 enm
2272 5545 2524 5599 contrarii
2552 5546 2783 5614 impetus
2810 5550 2905 5602 tibi
2932 5551 3162 5605 subeunt
3185 5555 3368 5620 Oppri-

1810 5646 2017 5690 mentes
2040 5645 2111 5699 te,
2139 5637 2205 5690 ad
2225 5637 2389 5692 Deum
2406 5636 2639 5691 clamare
2659 5654 2671 5688 :
2693 5637 2937 5704 Domine,
2960 5643 3100 5696 sicut
3118 5644 3196 5695 vis
3222 5651 3274 5696 et
3295 5647 3370 5697 si-

1809 5739 1897 5783 cut
1919 5730 2081 5795 nosti,
2115 5732 2355 5801 gnberna
2384 5731 2681 5803 negotium.
2715 5734 2877 5788 Multa
2898 5736 3042 5789 enim
3082 5740 3369 5806 providen—

1810 5822 1880 5874 tia
1914 5820 2007 5875 Dei
2054 5833 2251 5891 praater
2278 5836 2440 5891 quam
2483 5834 2737 5892 putamus
2758 5834 2849 5877 aut
2874 5840 3152 5893 speramus
3190 5829 3317 5884 facit
3356 5870 3369 5907 τ

1808 5924 1859 5972 et
1898 5932 1983 5975 res
2035 5919 2187 5973 aliter
2237 5927 2481 5988 sperata),
2521 5919 2847 5990 experientia
2884 5918 3041 5974 aliter
3086 5920 3374 5980 inveniun—
