4024 6340
149 468 286 548 ista

974 453 1254 543 ORATIO
1309 482 1390 543 1N
1448 483 1845 545 MULIERES
1898 483 2562 546 UNGUENTIFERAS.

3247 482 3386 550 1850

155 577 342 657 fev'lic.
374 587 483 641 ἀπὸ
513 588 735 660 γνώμης
763 593 969 656 οἰκείας
988 635 1002 654 ,
1032 595 1092 660 ἐξ
1119 597 1362 665 ἀνάγκης
1396 596 1470 666 (ι)
1523 600 1600 660 εἱς
1629 598 1718 651 τὸν
1747 639 1755 658 λ

1842 613 1936 667 pse
1963 599 2258 660 voluntate,
2290 597 2436 650 nulla
2477 610 2608 651 vero
2635 595 2976 664 necessitate,
3005 612 3224 656 crucem
3253 616 3387 656 con-

157 680 380 751 σταυρὸν
416 681 675 747 ἀνελθὼν,
705 685 801 736 καὶ
823 687 890 755 τῇ
920 685 1028 739 τῶν
1058 689 1252 758 χειρῶν
1290 691 1510 744 ἐκτάσει
1541 693 1720 744 πᾶσαν

154 774 442 843 ὲκδικήσας
473 775 572 847 τὴν
607 777 807 845 κτίσιν,
847 780 942 833 καὶ
972 782 1150 844 πάσας
1193 782 1294 845 τὰς
1326 767 1597 854 ’άοράτους
1629 785 1722 838 καὶ

154 868 396 936 πονηράς
426 868 682 942 δυνάμεις
728 871 1080 941 στηλιτεύσας
1111 873 1186 944 τῷ
1227 876 1411 948 οἰκείῳ
1444 876 1606 930 πάθει
1630 876 1722 930 τοῦ

156 961 426 1030 σώματος,
458 961 689 1033 ἠθέλησε
717 962 814 1034 τὴν
839 965 1000 1032 ἁγίαν
1023 964 1186 1018 αὐτοῦ
1221 967 1396 1030 σάρκα
1431 967 1723 1034 γεύσασθαι

153 1052 244 1120 τῆς
267 1050 571 1122 τριημὲρου
595 1051 915 1124 νεκρώσεως
950 1054 1086 1126 ὑπὲρ
1133 1057 1314 1124 πάσης
1339 1057 1456 1126 τῆς
1476 1055 1688 1124 φύσεως
1706 1097 1722 1122 ,

154 1142 236 1196 ἵνα
264 1143 335 1194 δι’
367 1143 537 1216 αὐτῆς
579 1145 658 1216 τῷ
690 1147 1078 1218 νενεκρωμένῳ
1101 1147 1247 1214 γένει
1286 1147 1382 1218 τὴν
1428 1125 1724 1201 άθανασὶαν

155 1235 447 1305 χαρίσηται
478 1250 495 1266 ⁸
531 1240 625 1290 καὶ
653 1236 716 1308 δὴ
741 1237 926 1301 κλίνας
950 1239 1051 1307 τὴν
1077 1238 1233 1305 ἁγίαν
1269 1238 1433 1301 αὖτοῦ
1458 1240 1724 1311 κεφαλὴν,

155 1326 439 1381 ἐκέλευσεν
467 1327 543 1386 ὥς
574 1327 910 1399 θεραπαινίδι
949 1331 1016 1400 τῇ
1048 1315 1272 1400 τελευτῇ
1307 1329 1623 1398 προσελθεῖν
1657 1331 1724 1400 τῇ

159 1419 362 1490 σαρκί”
395 1419 490 1473 καὶ
520 1420 861 1491 παραχρῆμα
896 1421 1228 1493 παρεγένετο
1271 1421 1520 1493 καθάπερ
1545 1421 1728 1485 δοῦλος

154 1515 182 1564 ὀ
201 1513 456 1578 Θάνατος,
488 1512 750 1567 διακονῶν
791 1513 867 1585 τῷ
893 1513 1196 1583 δεσποτικῴ
1222 1514 1551 1584 διατάγματι
1586 1531 1601 1544 ο
1634 1517 1730 1566 καὶ

163 1607 361 1670 λαὸὼν,
399 1609 669 1678 κατεῖχεν,
701 1608 838 1678 ὅπερ
867 1601 1150 1678 ἐπετράπη
1204 1609 1360 1677 σῶμα
1387 1608 1589 1662 λαϐεῖν.
1621 1607 1728 1661 Τοῦ

156 1701 211 1754 δὲ
233 1700 490 1770 σώματος
530 1702 740 1756 ἐκείνου
768 1700 862 1754 τοῦ
889 1700 1136 1770 φωϐεροῦ
1169 1703 1282 1762 τοῖς
1304 1699 1565 1771 χερουδὶμ
1582 1741 1598 1764 ,
1634 1701 1754 1754 καὶ*

158 1792 388 1863 φρικτοῦ
409 1796 520 1858 τοῖς
541 1793 804 1866 σεραφὶμ,
823 1791 928 1846 ὑπὸ
941 1791 1036 1844 τοῦ
1067 1792 1297 1845 θανάτου
1330 1791 1692 1862 κρατηθέντος
1713 1831 1728 1854 ,

156 1885 350 1952 οὕτως,
377 1887 453 1950 ὠς
478 1885 742 1956 ἠθέλησεν
771 1886 801 1938 ὁ
829 1884 924 1938 τοῦ
959 1884 1214 1957 σώματος
1248 1884 1476 1954 Κύριος,
1506 1885 1601 1938 καὶ
1629 1885 1732 1955 τῆς

158 1978 339 2050 ψυχῆς
365 1977 459 2031 τοῦ
488 1977 743 2050 Σωτῆρος
763 1977 1079 2050 δραμούσης
1125 1977 1580 2046 εὐαγγελίσασθαι
1608 1978 1729 2040 ταῖς

157 2070 356 2141 ψυχαῖς
388 2068 490 2141 τὴν
533 2067 913 2136 ἀπολύτρωσιν
956 2068 1136 2124 αὐτῶν
1167 2086 1180 2098 ·
1213 2070 1308 2122 καί
1341 2071 1440 2139 τῆς
1475 2068 1731 2138 θεότητος

158 2156 348 2218 αὐτοῦ,
393 2155 488 2208 καὶ
533 2156 672 2226 μετὰ
707 2153 802 2207 τοῦ
832 2152 1085 2225 σώματος
1129 2152 1294 2224 οὔσης
1323 2155 1416 2206 καὶ
1451 2155 1598 2224 ,μετὰ
1630 2152 1732 2217 τῆς

157 2247 341 2317 ψυχῆς
365 2264 381 2277 ·
417 2247 478 2300 οὐ
504 2247 613 2317 γὰρ
646 2246 915 2319 ἐχωρίσθη
958 2247 1100 2317 μετά
1119 2248 1218 2318 τὴν
1242 2246 1435 2300 ἕνωσιν
1466 2249 1501 2316 ἡ
1543 2245 1732 2314 θεότης

156 2341 258 2410 τῆς
301 2339 722 2413 άνθρωπὸτητος
769 2341 1020 2412 οὐδαμῶς
1060 2340 1297 2411 οὐδαμοῦ
1323 2358 1339 2373 ο
1373 2340 1507 2393 ἀλλὰ
1539 2341 1633 2393 καὶ
1675 2342 1733 2392 ὲν

157 2434 269 2497 τοῖς
331 2433 580 2502 οὐρανοῖς
637 2427 705 2504 ἦν
735 2447 751 2464 ·
800 2433 894 2486 καὶ
948 2434 1006 2484 ἐν
1057 2431 1214 2501 τάφῳ
1255 2426 1444 2500 ’παρῆν
1486 2429 1731 2495 ἀπαθῶς,

157 2522 439 2594 ἄφθαρτον
469 2521 814 2594 φυλάττουσα
849 2519 912 2576 τδ
947 2523 1150 2593 ἑαυτῆς
1182 2521 1529 2592 περιϐόλαιον
1561 2536 1574 2550 ’
1611 2517 1736 2572 τού-

158 2633 268 2684 των
296 2613 473 2679 οὕτως
491 2612 970 2685 οΞκονομηθέντων.
989 2615 1184 2684 Ἰωσήφ
1212 2631 1298 2676 τις
1341 2613 1480 2684 ἀνὴρ
1507 2613 1736 2683 εὐγενής

156 2721 217 2762 τε
270 2709 371 2762 καὶ
417 2705 691 2770 πλούσιος,
737 2706 846 2759 ἀπὸ
886 2706 1243 2777 Ἁριμαθαίας
1274 2706 1619 2775 ὁρμώμενος,
1638 2703 1733 2757 τοῦ

158 2799 574 2870 ἐσταυρωμένον
602 2796 845 2868 μαθητὴς
873 2795 1136 2866 γεγονὼς,
1163 2795 1572 2866 τελευταίαντῷ
1593 2794 1731 2847 διδα-

159 2892 352 2963 σκάλῳ
394 2889 534 2962 μετὰ
561 2890 661 2962 τὴν
697 2889 952 2962 τελευτὴν
979 2889 1263 2950 ἀποδιδοὺς
1285 2889 1540 2960 ἀμοιϐὴν,
1564 2905 1732 2958 προσ-

158 2985 296 3059 ἦλθε
346 2983 428 3056 τῷ
478 2983 716 3056 Πιλάτῳ,
769 2984 1098 3054 παρακαλῶν
1163 2984 1330 3038 αὑτὸν
1376 2983 1470 3036 καὶ
1519 2982 1692 3050 λέγων
1718 2996 1731 3010 ⁸

164 3099 184 3129 ι
223 3076 403 3149 ’Υπὲρ
419 3075 614 3148 νεκροῦ
636 3077 838 3148 ταύτην
861 3077 937 3148 (5)
959 3075 1218 3146 ποιοῦμαι
1247 3076 1345 3149 τὴν
1362 3074 1564 3144 δέησιν,
1587 3073 1737 3142 παρὰ

166 3167 269 3236 μὲν
296 3165 410 3219 τῶν
438 3164 650 3237 ἐχθρῶν
677 3164 1200 3235 συκοφαντηθέντος,
1230 3163 1384 3235 παρὰ
1419 3164 1477 3216 δὲ
1505 3162 1612 3216 τῶν
1646 3161 1739 3231 φί-

1822 690 2109 749 scendens,
2133 688 2492 755 manibusque
2515 688 2758 742 extensis
2784 689 3093 745 universam
3116 691 3388 746 ulciscens

1821 791 2150 838 creaturam.
2180 795 2246 834 ac
2272 777 2570 833 invisibiles
2597 792 2791 834 omnes
2816 780 3189 852 malignasque
3216 784 3390 838 virtu-

1822 882 1904 929 tes
1934 873 2150 944 propria
2179 871 2426 941 corporis
2455 862 2710 940 passione
2743 873 3033 928 traducens
3059 875 3081 905 ⁸
3099 915 3114 938 ,
3146 884 3390 928 sanctam

1823 982 2040 1022 carnem
2093 979 2245 1020 suam
2291 974 2518 1018 mortem
2559 965 2867 1017 triduanam
2918 979 3020 1035 pro
3061 951 3272 1020 natura:
3305 973 3390 1020 to-

1825 1060 1934 1114 tius
1983 1058 2154 1113 salute
2198 1067 2418 1127 gustare
2465 1056 2669 1110 voluit:
2720 1065 2882 1126 atque
2933 1059 3071 1129 adeo
3125 1058 3393 1113 inclinans

1823 1160 2071 1206 sanctum
2103 1166 2259 1205 suum
2291 1157 2472 1218 caput,
2502 1159 2727 1201 inortem
2758 1164 2858 1203 ceu
2889 1151 3143 1205 ancillam
3171 1151 3237 1204 ad
3270 1165 3393 1206 car-

1826 1259 1949 1310 nem
1985 1242 2240 1298 accedere
2267 1242 2453 1310 jussit.
2507 1244 2759 1296 Actutum
2804 1257 2937 1297 vero
2978 1243 3170 1298 humili
3212 1241 3392 1297 famu-

1824 1338 1941 1390 latu
1984 1349 2134 1389 mors
2182 1333 2356 1388 adfuit
2415 1333 2709 1386 llominicze
2752 1333 3063 1404 obsequens
3114 1333 3391 1402 jussioni;

1825 1442 2134 1498 corpusque
2162 1426 2322 1496 quod.
2341 1424 2492 1490 jussa
2523 1437 2642 1479 erat
2686 1427 2929 1495 accipere
2950 1466 2965 1489 ,
3013 1427 3286 1496 accipiens
3315 1433 3395 1479 te-

1827 1520 1969 1577 nuit.
1997 1519 2131 1574 Cum
2167 1518 2245 1572 sic
2271 1533 2400 1585 ergo
2425 1532 2625 1586 corpus
2657 1517 2787 1571 illud
2820 1519 3161 1572 tremendum
3189 1517 3398 1573 Cheru-

1828 1613 1972 1668 hinis
2005 1627 2068 1666 ac
2097 1611 2409 1679 Seraphiuis
2445 1609 2778 1663 horrendum
2819 1625 2846 1662 a
2895 1617 3068 1664 morte
3099 1618 3396 1675 teneretur,

1829 1703 2287 1775 quemadmodum
2316 1701 2484 1755 voluit
2510 1701 2758 1771 corporis
2789 1700 3048 1756 Dominus
3067 1742 3082 1766 ,
3109 1701 3400 1769 animaque

1832 1796 2128 1854 Salvatoris
2159 1795 2594 1865 evangelizatura
2629 1792 2916 1849 animabus
2951 1808 3137 1848 earum
3188 1791 3402 1847 redem-

1831 1891 2069 1960 ptionem
2097 1888 2251 1943 ocius
2280 1888 2532 1948 abiisset;
2559 1896 2814 1953 essetque
2836 1883 2956 1954 ejus
2983 1884 3155 1938 deitas
3184 1882 3402 1951 utrique

1833 1994 2018 2035 comes
2047 1978 2352 2047 (nusquam
2385 1974 2530 2028 enim
2560 1972 2854 2043 aliquando
2885 1973 3061 2028 deitas
3094 1981 3214 2042 post
3244 1969 3402 2025 unio-

1836 2087 1960 2127 nem
2045 2069 2113 2124 al)
2164 2067 2500 2123 humanitate
2557 2064 2846 2134 discessit)
2893 2083 2908 2122 :
2977 2065 3108 2135 quin
3182 2072 3237 2120 et
3285 2074 3404 2118 erat

1836 2165 1892 2220 in
1938 2163 2093 2219 caelis
2130 2161 2427 2230 aderatque
2486 2157 2856 2229 impatibiliter
2908 2158 3200 2227 sepulcro,
3241 2171 3402 2212 suum

1838 2242 2013 2325 ipsius
2030 2252 2406 2306 indumentum
2425 2265 2455 2304 a
2474 2249 2819 2318 corruptione
2842 2262 3064 2302 servans
3085 2245 3366 2301 innoxium
3389 2263 3404 2300 :

1837 2346 1924 2400 his
1947 2386 1962 2409 ,
1991 2346 2210 2411 inquam
2233 2381 2249 2400 .
2294 2341 2366 2395 ita
2397 2341 2802 2412 dispensatione
2835 2340 3034 2411 gestis,
3064 2337 3150 2392 vir
3181 2335 3404 2408 quidam

1836 2436 2034 2496 nobilis
2066 2433 2268 2503 pariter
2295 2448 2358 2486 ac
2388 2432 2561 2493 dives,
2595 2430 2793 2501 Ioseph
2829 2432 3074 2496 nomine,
3102 2430 3170 2485 ab
3193 2427 3411 2484 Arima-

1841 2531 1974 2595 thia,
1997 2529 2089 2599 qui
2115 2525 2580 2589 fuissetCruciiixi
2611 2523 2936 2593 discipulus,
2959 2536 3268 2591 supremam
3288 2527 3412 2588 post

1838 2634 2068 2680 mortem
2109 2620 2366 2690 magistro
2403 2619 2578 2672 vicem
2615 2615 2850 2672 reddens
2871 2656 2888 2679 ,
2923 2615 3154 2669 accessit
3179 2613 3246 2668 ad
3269 2612 3412 2666 Pila-

1840 2727 1953 2772 tum
1975 2757 1989 2779 ,
2024 2715 2320 2770 obsecrans
2349 2726 2412 2765 ac
2437 2708 2624 2764 dicens
2653 2726 2666 2761 :
2705 2725 2725 2759 ι
2764 2707 2914 2762 lianc
2943 2720 3042 2776 pro
3070 2713 3284 2758 mortuo
3316 2718 3410 2770 pe-

1840 2813 2087 2864 titionem
2135 2806 2308 2870 facio;
2356 2819 2455 2874 pro
2495 2811 2744 2867 mortuo,
2787 2801 3046 2869 inquam.
3081 2796 3412 2850 calumniam
3464 2778 3473 2786 ’

1841 2919 2005 2975 passo
2035 2902 2103 2956 ab
2141 2894 2391 2955 hostibus
2417 2937 2432 2962 ,
2463 2907 2520 2951 et
2551 2897 2620 2951 ab
2652 2894 2842 2949 amicis
2873 2891 3143 2964 passionis
3171 2899 3414 2958 tempore

1843 2996 2118 3052 derelicto.
2169 2992 2276 3046 Pro
2333 3000 2551 3046 mortuo
2605 2990 2889 3058 supplico,
2946 2987 3176 3041 habente
3238 2995 3416 3050 neque

1845 3104 2037 3144 aurum
2069 3100 2245 3153 neque
2272 3092 2557 3151 argentum
2590 3096 2767 3152 neque
2806 3080 3007 3135 milites
3048 3092 3223 3147 neque
3257 3075 3416 3130 auxi-

1847 3180 2034 3235 liarios
2057 3169 2236 3248 neque
2265 3176 2583 3245 stipatores,
2619 3181 2981 3241 praeterquam
3036 3179 3244 3225 tantum
3279 3184 3420 3239 pauo

159 3259 270 3314 λων
306 3253 787 3326 καταλειφθέντος,
821 3257 901 3327 τῷ
927 3257 1022 3310 τοῦ
1072 3256 1282 3320 πάθους
1326 3255 1524 3328 καιρῷ.
1567 3255 1739 3328 Ὑπὲρ

1848 3273 2118 3344 perculam
2147 3279 2395 3336 matrem,
2414 3266 2534 3336 ejus
2550 3275 2707 3334 partu
2740 3265 2959 3320 divitem
2984 3263 3254 3320 eﬂ‘ectam.
3280 3259 3418 3317 Ora-

157 3350 362 3426 νεκροῦ
389 3350 642 3415 ἱκετεύω,
679 3349 754 3421 μὴ
794 3348 1132 3418 κεκτημένου
1173 3350 1313 3419 μήτε
1343 3349 1564 3420 χρυσὸν,
1600 3348 1736 3419 μήτε

77 3464 84 3470 ·
156 3447 428 3519 ἄργυρον,
463 3445 601 3516 μήτε
642 3440 1008 3514 στρατιώτας,
1055 3440 1190 3514 μήτε
1223 3441 1562 3511 συμμάχους,
1599 3441 1739 3511 μήτε

156 3533 518 3606 δορυφόρους,
542 3533 592 3584 εἰ
624 3530 700 3603 μὴ
731 3531 890 3603 μόνον
917 3529 1130 3602 μητέρα
1153 3529 1440 3600 πενιχρὰν,
1471 3529 1548 3600 τῷ
1574 3527 1738 3582 αὐτοῦ

162 3629 319 3699 τόκῳ
371 3625 772 3695 πλουτήσασαν.
821 3625 992 3695 ’Υπὲρ
1031 3621 1228 3694 νεκροῦ
1252 3621 1542 3693 πρεσϐεύω
1581 3623 1740 3676 ἑκου-

161 3719 300 3781 o‘im;
330 3713 697 3788 ἀποθανόντος
719 3728 734 3744 ’
763 3716 812 3768 ei
856 3714 928 3785 μὴ
963 3713 1071 3783 γὰρ
1095 3700 1378 3782 ἠθέλησεν,
1408 3713 1509 3766 οὐκ
1535 3712 1600 3766 ἂν
1628 3716 1745 3766 ἐτε-

156 3811 422 3882 λεύτησε.
441 3809 821 3881 Καθαιρεὶσθω
840 3808 1016 3862 τοίνυν
1039 3807 1146 3860 ἀπο
1162 3805 1256 3860 τοῦ
1279 3807 1514 3878 σταυροῦ
1536 3795 1740 3872 λοιπὸν,

154 3907 188 3959 ὁ
213 3901 435 3976 μηδένα
484 3899 649 3972 μηδὲν
689 3897 985 3969 ἠδικηκὼς,
1017 3897 1358 3968 εὐεργεσίαις
1404 3898 1462 3950 δὲ
1525 3895 1748 3970 μυρίαις

156 3994 508 4066 τετιμηκὼς.
535 3989 772 4064 Χάριστί
817 4006 907 4060 μοι
941 3989 1120 4061 χάριν,
1167 3983 1235 4060 ἧς
1274 3990 1374 4043 οὐκ
1406 3987 1547 4058 ἔχεις
1581 3990 1746 4061 ἄλλην

157 4087 403 4161 ἀμείνω
453 4087 612 4157 χάριν
648 4101 738 4156 μοι
768 4085 1014 4156 χάρισαι,
1059 4081 1328 4152 μακάριον
1355 4079 1616 4133 ποιοῦσάν
1654 4098 1744 4149 με,

156 4184 257 4236 τὴν
276 4179 485 4248 ταύτην
503 4177 806 4249 δεχόμενον.
839 4173 1092 4246 Δωρῆσαί
1126 4190 1214 4244 μοι
1235 4172 1327 4226 τὸν
1351 4170 1613 4236 ζωοποιὸν
1633 4172 1752 4225 τοῦ·

157 4294 258 4332 τον
292 4272 510 4346 νεκρὸν,
542 4272 632 4325 ἵνα
660 4269 843 4324 λαϐὼν
869 4269 1053 4333 αὑτὸν,
1076 4264 1302 4336 καλύψω
1332 4267 1398 4336 τῇ
1438 4266 1529 4334 γῇ.
1560 4264 1750 4336 Δωρῆ-

161 4365 258 4421 σαί
302 4382 397 4436 μοι
426 4362 488 4417 τδ
512 4359 914 4434 τρισμακάριον
952 4359 1133 4427 σῶμα,
1161 4357 1300 4428 ὅπερ
1328 4354 1687 4428 νεκρούμενον
1714 4357 1748 4423 ἠ

158 4460 354 4522 κτίσις
401 4454 701 4527 ἐπένθησεν
741 4452 948 4522 ιδοῦσα.
982 4451 1236 4522 Δωρῆσαί
1287 4467 1380 4522 μοι
1418 4449 1579 4521 σῶμα
1615 4449 1753 4519 ὅπερ

159 4551 452 4610 ὰτωπνὲον
471 4553 504 4604 ὁ
549 4548 679 4613 ναὸς
711 4543 1089 4621 θεασάμενος-,ο
1114 4545 1176 4599 τὸ
1208 4543 1402 4598 ἑαυτοῦ
1440 4543 1751 4616 περιέσχισε

1843 3377 1954 3419 tum
1983 3362 2142 3416 venio
2168 3375 2267 3430 pro
2295 3370 2531 3423 mortuo,
2560 3368 2753 3425 sponte
2791 3372 2888 3411 sua
2921 3367 3095 3411 morte
3123 3354 3414 3414 defuncto:

1841 3456 1947 3513 nisi
1981 3450 2126 3509 enim
2157 3449 2438 3513 voluisset,
2471 3449 2694 3503 minime
2717 3451 2961 3517 gentium
2982 3453 3231 3500 mortuus
3250 3454 3417 3498 esset.

1842 3552 2106 3605 (Zzeterum
2137 3558 2268 3613 ergo
2286 3543 2588 3611 deponatur
2612 3540 2679 3597 dc
2702 3555 2864 3594 cruce
2894 3539 2938 3593 is
2961 3538 3052 3608 qui
3077 3536 3208 3591 nihil
3227 3549 3420 3606 quem--

1843 3656 2008 3712 quam
2040 3639 2241 3709 injuste
2266 3636 2426 3700 laesit,
2454 3633 2548 3690 sed
2582 3631 3076 3687 innumerabilibus
3104 3644 3294 3684 omnes
3326 3628 3422 3683 be-

1847 3731 2054 3785 neliciis
2103 3726 2411 3781 honoravit.
2455 3723 2694 3779 Gratiam
2731 3721 2862 3776 mihi
2905 3721 3103 3791 largire
3136 3764 3150 3788 ,
3183 3731 3291 3789 qua
3325 3716 3424 3771 tibi

1849 3823 1993 3878 nulla
2049 3819 2290 3890 suppetit
2329 3817 2540 3873 melior.
2566 3813 2698 3869 Mihi
2723 3813 2948 3885 gratiam
2983 3812 3180 3882 largire
3207 3850 3223 3872 ,
3258 3823 3425 3880 quam

1846 3917 1937 3987 qui
1963 3913 2254 3978 suscipiam
2290 3911 2406 3981 ipso
2437 3903 2875 3962 beatus'efﬁciar.
2908 3904 3060 3968 Dona
3097 3903 3234 3958 mihi
3276 3904 3427 3956 mor-
3460 3891 3466 3898 ’

1851 4018 2002 4062 tuum
2055 4007 2203 4058 hunc
2237 4001 2536 4060 viviticum,
2587 4006 2646 4050 ut
2683 3995 2956 4064 accipiens
2999 3993 3148 4047 humi
3191 3991 3428 4047 abscon-

1848 4101 1994 4155 dam.
2027 4097 2175 4153 Dona
2207 4092 2338 4148 mihi
2380 4103 2460 4147 ter
2507 4093 2723 4145 beatum
2763 4102 3004 4157 corpus,
3050 4086 3196 4156 quod
3238 4085 3434 4141 videns

1849 4189 2177 4244 exstinctum
2210 4191 2458 4239 creatura
2485 4179 2642 4235 luxit.
2671 4179 2819 4233 Dona
2851 4177 2984 4232 mihi
3010 4190 3213 4244 corpus
3237 4217 3254 4241 ,
3279 4177 3428 4245 quod

1849 4280 2138 4350 exspirans
2162 4285 2433 4333 contuens
2457 4275 2720 4344 templum
2736 4312 2751 4338 ,
2788 4284 2948 4326 suum
2979 4271 3157 4339 ipsum
3182 4269 3429 4323 velamen

1851 4370 2140 4428 conscidit.
2165 4367 2316 4432 Dona
2348 4365 2480 4421 mihi
2506 4379 2726 4433 corpus,
2758 4377 2856 4431 per
2873 4363 3017 4430 quod
3040 4357 3235 4416 scissae
3262 4367 3433 4429 petras

1851 4472 2078 4535 ruptura
2111 4461 2316 4515 luctum
2349 4457 2724 4530 prodiderunt.
2754 4452 3121 4509 Deosculabor
3147 4464 3427 4508 sacrarum

1853 4569 2116 4612 manuum
2149 4553 2375 4608 vulnera
2400 4592 2416 4617 ,
2442 4550 2644 4621 quibus
2672 4545 2872 4600 animas
2902 4561 3038 4601 meae
3073 4543 3298 4615 vulnera
3320 4555 3430 4594 cu-

158 4644 602 4710 καταττέτσημα.
646 4639 899 4712 Δωρῆσαι
929 4653 1018 4707 μοι
1042 4635 1220 4706 σῶμα,
1254 4636 1323 4689 δι’
1361 4629 1423 4689 οὗ
1472 4637 1528 4689 αἱ
1553 4636 1752 4707 πέτραι

1857 4655 1974 4701 rata
2002 4651 2147 4700 sunt.
2187 4642 2427 4713 Palpabo
2467 4641 2610 4694 latus
2641 4635 2775 4692 illud
2807 4636 3186 4690 intemeratum
3212 4669 3228 4693 ,
3264 4644 3295 4683 a
3322 4643 3434 4699 qua

160 4738 506 4811 σχισῦετσαι,
535 4732 612 4802 τῷ
640 4733 880 4803 ρήγματι
907 4728 969 4781 τὸ
1003 4726 1194 4790 πένθος
1233 4727 1530 4797 ἐμήνυσαν.
1567 4729 1753 4782 Κατα-
1801 4766 1809 4773 .

159 4831 397 4902 φιλήσω
421 4827 492 4880 τά
533 4821 823 4895 τραύματα
851 4819 958 4873 τῶν
996 4819 1165 4887 ἁγίων
1203 4818 1428 4889 χειρῶν,
1459 4817 1526 4870 δι’
1551 4811 1626 4872 ὧν
1653 4818 1754 4886 τῆς

157 4920 316 4993 ἐμῆς
367 4915 548 4988 ψυχῆς
587 4909 926 4984 ἐθεραπεύθη
975 4911 1044 4963 τὰ
1083 4910 1390 4981 τραύματα,
1434 4909 1755 4982 Ψηλαφήσω

156 5014 268 5086 τὴν
312 5011 586 5082 ἄχραντον
645 4998 861 5083 ἐκείνην
905 5001 1164 5070 πλευρὰν,
1216 5001 1308 5070 ἀφ’
1353 4996 1420 5074 ἦς
1478 5003 1754 5074 ἐπήγασξν

158 5101 318 5181 αἷμα
355 5099 638 5177 μυστικὸν,
661 5100 758 5153 καὶ
792 5097 936 5167 ὕδωρ
983 5097 1412 5166 ἀναγεννήσεως.
1466 5096 1755 5164 Ἐνταφιά-

162 5215 354 5254 σωσιν
388 5196 446 5250 ai
479 5196 659 5267 χεῖρες
687 5184 846 5247 αὗται
885 5195 976 5244 τὸν
1005 5191 1263 5260 μέλλοντα
1290 5186 1435 5240 λύειν
1461 5188 1554 5240 τοῦ
1584 5188 1753 5242 θανά-

160 5308 264 5345 του
286 5287 369 5342 τὰ
399 5287 713 5359 σπάργανα.
769 5269 1121 5355 κηδεύσουσιν
1158 5276 1306 5335 οὗτοι
1346 5282 1394 5332 οἱ
1438 5280 1754 5349 ἁμαρτωλοὶ

158 5380 442 5458 δάκτυλοι
485 5381 580 5434 τὸν
628 5379 810 5450 πάσης
850 5375 1196 5447 δικαιοσύνης
1229 5374 1466 5444 ἐργάτην
1496 5373 1590 5425 καὶ
1632 5391 1760 5427 παις

161 5473 402 5544 δεύτην.
430 5471 691 5543 Ἀψωμαι
718 5471 815 5540 τῆς
837 5469 1222 5537 άναμαρτήτου
1254 5465 1475 5533 σαρκὸς.
1503 5461 1569 5536 ἧς
1599 5468 1704 5530 πᾶς
1729 5468 1758 5520 ὁ

163 5565 329 5640 μετὰ
364 5561 603 5628 πίστεως
634 5561 930 5632 ἁπτόμενος
954 5600 968 5624 ,
997 5560 1406 5632 τρισμακάριος.
1443 5558 1756 5629 Προπέμψω

247 5682 272 5712 ⁸
303 5675 527 5734 Coloss.
558 5693 619 5744 ιι,
649 5677 736 5732 16.

246 5792 343 5864 (4)
508 5790 704 5858 ὰναγκ.
736 5788 915 5844 Deest.

388 5859 539 5936 nunc
567 5878 662 5936 pro
700 5860 1147 5936 mortuo.__5imili
1205 5859 1315 5936 fere
1351 5863 1754 5936 j‘tr0_sop_opu’.iﬂ.

173 5930 271 5995 π’
311 5930 513 5993 Similia
565 5935 873 6003 loquentem
932 5930 1222 6001 .l‘csephum
1275 5931 1477 5985 inducit
1529 5931 1756 6001 Epipha-

1857 4739 2083 4809 sanguis
2111 4735 2374 4809 mysticus
2404 4747 2470 4787 ac
2493 4744 2632 4800 aqua
2666 4725 3094 4800 regenerationis
3112 4765 3128 4790 ,
3160 4737 3257 4778 ceu
3287 4719 3436 4777 fonte

1858 4831 2175 4887 manarunt.
2216 4826 2495 4899 Sepeliant
2555 4837 2752 4878 manus
2803 4823 2889 4876 hae
2941 4832 3064 4874 eum
3113 4815 3205 4885 qui
3241 4814 3437 4869 mortis

1860 4916 2064 4980 fascias
2113 4930 2198 4978 est
2247 4919 2548 4975 soluturus.
2589 4911 2743 4970 Justa
2777 4910 3006 4970 reddant
3037 4916 3351 4977 peccatores
3379 4904 3435 4960 hi

1860 5016 2013 5088 digiti
2053 5015 2101 5070 ei
2132 5056 2150 5080 ,
2201 5013 2292 5084 qui
2324 5007 2594 5080 justitiam
2628 5019 2845 5061 omnem
2879 5007 3133 5072 operatus
3156 5006 3243 5053 est
3271 5006 3437 5069 atque

1859 5110 2064 5165 docuit.
2113 5106 2352 5175 Tangam
2404 5116 2628 5157 carnem
2684 5102 3025 5155 innocentem
3067 5134 3082 5158 ,
3137 5104 3304 5161 quam
3351 5100 3436 5146 ter

1860 5200 2086 5261 beatus,
2115 5191 2367 5264 quisquis
2397 5207 2522 5246 cum
2555 5191 2661 5246 fide
2689 5186 2880 5259 tangit.
2901 5183 3056 5239 illum
3080 5181 3344 5238 deducam
3365 5181 3436 5237 ad

1863 5293 2274 5344 monumentum
2301 5324 2315 5349 ,
2358 5283 2453 5353 qui
2503 5281 2734 5337 mortuis
2774 5284 3064 5349 aperturus
3109 5286 3194 5331 est
3240 5287 3435 5329 monu-

1867 5390 2066 5437 menta.
2122 5377 2355 5433 Inferam
2407 5376 2678 5432 defunctis
2732 5369 3154 5428 resurrectionis
3205 5368 3430 5423 fontem.

1861 5471 1930 5526 lis
1961 5469 2125 5526 etiam
2163 5467 2259 5538 qui
2283 5465 2599 5522 detinentur
2621 5466 2676 5522 in
2709 5460 2925 5519 inferno
2952 5502 2973 5530 ,
3015 5462 3296 5518 lucernam
3340 5471 3430 5510 re-

1858 5563 2214 5622 surrectionis
2239 5562 2548 5630 accendam.
2571 5580 2589 5614 ο

1868 5794 2014 5855 nius,
2071 5791 2221 5846 Orat.
2285 5790 2473 5846 eodem
2502 5799 2841 5858 argumento,
2874 5803 3034 5858 quam
3067 5784 3207 5858 edita
3240 5783 3429 5858 multis

1869 5866 2117 5917 vitiosam
2148 5855 2868 5931 rcpmsentant,possitque
2888 5855 2970 5914 vix
2993 5873 3100 5914 non
3133 5855 3235 5923 alia
3266 5856 3430 5925 prod—

1870 5935 1944 5991 ire
1968 5950 2029 5988 ex
2060 5932 2226 6004 Regio
2248 5933 2366 5989 edd.
2397 5945 2550 5986 num.
2570 5932 2694 5988 545.
2723 5933 2799 5988 ιιι.
3069 5961 3074 5966 -
