4024 6340
237 416 377 481 1853
1083 418 1363 479 ORATIO
1387 418 1462 478 IN
1495 415 1806 478 MULIER‘]

1915 416 2575 479 UNGUENTIFEIUS.
3316 415 3449 480 1854

231 531 457 586 οῖδατε.
472 528 599 582 Ἐἀν
611 524 749 597 ὀφθῇ
762 524 967 595 Πέτρος
998 524 1133 587 ἐκεῖ,
1155 530 1267 589 τοῖς
1281 526 1466 589 ὅπλοις
1481 526 1644 579 αὑτὸν
1688 526 1804 578 δια-

1907 523 1963 578 Si
1996 526 2214 593 quidem
2246 526 2356 580 illic
2382 527 2531 581 visus
2561 526 2631 580 sit
2655 526 2866 591 Petrus,
2889 541 3082 582 manus
3112 528 3165 581 in
3194 542 3320 582 eum
3345 530 3460 582 vio-

229 619 569 693 χειρίσασθε.
586 617 726 674 Ἐάν.
739 616 1111 687 παραγένηταί
1137 611 1221 681 τις
1241 617 1347 671 τῶν
1358 617 1451 670 τοῦ
1487 616 1801 687 Ναζαραίου

1904 616 2078 671 lentas
2122 617 2347 684 injicite.
2392 618 2447 671 Si
2478 620 2599 687 quis
2638 604 2925 672 accesserit
2961 634 2991 671 e
3032 619 3313 687 discipulis
3353 618 3459 671 Na-

235 712 520 784 μαθητῶν,
534 708 861 770 ἀναστάντες
873 706 1031 769 εὐθὺς
1053 707 1425 761 ἀποκτείνατε.
1457 707 1802 775 Ἐπιμείνατε

1904 710 2082 773 τοιαδί,
2116 712 2297 763 statim
2325 719 2670 777 exsurgentes
2697 724 2821 762 eum
2853 709 3098 763 occidite.
3135 710 3452 764 Permanete

232 802 633 876 γρηγοροῦντες
647 802 741 855 καὶ
750 800 1105 868 φυλάττοντες
1117 799 1380 869 ἀκριϐῶς,
1393 799 1480 851 ἵνα
1496 799 1679 868 μηδεὶς
1694 796 1804 850 τῶν

1904 799 2095 879 |vigiles
2137 815 2201 853 ac
2232 800 2519 869 diligenter
2575 798 2958 872 custodientes,
3011 808 3070 852 ut
3101 813 3165 853 ne
3184 794 3310 867 quis
3353 814 3459 853 non

231 897 496 948 ὑπόπτων
538 891 839 959 ύποκλέψαι
876 889 967 941 τὸν
1008 887 1269 958 ὑμέτερον
1298 888 1492 960 ἐχθρὸν
1524 887 1744 958 δυνηθῇ.
1777 904 1796 936 ι

1904 889 2039 943 lldus
2066 891 2269 943 hostem
2287 901 2525 944 vestrum
2549 890 2796 944 snll‘nrari
2826 891 3020 961 possit.
3049 910 3068 943 ι
3104 890 3324 947 Talibus
3355 893 3458 946 ita-

230 984 513 1046 Τοιούτοις
535 978 627 1037 οὖν
659 981 836 1050 λόγοις
871 980 1040 1033 τεκαὶ
1085 979 1270 1042 ὅπλοις
1316 980 1412 1032 καὶ
1446 978 1803 1049 στρατιώταις

1910 996 2018 1048 que
2074 981 2253 1036 verbis
2296 982 2498 1051 pariter
2537 982 2815 1049 armisque
2856 998 2920 1037 ac
2965 982 3224 1036 militibus
3259 981 3457 1037 Christi

136 1138 139 1141 Α
230 1074 652 1153 ἐφοδιασθέντες
693 1075 743 1126 οἱ
772 1071 868 1126 τοῦ
912 1071 1163 1141 Σωτῆρος
1203 1069 1407 1140 ἐχθροὶ,
1435 1068 1573 1140 μετὰ
1601 1067 1802 1137 πολλῆς

1904 1069 2200 1124 Salvator-is
2230 1070 2412 1126 hostes
2445 1071 2715 1134 instructi,
2750 1072 2920 1126 multa
2946 1072 3225 1126 alacritate
3253 1072 3461 1125 lurore-

230 1164 547 1236 προθυμίας
558 1181 619 1218 τε
641 1165 735 1217 καὶ
761 1163 954 1234 μανίας
976 1162 1067 1215 τὸν
1085 1161 1251 1231 τάφον
1268 1160 1578 1215 κατέλαϐον·
1602 1159 1696 1214 καὶ
1722 1174 1801 1211 σι-

230 1257 407 1328 ξηρᾶς
424 1256 724 1327 σφραγίδας
753 1254 1028 1317 ἐπιθέντες
1042 1253 1120 1323 τῷ
1138 1254 1401 1323 μνήματι,
1420 1250 1801 1322 παρεκάθηντο

232 1348 721 1418 φυλάττοντες,ἓως
731 1348 759 1397 6
771 1363 845 1400 πα
853 1346 1088 1416 ρἀύτοῖς
1100 1344 1493 1414 φυλαττόμενος
1503 1342 1700 1413 ὴϐουλή
1709 1344 1772 1413 θη
1781 1382 1798 1397 .

305 1441 388 1494 E'.
439 1440 528 1493 Ἐν
548 1438 719 1508 τούτῳ
740 1437 796 1489 δὲ
817 1436 893 1508 τῷ
916 1435 1112 1506 καιρῷ,
1134 1435 1386 1505 δευτέρας
1410 1433 1797 1502 ἐπιγενομένης

232 1532 476 1603 ἡμέρας,
518 1533 548 1584 6
595 1529 821 1592 Θάνατος
864 1528 1003 1582 κατά
1048 1528 1145 1598 τὴν
1198 1527 1418 1596 πρώτην
1460 1524 1693 1594 ἡμέραν,
1737 1526 1797 1575 ὲν

234 1621 416 1692 ἐαυτῷ
454 1620 517 1673 τδ
567 1619 788 1691 θήραμα
830 1617 1187 1689 περιέστρεψε
1214 1633 1228 1645 ’
1282 1616 1375 1668 καὶ
1418 1614 1574 1669 τοῦτο
1616 1616 1795 1683 μασὴ-

236 1710 442 1765 σασθαι
463 1711 572 1773 τοίς
602 1707 779 1763 ὀδοῦσι
805 1707 906 1777 τῆς
928 1705 1219 1778 διαφθορᾶς
1246 1706 1432 1770 θέλων,
1456 1705 1556 1779 οὐκ
1584 1704 1790 1775 ἴσχυσε.

1899 1176 2008 1230 que
2023 1162 2103 1216 «nd
2139 1165 2447 1231 sepulcrum
2493 1175 2754 1217 venerunt
2782 1182 2796 1217 :
2824 1179 3059 1233 cumque
3088 1164 3461 1218 adhibuissent

1900 1252 2176 1322 signacula
2212 1252 2405 1317 ferrea,
2437 1254 2757 1308 assederunt
2786 1255 3176 1318 custodientes,
3213 1238 3458 1323 quandiu

1902 1344 1949 1397 is
1987 1359 2149 1411 quem
2186 1345 2259 1397 illi
2285 1344 2682 1408 custodiebant,
2721 1346 2910 1399 voluit.

1976 1431 2043 1486 ν.
2069 1432 2276 1487 Interea
2311 1450 2438 1487 vero
2468 1449 2590 1487 cum
2627 1434 2755 1511 dies
2776 1436 2939 1489 altera
2967 1435 3285 1497 advenisset,
3315 1452 3459 1490 mors

1899 1522 1952 1576 in
1984 1523 2183 1593 seipsa,
2224 1524 2369 1578 velut
2392 1525 2564 1593 prima
2587 1524 2674 1578 die
2699 1526 3159 1581 circumverSahat
3191 1529 3456 1594 prtedam;

1894 1616 2191 1686 volensque
2223 1618 2586 1687 corruptionis
2614 1618 2870 1674 dentibus
2899 1635 3018 1674 eam
3048 1623 3323 1684 mandere,
3355 1621 3459 1673 mi-

1894 1707 2039 1760 nime
2090 1707 2387 1762 valuit:ae
2418 1724 2610 1764 rursus
2641 1711 2908 1770 similiter.
2957 1711 3103 1764 velut
3154 1712 3319 1763 altera
3370 1711 3459 1763 die

233 1804 351 1859 Καὶ
381 1804 547 1859 πάλιν
576 1802 714 1857 κατά
748 1801 844 1871 τὴν
873 1800 1127 1871 δεύτεραν
1151 1801 1350 1870 ὁμοίιος
1384 1798 1793 1868 ἀπογεύσασθαι

1904 1799 2076 1853 volens
2104 1798 2411 1868 degustare,
2441 1815 2547 1854 non
2571 1802 2764 1870 potuit.
2791 1804 3002 1869 Anceps
3031 1804 3207 1872 itaque
3238 1804 3453 1874 consilii

234 1896 583 1967 βουλόμενος,
604 1893 703 1947 ούκ
720 1892 966 1965 ἠδύνατο.
1000 1891 1222 1961 Ἠπὸρει
1244 1892 1422 1945 τοίνυν
1440 1889 1562 1945 καθ’
1582 1890 1791 1966 ἑαυτὸν,

233 1988 335 2040 καὶ
349 1986 489 2057 πρὸς
506 1984 715 2047 ἑαυτὸν,
730 1984 806 2047 ὡς
822 1983 987 2047 εἰκὸς,
1005 1982 1241 2045 τοιοῦτος
1259 1976 1327 2052 ἦν
1339 1979 1792 2049 διαλογιζόμενοςο

238 2094 260 2127 ε
269 2076 373 2139 Τίς
385 2077 531 2129 ἔστιν
543 2066 695 2138 οὗτος
708 2074 737 2127 6
757 2073 1175 2144 ἀκαταμάχητος
1196 2072 1290 2125 καὶ
1304 2071 1452 2137 ξένος
1463 2070 1653 2142 νεκρός
1666 2087 1681 2134 ;
1698 2069 1796 2133 Τίς

230 2165 389 2218 ἑστιν
403 2165 434 2217 6
450 2166 588 2217 κατά
600 2163 759 2233 νόμον
781 2162 992 2234 νεκρὸς,
1016 2163 1110 2215 καὶ
1130 2161 1270 2231 ὑπὲρ
1290 2158 1451 2231 νόμον
1469 2160 1798 2230 φυλαττόμε-

233 2273 329 2319 νος
350 2254 624 2326 ἄφθαρτος
643 2270 660 2321 ;
681 2253 813 2318 Θεὸς
828 2255 929 2307 οὐκ
950 2253 1119 2307 εστιν*
1150 2252 1340 2323 ούίγὰρ
1357 2250 1626 2323 ἀπέθανεν
1653 2250 1797 2304 ἀσώο

233 2363 417 2418 ματος
443 2345 544 2400 ὥν.
576 2345 838 2414 Ἀγγελος
858 2346 959 2399 οὐκ
980 2344 1124 2399 ἔστιν
1144 2359 1158 2375 ⁶
1192 2341 1535 2414 ἀνθρωπείαν
1555 2341 1663 2411 γὰρ
1684 2340 1797 2411 ἔχει

238 2430 484 2509 μορφήν.
519 2437 605 2501 Ὠς
639 2435 811 2505 ’Δδάμ
836 2433 1117 2487 ὑπόκειταί
1151 2450 1261 2504 μοι,
1282 2426 1379 2485 καὶ
1398 2432 1475 2495 ὡς
1508 2430 1677 2500 Ἀδάμ
1699 2430 1797 2500 οὐχ

233 2527 526 2595 ὑπόκειται
564 2528 631 2597 τῇ
670 2525 863 2596 φθορᾷ.
898 2525 985 2587 Ὠς
1010 2524 1289 2593 ἄνθρωπος
1326 2520 1583 2592 ὑπέμεινε
1613 2522 1799 2574 τελευ-

231 2617 361 2688 τὴν,
391 2614 580 2668 παθεῖν
602 2615 676 2677 ὡς
701 2614 891 2684 θνητὸν
921 2606 1020 2666 οὐκ
1049 2614 1321 2682 ἀνέχεται.
1355 2610 1419 2665 ἸΙ
1469 2610 1605 2682 σὰρξ
1635 2611 1799 2665 αὑτοῦ

235 2707 511 2776 κρείττων
550 2704 784 2773 ὑπάρχει
819 2703 1130 2775 simsum.
1163 2702 1350 2766 Οὐδεὶς
1381 2702 1487 2756 τῶν
1512 2701 1572 2768 ἐξ
1604 2702 1800 2765 αἰῶνος

236 2798 337 2850 ὑπ’
361 2796 499 2867 ἐμοῦ
530 2794 950 2866 βασιλευθέντων
984 2796 1212 2868 νεκρῶν,
1238 2796 1475 2854 τοιοῦτον
1518 2796 1675 2864 σῶμα
1710 2813 1802 2849 κε-

236 2878 535 2961 ἔιτημένος,
577 2888 909 2960 παρεγένετο
953 2890 1087 2959 πρός
1138 2906 1226 2960 με.
1259 2884 1405 2960 Ἀρα
1448 2890 1521 2959 μὴ
1552 2889 1708 2942 τοῦτο
1740 2888 1800 2941 τὸ

235 2977 409 3045 σῶμα
449 2976 672 3049 φόρημά
711 2980 830 3032 ἐστι
872 2980 967 3032 τοῦ
996 2977 1130 3032 Θεοῦ
1153 3019 1169 3044 ,
1219 2980 1313 3032 καὶ
1346 2980 1434 3032 διὰ
1478 2979 1634 3033 τοῦτο
1662 2979 1820 3034 κατὰ.

235 3068 339 3123 τοῦ
362 3067 501 3139 ἐμοῦ
527 3070 790 3140 στόματος
824 3069 995 3134 οὕτως
1024 3070 1360 3141 ἑστόμωταις
1390 3069 1536 3141 Ἀρα
1568 3072 1640 3141 μὴ
1662 3070 1798 3142 αῦτη

237 3160 398 3213 ἐστὶν
422 3160 460 3230 ἡ
483 3148 588 3212 τοῦ
605 3159 738 3214 Θεοῦ
766 3160 943 3228 Λόγου
972 3164 1139 3231 σκηνή
1163 3178 1179 3227 ;
1209 3156 1360 3231 'Apa
1390 3163 1463 3232 μὴ
1489 3156 1639 3222 οὗτός
1657 3163 1804 3213 ἐστιν
1834 3190 1875 3247 c

234 3252 269 3304 6
293 3249 430 3313 ναδς
460 3250 554 3303 τοῦ
582 3251 821 3315 εἰπόντος
865 3250 1000 3322 πρὸς
1034 3251 1161 3314 τοὺς
1205 3251 1519 3313 Ἰουδαίουςο
1566 3251 1800 3304 Λύσατε

238 3341 357 3397 τὸν
394 3341 547 3397 ναὸν
580 3342 821 3407 τοῦτον,
862 3342 959 3397 καὶ
1001 3342 1070 3396 ἐν
1102 3341 1295 3409 τρισὶν
1327 3340 1579 3410 ἡμέραις,
1619 3339 1800 3409 erepti)

233 3434 477 3497 abtdr;
504 3426 648 3503 'Apa
680 3435 755 3505 μὴ
790 3433 925 3506 πρὸς
964 3434 1258 3515 ἀνάστασιν
1292 3433 1612 3505 ἀδιάφθορος
1646 3428 1797 3499 οὗτος

234 3523 610 3591 φυλάττεταις
643 3521 790 3596 Ἀρα
819 3526 893 3596 μὴ
924 3518 1265 3590 κατάσκοπός
1299 3527 1411 3597 ἐστι
1436 3525 1544 3578 τῶν
1572 3526 1799 3596 νεκρῶν,

213 3617 269 3669 ‘6
297 3614 607 3687 παράδοξος
632 3607 785 3679 οὗτος
813 3616 1030 3687 νεκρός;
1060 3610 1206 3699 'lApa
1237 3615 1312 3685 μὴ
1345 3616 1439 3668 καὶ
1472 3616 1597 3678 τοὺς
1635 3615 1804 3668 πάλαι

234 3708 380 3778 παρ’
422 3707 558 3777 ιμοῦ
602 3705 1004 3770 καταποθέντας
1046 3709 1273 3778 νεκροὺς
1308 3706 1487 3760 λαθὼν
1532 3705 1801 3772 ἐντεῦθεν,

234 3793 434 3861 ἀνάξει
461 3795 558 3847 σὺν
591 3792 772 3862 αῠτῷς
803 3788 950 3861 ’Δρα
988 3792 1063 3863 μὴ
1110 3793 1362 3864 καθάπερ
1411 3794 1595 3857 Ἰωνᾶς
1638 3796 1697 3848 ὲν
1734 3798 1800 3866 τῇ

235 3883 433 3955 κοιλίᾳ
458 3882 552 3936 τοῦ
580 3882 781 3952 κήτους
814 3882 1107 3946 ἀκινδύνως
1127 3876 1526 3947 ἐπολιτεύσατο,
1548 3884 1691 3938 οὕτω
1709 3887 1804 3939 καὶ

234 3968 403 4037 οὗτος
441 3975 570 4045 παρ’
601 3964 729 4044 ἐμοὶ
746 3962 1030 4044 διατρίϐει,
1062 3973 1157 4027 καὶ⁵
1183 3974 1465 4043 ⁴περιμένει.
1492 3973 1590 4044 τὴν
1614 3975 1804 4046 τρίτην

234 4064 487 4135 ἡμέραν,
514 4063 603 4117 ἵνα
626 4062 746 4116 τότε
775 4061 989 4134 πρῶτος
1017 4062 1271 4125 ἀναστάς.
1306 4062 1556 4133 ὑποδείξῃ
1577 4064 1804 4131 καὶτοῖς

236 4154 435 4219 ἄλλοις
478 4155 689 4225 νεκροῖς
733 4154 830 4235 τᾲς
877 4153 1077 4219 πύλας;
1121 4172 1142 4206 ι
1192 4154 1316 4218 Τοῖς
1359 4154 1698 4225 πράγμασιν,
1739 4155 1801 4209 ού

239 4246 367 4308 τοῖς
393 4244 635 4316 ῥήμασιν
659 4243 877 4317 [οὕτως]
910 4244 1135 4308 θάνατος
1161 4244 1555 4314 ἀπεφθέγγετο.

317 4338 416 4405 ς’.
458 4333 713 4407 [Τούτων
736 4333 836 4407 δὲ]
887 4334 1057 4399 οὕτως
1097 4336 1505 4406 γεγενημένων,
1553 4336 1648 4390 καὶ
1696 4336 1803 4391 τῶν

252 4425 534 4482 Ἰουδαίων
574 4423 685 4479 τῶν
725 4424 979 4496 φυλάκων
1022 4426 1500 4498 παρακαθημένων
1536 4428 1615 4499 τῷ
1664 4430 1801 4499 μνή-

1897 1889 2037 1957 apud
2070 1902 2129 1942 se
2158 1888 2414 1955 haerebat,
2468 1904 2530 1943 ac
2571 1905 2756 1944 secum
2787 1893 2925 1959 ipsa,
2964 1902 3022 1946 ut
3061 1892 3228 1944 videri
3260 1902 3454 1961 potest,

1898 1981 2026 2035 talia
2051 1979 2341 2053 cogitabat.
2377 1979 2397 2031 ι
2420 1979 2553 2047 Quis
2579 1982 2680 2036 iste
2695 1991 2779 2036 est
2807 1981 3241 2050 inexpugnabilis
3265 1997 3328 2035 ac
3359 1998 3457 2035 no-

1898 2085 2000 2124 vus
2030 2069 2319 2125 mortuus?
2342 2069 2497 2136 Quis,
2529 2071 2771 2137 inquam,
2799 2072 2890 2140 qui
2929 2071 3082 2140 juxta
3117 2072 3284 2139 legem
3312 2087 3459 2124 mor-

1902 2168 2027 2216 tuus
2061 2160 2151 2223 sit,
2183 2175 2244 2214 ac
2264 2175 2426 2229 supra
2451 2161 2619 2231 legem
2642 2171 2888 2216 servetur
2916 2162 3299 2231 incorruptus?
3331 2160 3426 2214 Pla

1904 2263 1993 2311 ne,
2032 2262 2140 2302 non
2194 2258 2279 2302 est
2308 2247 2495 2305 Deus:
2548 2263 2654 2303 non
2700 2251 2845 2304 enim
2892 2262 3143 2306 mortuus
3186 2260 3329 2307 esset
3365 2253 3459 2321 qui

1901 2347 2046 2397 esset
2083 2341 2451 2410 incorporeus.
2473 2338 2658 2410 Neque
2688 2342 2822 2396 item
2855 2352 2939 2399 est
2974 2346 3233 2413 angelus;
3264 2345 3461 2414 quippe

1912 2431 2206 2489 humanam
2258 2430 2491 2486 fortnam
2543 2442 2629 2487 est
2667 2432 2909 2489 indutus.
2948 2434 3077 2489 Mihi
3116 2436 3259 2489 velut
3288 2436 3458 2491 Adam

1914 2521 2190 2590 subjectus
2215 2529 2315 2586 est,
2345 2524 2530 2591 ‘neque
2552 2531 2611 2577 ut
2635 2521 2806 2577 Adam
2836 2526 3166 2593 corruptioni
3186 2527 3449 2596 suhjacet.

1903 2612 2127 2667 Mortem
2159 2613 2428 2668 sustinuit
2450 2623 2707 2691 tanquam
2734 2615 2917 2677 homo,
2943 2630 3043 2669 nec
3066 2614 3200 2670 allici
3235 2616 3466 2670 sustinet

1911 2712 2169 2772 tanquam
2216 2703 2489 2757 mortalis.
2524 2703 2656 2774 Ejus
2691 2720 2841 2769 caro,
2888 2707 3236 2774 corruptione
3276 2706 3464 2760 fortior

1902 2805 2006 2851 est.
2035 2792 2229 2851 Nullus
2262 2806 2596 2851 mortuorum
2623 2794 2766 2867 quos
2792 2812 2823 2852 a
2857 2797 3057 2852 saeculo
3086 2798 3248 2852 habui
3276 2800 3459 2869 subje-

1906 2898 2047 2953 ctos,
2071 2890 2164 2943 tali
2201 2890 2266 2943 ad
2312 2905 2399 2945 me
2443 2891 2593 2945 venit
2618 2906 2866 2961 corpore.
2914 2891 3051 2945 Num
3084 2907 3283 2961 corpus
3313 2893 3465 2955 illud,

1907 2980 1999 3035 Dei
2029 2988 2112 3036 est
2141 2991 2557 3051 gestamentum,
2586 2996 2757 3053 eoque
2782 2982 2851 3036 ita
2888 2982 3147 3038 adversus
3185 2999 3246 3038 os
3284 2978 3465 3038 meum

1905 3071 2192 3125 obdurnit?
2226 3055 2366 3126 Num
2422 3070 2515 3126 Dei
2548 3071 2703 3127 Verbi
2745 3073 2849 3127 hoc
2894 3073 3299 3127 tabernaculum
3344 3076 3470 3127 est?

1907 3160 2044 3214 Num
2076 3162 2177 3215 hoc
2206 3163 2327 3228 ejus
2357 3170 2440 3215 est
2467 3163 2749 3230 templum,
2783 3162 2875 3231 qui
2905 3162 3044 3217 dixit
3092 3164 3158 3217 ad
3202 3163 3417 3219 Iudaeos
3452 3187 3463 3219 :
3516 3222 3525 3229 ,

1908 3248 2108 3305 Solvite
2137 3252 2384 3319 templum
2410 3240 2525 3315 hoc,
2558 3261 2608 3305 et
2633 3252 2691 3304 in
2711 3252 2877 3305 tribus
2904 3247 3087 3306 diebus
3126 3253 3368 3307 excitabo
3399 3254 3467 3307 il-

1898 3342 1990 3395 lud
2020 3342 2079 3395 '2’
2108 3340 2364 3412 Nunquid
2389 3343 2499 3407 hic,
2533 3344 2791 3399 immunis
2835 3360 2863 3398 a
2891 3345 3261 3413 corruptione,
3287 3345 3354 3399 ad
3379 3360 3464 3399 re—

1903 3432 2297 3488 surrectionem
2322 3434 2603 3489 servatur?
2622 3430 2874 3503 Nunquid
2888 3447 3062 3488 novus
3084 3434 3171 3488 hic
3195 3442 3461 3487 mortuus.

1908 3535 2243 3579 mortuorum
2263 3526 2575 3592 explorator
2593 3524 2783 3581 venit?
2813 3523 2953 3580 Num
2974 3538 3105 3579 vero
3123 3525 3305 3587 etiam,
3328 3538 3467 3594 quos

1903 3615 2033 3668 olim
2058 3613 2313 3685 deglutivi
2342 3628 2607 3683 mortuos,
2638 3630 2823 3677 secum
2845 3630 3131 3671 assumens
3148 3615 3469 3675 reducturus

1901 3706 2022 3761 est?
2042 3704 2297 3776 Nunquid
2325 3707 2467 3761 sicut
2494 3692 2661 3762 Jonas
2688 3707 2839 3761 nullo
2862 3708 3056 3762 salutis
3077 3706 3391 3789 discrimine
3413 3708 3467 3761 in

1903 3807 2089 3853 ventre
2116 3798 2219 3853 ceti
2242 3808 2486 3853 moratus
2508 3806 2612 3868 est.
2640 3798 2717 3852 ita
2738 3808 2793 3853 et
2811 3798 2902 3854 hic
2924 3798 3064 3867 apud
3090 3813 3176 3853 me
3201 3808 3464 3860 moratur,

1902 3903 1966 3943 ac
1993 3888 2134 3943 diem
2162 3889 2376 3943 tertium
2404 3888 2821 3943 resurrectionis
2860 3894 3135 3956 exspectat
3167 3889 3213 3949 ";
3245 3894 3304 3940 ut
3329 3896 3461 3943 tunc

1902 3978 2116 4063 primtts
2136 3978 2251 4048 ipse
2282 3991 2593 4046 resurgens.
2622 3977 2745 4031 aliis
2766 3991 2982 4047 quoque
3017 3978 3244 4053 mortuis
3270 3977 3465 4047 quibus

1900 4077 2176 4138 emergant
2202 4077 2382 4135 portas
2414 4067 2691 4123 ostendat?
2723 4085 2743 4119 ›
2769 4066 2845 4123 Ita
2880 4082 3046 4133 mors,
3095 4068 3254 4122 rebus
3279 4067 3467 4136 loque-

1901 4157 2080 4224 batur,
2109 4172 2216 4219 non
2239 4157 2437 4213 verbis.

1972 4332 2059 4390 Vl.
2074 4334 2170 4391 His
2186 4350 2348 4405 porro
2370 4337 2441 4391 ita
2453 4339 2637 4423 gestis,
2658 4352 2723 4393 ac
2740 4335 2941 4392 Iudaeis
2958 4351 3064 4392 una
3086 4350 3209 4391 cum
3229 4336 3462 4390 custodi-

1901 4426 2001 4484 bus
2029 4427 2395 4484 assidentibus
2427 4437 2796 4493 monumento,
2842 4426 2972 4483 Sero
2999 4427 3367 4492 Sabbatorsm,
3387 4424 3451 4480 ea

237 4532 421 4591 pars,
453 4518 592 4586 Ὀψὲ
632 4518 945 4573 Σασϐἀτω
974 4517 1048 4585 (7)
1064 4555 1083 4580 ,
1130 4515 1206 4585 τῇ
1246 4517 1677 4588 ἐπιφωσκούσῃ
1723 4521 1806 4586 είς

1911 4510 1997 4573 die
2019 4535 2135 4588 qua
2160 4519 2369 4573 lucescit
2390 4517 2447 4574 in
2487 4520 2713 4588 primum
2749 4517 3137 4583 Sabbatorum,
3175 4531 3297 4569 cum
3336 4514 3452 4584 jam

235 4613 400 4682 μίαν
420 4608 754 4673 Σαϐὄὰτων,
789 4608 1085 4678 μελλούσης
1108 4607 1564 4678 ἐπιλαμϐάνεσθαι
1598 4612 1809 4682 Κυρια-

238 4695 565 4773 "716.6108
595 4700 789 4768 Μαρια
816 4699 856 4768 τι
883 4696 1269 4767 Μαγδαληνὴ,
1305 4697 1405 4750 και
1431 4699 1472 4765 ἡ
1498 4698 1655 4767 α-υη
1682 4704 1808 4756 Ma-

234 4795 355 4865 ρία
383 4788 683 4859 θεωρῆσαι
714 4788 821 4842 τὸν
843 4786 1051 4856 τάφον.
1083 4787 1147 4840 Ὢ
1174 4785 1340 4851 ξένων
1367 4787 1460 4839 καὶ
1492 4790 1809 4859 παραδόξων

242 4880 585 4951 θαυμάτωνι
608 4879 811 4948 Πέτρος
834 4879 864 4933 6
883 4878 1096 4957 πρῶτος
1115 4874 1412 4950 στρατηγὸς
1436 4874 1530 4930 τοῦ
1551 4878 1805 4948 Χριστοῦ,

244 4973 520 5045 φοϐηθεὶς
568 4969 810 5040 γλῶτταν
864 4966 1170 5038 παιδίσκης,
1199 4968 1473 5040 ⁴ιλρνήσατο
1509 4965 1687 5029 ζῶντα
1716 4969 1809 5023 τὸν

244 5062 463 5123 ἑαυτοῦ
508 5060 812 5133 Δεσπύτην,
851 5060 946 5114 καὶ
992 5061 1243 5128 γυναῖκες
1289 5056 1671 5112 ἀσθενέσταται
1714 5060 1810 5113 καὶ

243 5153 457 5220 δειλαὶ,
495 5151 613 5225 μετ’
650 5152 818 5225 αὐτῆς
840 5151 916 5221 (8)
959 5151 1319 5221 παρεγένοντο
1346 5149 1573 5217 τιμῆσαι
1601 5149 1694 5201 τὸν
1727 5166 1807 5203 οι-

245 5248 411 5307 κεῖαν
457 5243 789 5298 διδάσκαλον.
834 5237 1055 5298 Ἦλθον
1101 5239 1395 5309 θεωρῆσαι
1436 5236 1544 5290 τὸν
1598 5236 1805 5306 τάφον.
1852 5272 1855 5273 ν

221 5332 492 5394 -Οὺδὲπω
539 5334 649 5405 γὰρ
689 5332 939 5405 ἀκριϐῶς,
971 5331 1254 5391 ἐπίστευον
1288 5330 1365 5401 (9)
1412 5329 1490 5419 τῷ
1530 5327 1671 5413 λόγω
1709 5328 1809 5398 τῆς

337 5509 364 5541 ⁸
394 5504 638 5575 Joamn,
683 5508 771 5566 l9.
845 5510 865 5539 ⁷
898 5507 1086 5564 Matth.
1126 5525 1225 5576 χιι,
1250 5506 1355 5571 40;
1391 5504 1521 5559 Luc.
1572 5518 1651 5568 XI,
1703 5503 1791 5557 50.

254 5690 443 5764 tarde,
472 5692 714 5764 «longe
726 5696 838 5764 iam
872 5690 1146 5753 transacto
1161 5690 1439 5750 'Sabbato:
1470 5702 1529 5748 ut
1549 5693 1659 5762 jam
1675 5690 1805 5748 satis

255 5768 325 5826 in
345 5762 507 5822 Joan.
535 5759 851 5827 Thessalum

342 5831 427 5909 (8)
463 5829 804 5912 Μετάύτῆς.
835 5831 996 5893 Forte
1037 5832 1449 5924 deestﬁpép‘ag.
1482 5832 1568 5926 lt.

1872 4653 1877 4659 .
1910 4608 2188 4665 Dominica
2247 4611 2365 4665 dies
2400 4617 2687 4677 exceptura
2725 4616 2910 4675 esset,
2965 4610 3103 4663 venit
3136 4604 3313 4678 Maria
3348 4605 3467 4661 Ha-

1912 4698 2147 4769 gdalene,
2200 4708 2252 4752 et
2292 4698 2463 4752 altera
2492 4696 2670 4751 Maria
2704 4699 2878 4754 uidere
2914 4698 3203 4766 sepulcrum
3227 4696 3268 4750 ⁸.
3299 4692 3344 4751 0
3379 4712 3467 4752 res

1912 4804 2080 4844 novas
2108 4804 2171 4844 ac
2203 4783 2503 4842 mirabiles!
2538 4784 2753 4845 Primus
2788 4788 2989 4865 Christi
3019 4786 3217 4840 ducum
3249 4785 3464 4854 Petrus,

1914 4882 2120 4936 ancilla
2169 4880 2371 4945 veritus
2414 4878 2673 4949 linguam,
2728 4881 2994 4935 viventem
3035 4877 3247 4947 negavit
3278 4875 3465 4932 Domi-

1915 4976 2079 5037 num;
2115 4971 2580 5041 imbecillimasque
2621 4987 2686 5029 ac
2728 4973 2936 5035 timidas
2964 4970 3249 5035 mulieres,
3291 4970 3463 5040 prima

1910 5061 2093 5119 statim
2112 5061 2230 5115 luce
2256 5059 2562 5127 adfuerunt,
2580 5060 2890 5134 Magistrum
2910 5074 3071 5114 suum
3100 5060 3462 5116 honoratum.

1920 5151 2196 5206 Venerunt
2213 5151 2744 5223 videresepulerum.
2773 5149 3023 5205 Nondum
3064 5150 3212 5205 enim
3245 5164 3465 5206 accura-

1908 5248 1962 5295 te
1992 5240 2279 5296 credebant
2313 5242 2551 5298 sermoni
2576 5240 3005 5299 resurrectionis.
3067 5240 3341 5302 Venerunt
3376 5240 3461 5295 vi-

1910 5332 2037 5387 dere
2064 5330 2403 5401 sepulcrum,
2419 5345 2497 5399 ut,
2530 5334 2644 5389 viso
2666 5341 3032 5395 monumento,
3066 5332 3298 5402 aliquam
3328 5332 3460 5384 mte-

1866 5502 2097 5559 ‘Matth.
2147 5510 2342 5570 xx‘vnt,
2372 5521 2407 5562 ι.

334 5624 417 5696 (ἶ)
464 5620 591 5696 Suo
662 5607 1031 5693 sabbatorum,
1113 5628 1215 5696 ὀψὲ
1248 5624 1579 5696 ίΣαὸϐἀτωνμ.
1649 5619 1807 5696 Velut
1878 5598 1889 5607 r

1981 5622 2057 5693 (9)
2098 5622 2348 5679 Nondum
2382 5618 2960 5693 accurate-credebant,
2998 5619 3213 5674 Primus
3265 5619 3363 5693 iste
3386 5620 3452 5675 ad

1909 5687 2318 5749 monumentum
2369 5707 2620 5750 accessus
2657 5687 2723 5742 ad
2753 5688 3064 5757 videndum,
3102 5689 3451 5757 quemadmo-

1911 5762 2041 5815 dum
2077 5761 2237 5818 habet
2280 5762 2580 5824 Mattheus,
2604 5772 2669 5811 ex
2700 5755 2812 5811 sola
2844 5755 3151 5818 devotione,
3185 5756 3329 5812 nulla
3367 5759 3449 5813 in-

1912 5830 2168 5888 ﬁdelitate
2203 5834 2377 5904 potuit
2401 5845 2522 5890 esse
2547 5846 2561 5898 ;
2590 5825 2682 5884 sed
2710 5824 2886 5895 aliqua
2909 5826 2973 5880 ad
3006 5841 3275 5883 summum
3299 5825 3449 5898 igno-
