4024 6340
253 472 387 536 i857
1096 427 1375 534 (iRATIO
1411 474 1493 534 IN
1527 475 1817 535 MULIEB

1916 508 1920 527 ι
1950 474 2614 537 UNGUENTIFERAS.
3332 474 3467 538 1858

247 581 404 651 κάγὼ
445 584 544 638 σῦν
589 584 671 637 σοὶ
719 587 1179 654 παραγενόμενος,
1226 581 1468 637 σαλεύσω
1522 584 1684 638 πάλιν
1710 586 1809 654 τὴν

1916 591 2135 645 terram,
2166 596 2274 652 quo
2324 564 2483 637 terrae
2524 587 2707 636 motus
2735 565 3126 637 annuntiationi
3166 592 3267 638 tua:
3290 594 3473 654 patroo

248 677 373 747 γὴν.
423 677 510 730 ἵνα
552 678 649 747 τῆς
697 677 793 747 σῆς
831 676 1157 746 ἐπαγγελίας
1196 678 1223 729 ὁ
1258 676 1478 746 σεισμὸς
1512 679 1804 749 συνήγορος

1916 692 2014 730 nus
2040 675 2281 730 accedat.
2322 696 2341 727 ι

247 768 491 836 γένηται.
538 785 557 815 ι

318 857 400 910 H'.
442 857 717 911 Κατέλαϐε
746 858 804 911 δὲ
846 857 1054 927 ταχέως
1081 856 1170 910 τὸν
1214 857 1540 912 Δεσποτικὸν
1579 858 1747 927 τάφον
1778 858 1807 911 ὁ

3518 744 3525 791 ε

1978 828 2113 884 ἮΙΙ;
2145 830 2337 884 Statim
2369 844 2496 884 vero
2520 830 2743 895 angelus
2789 830 2853 884 ad
2884 830 3188 901 sepulcrum
3223 830 3477 888 Domini-

246 949 473 1017 ἄγγελος
498 966 511 978 ·
573 951 634 1003 οὐ
681 946 790 1023 γὰρ
832 950 1095 1020 ἐτόλμησε
1142 949 1486 1019 παρακοῦσαι
1542 949 1806 1003 Δεσπύτου

247 1041 669 1111 προστάξαντος.
742 1032 851 1097 καὶ
912 1040 1128 1112 πρῶτον
1184 1040 1285 1111 μὲν
1347 1040 1829 1112 παραγενόμενος.-

245 1132 490 1200 ὲτίναξεν
541 1136 606 1189 ὲκ
650 1133 913 1205 θεμελίων
958 1133 1056 1206 τὴν
1099 1132 1222 1204 γῆν,
1263 1132 1348 1189 ἵνα
1390 1135 1515 1196 τοὺς
1561 1133 1811 1202 φύλακας

245 1222 560 1287 ἐξυπνίσας,
593 1224 699 1276 ὑπὸ
728 1224 993 1295 μάρτυσιν
1023 1223 1228 1289 αὐτοῖς,
1257 1223 1388 1297 εἴπῃ
1420 1222 1519 1293 τὴν
1541 1222 1722 1277 αἰτίαν
1742 1222 1808 1278 δι’

248 1317 317 1384 ἢν
346 1313 742 1384 παραγέγονεν.
788 1310 918 1369 Εἶτα
952 1313 1254 1384 βλεπόντων
1284 1301 1494 1377 αὐτῶν(
1526 1315 1810 1369 ἀνεκύλισε

246 1404 338 1459 τὸν
366 1405 512 1459 λίθον
540 1407 605 1459 ἐκ
632 1409 733 1478 τῆς
759 1405 927 1477 θύρας
953 1405 1047 1460 τοῦ
1081 1408 1370 1478 μνημείου,
1403 1409 1498 1461 καὶ
1540 1408 1811 1480 ὲκάθησεν

246 1496 432 1550 ἐπάνω
450 1494 613 1549 αὑτοῦ
638 1495 951 1563 καταγελῶν
964 1494 1073 1548 τῶν
1100 1494 1328 1567 σιδηρῶν
1353 1495 1683 1567 σφραγίδων,
1717 1499 1813 1553 καὶ

245 1586 593 1659 ἐπεμϐαίνων
623 1589 735 1651 τοῖς
765 1586 1059 1653 Ἰουδαίοις,
1101 1588 1176 1651 ὡς
1199 1588 1330 1658 λίθῳ
1365 1589 1686 1655 πιστεύσασι

1906 938 2030 978 cum
2062 925 2203 978 venit
2236 937 2381 977 :non
2410 924 2554 977 enim
2600 936 2767 977 ausus
2794 932 2879 977 est
2920 939 3026 978 non
3076 924 3293 979 obedire
3333 941 3475 996 pra:-

1906 1026 2063 1084 cepto
2098 1014 2397 1071 Dominico.
2422 1012 2490 1068 Ut
2519 1024 2696 1070 autem
2723 1015 2957 1085 primum
2988 1017 3244 1081 venisset,
3271 1028 3474 1074 terram

1907 1121 1937 1160 a
1967 1103 2334 1162 fundamentis
2365 1108 2659 1171 concussit,
2700 1116 2759 1162 ut
2797 1123 2830 1163 a
2881 1123 3079 1163 somno
3107 1111 3352 1166 excitatis
3376 1128 3473 1165 cu-

1909 1200 2193 1267 stodibus,
2225 1199 2354 1270 ipsis
2371 1202 2573 1266 {coram
2620 1200 2975 1271 testibusque,
3000 1216 3219 1257 causam
3255 1204 3340 1258 sui
3383 1205 3476 1259 ad-

1909 1303 2107 1350 ventus
2126 1295 2378 1350 ediceret.
2406 1293 2545 1349 Tum
2584 1310 2712 1351 vero
2743 1295 3049 1350 videntibus
3084 1299 3191 1352 illis
3246 1300 3477 1355 revolvit

1909 1384 2144 1455 lapidem
2170 1386 2240 1441 ab
2265 1385 2405 1441 ostio
2430 1388 2791 1453 monumenti,
2826 1403 2889 1442 ac
2940 1388 3078 1442 sedit
3128 1405 3290 1460 supra
3324 1393 3475 1447 iilum

1909 1480 2142 1537 im’dens
2167 1481 2442 1553 signacula
2480 1480 2677 1543 terrea
2735 1491 2797 1537 ut
2840 1482 3128 1546 imbecilla,
3168 1482 3481 1556 Judaeisque

1912 1572 2185 1630 insultans
2206 1584 2461 1645 tanquam
2478 1575 2887 1645 quicustodiam
2913 1576 3074 1647 lapidi
3098 1578 3478 1633 credidissent.

244 1679 563 1749 ἀσφάλειαν.
610 1674 729 1734 Ἦν
767 1679 836 1733 δὲ
878 1682 917 1748 ὴ
942 1682 945 1685 ’
974 1678 1100 1733 ιδέα
1148 1679 1335 1734 αὐτοῦ
1380 1682 1810 1753 reclamari.

1916 1667 2040 1719 Erat
2101 1677 2278 1722 autem
2332 1676 2572 1739 aspectus
2615 1668 2729 1737 ejus
2755 1670 2895 1724 sicut
2948 1670 3148 1740 [ulgun
3188 1668 3288 1725 Ubi
3332 1672 3479 1724 enim

247 1770 426 1824 Ὅπου
470 1770 579 1843 γὰρ
629 1771 787 1842 νέφος
836 1771 1109 1842 ἁμαρτίας
1161 1772 1264 1827 οὐκ
1304 1774 1648 1840 ἐπισκιάζει,
1696 1778 1815 1830 ἐκεῖ

1916 1772 2020 1812 non
2084 1760 2376 1814 obumbrat
2426 1761 2601 1815 nubes
2643 1762 2874 1831 peccati,
2928 1763 3039 1817 illic
3097 1764 3261 1817 multa
3304 1764 3477 1816 forma

249 1863 433 1935 μορφὴ
465 1864 842 1936 λαμπρότητος
883 1863 1071 1934 πολλή.
1113 1864 1223 1920 Καὶ
1250 1864 1325 1937 ,τὸ
1365 1865 1595 1937 ἔνδυμα
1626 1869 1811 1924 αὑτοῦ

1916 1850 2216 1920 Splendoris
2262 1860 2366 1906 est.
2409 1850 2479 1905 Et
2528 1853 2886 1906 vestimentum
2945 1859 3058 1923 ejus
3122 1855 3301 1908 album
3341 1857 3481 1908 sicut

245 1956 470 2008 λευκὸν
489 1956 631 2009 ὡσεὶ
645 1943 811 2024 χιών.
840 1946 941 2007 Ὧν
962 1955 1068 2027 γὰρ
1101 1955 1294 2027 ἔμελλε
1321 1958 1611 2029 κηρύττειν
1637 1978 1810 2032 πραγο

1916 1945 2004 1997 nix
2034 1951 2076 1998 ν.
2101 1943 2344 2011 Quarum
2373 1946 2517 1998 enim
2550 1961 2729 1999 rerum
2759 1957 2875 2001 erat
2898 1948 3219 2015 praedicator
3243 1949 3477 2009 iuturus,

247 2049 458 2120 μάτων,
516 2047 715 2102 τούτων
752 2048 846 2101 καὶ
903 2049 1118 2120 μορφὴν
1149 2051 1243 2102 καὶ
1272 2051 1464 2121 στολὴν
1493 2052 1653 2116 ἀξίαν
1689 2051 1810 2105 ἐκέ-

245 2158 434 2213 κτητο.
476 2142 621 2195 Ἔδει
649 2142 776 2212 γὰρ,
808 2140 935 2208 ἔδει,
974 2141 1063 2195 τὸν
1091 2141 1182 2194 τοῦ
1216 2144 1440 2213 φαιδροῦ
1490 2146 1813 2216 πράγματος

245 2234 480 2303 ἄγγελον
510 2236 568 2287 ὲν
598 2234 798 2288 ἅπασιν
826 2231 965 2289 εἶναι
995 2236 1237 2307 φαιδρόν.
1262 2237 1530 2307 Καταπλή
1541 2238 1635 2304 ξας
1657 2238 1712 2291 δὲ
1734 2238 1813 2307 τῷ

246 2324 429 2394 πολλῷ
454 2324 605 2396 φόϐῳ
648 2326 775 2388 τοὺς
822 2325 1087 2395 φύλακας,
1116 2328 1209 2381 καὶ
1243 2328 1440 2400 μικροῦ
1468 2329 1577 2382 δεῖν
1606 2332 1815 2393 πάντας

246 2417 375 2481 τοῦς
427 2417 700 2488 παρόντας
741 2418 1027 2485 Ἰουδαίους
1083 2421 1313 2490 ποιήσας
1364 2419 1586 2490 νεκρούς
1615 2438 1629 2451 ·
1693 2440 1713 2471 ι
1748 2421 1813 2472 Τί

244 2508 545 2574 δεδοίκατε,
577 2509 713 2582 πρὸς
741 2506 936 2574 αὐτοὺς
965 2512 1167 2580 ἔλεγεν,
1192 2506 1237 2565 ὦ
1257 2513 1570 2583 Φαρισαῖοι;
1604 2512 1666 2564 Τί
1693 2513 1814 2582 τρέ-

251 2614 404 2670 μετε,
433 2601 528 2656 καὶ
553 2600 874 2655 πεπτώκατε
903 2602 1102 2664 πάντες
1149 2602 1240 2655 ἐπὶ
1267 2602 1335 2654 τὰ
1366 2600 1634 2673 πρόσωπα
1661 2602 1814 2671 ὑμῶν

247 2693 503 2763 καθάπερ
527 2684 711 2764 νεκροί
738 2709 753 2758 ;
809 2693 927 2747 Ἐπ’
954 2693 1090 2765 ἐμοῦ
1117 2694 1209 2747 τοῦ
1238 2694 1425 2747 δούλου
1470 2694 1676 2764 νεκροὶ,
1720 2695 1815 2746 καὶ

247 2782 345 2836 ἐπὶ
377 2782 473 2836 τοῦ
511 2783 779 2837 Δεσπότου
815 2784 1118 2855 τολμηροίς
1171 2785 1229 2839 '0
1267 2783 1606 2857 στρατιώτης
1629 2783 1815 2855 ὤφθην

248 2876 381 2946 ὑμῖν
409 2873 659 2945 φοϐερὸς,
690 2874 784 2929 καὶ
811 2876 920 2929 τῶν
966 2876 1208 2946 οὐρανῶν
1241 2880 1269 2930 ὁ
1300 2876 1552 2945 βασιλεὺς
1586 2876 1818 2931 εὐκατα-

248 2968 546 3040 φρόνητος
582 2967 756 3031 ηἘνδς
792 2968 1022 3037 ἀγγέλου
1072 2968 1376 3039 παρουσίαν
1421 2965 1718 3031 ἀκινδύνως
1753 2968 1815 3020 ού

248 3058 477 3129 φέρετε·
530 3056 625 3112 καὶ⁵
658 3057 776 3122 πῶς
803 3058 898 3112 τοῦ
922 3058 1252 3131 δημιουργοῦ
1280 3060 1388 3114 τῶν
1434 3044 1682 3129 ἀγγελῶν
1719 3058 1818 3130 τὴν

250 3151 532 3225 ἐνέργειαν
582 3151 875 3224 ἀμϐλύνειν
922 3152 1374 3224 ῦπολαμϐἀνετε;
1420 3152 1555 3224 Ἐμὲ
1588 3154 1685 3207 τὸν
1720 3155 1820 3207 οὐ·

252 3241 441 3311 ράνιον
469 3241 726 3313 ἐργάτην,
758 3242 852 3295 τὸν
886 3240 1030 3296 λίθον
1062 3233 1417 3313 μετατιθέντα
1444 3245 1508 3299 οὐ
1531 3244 1817 3316 δυνάμενοι

252 3332 506 3399 κωλύειν,
534 3332 651 3394 sub;
675 3332 770 3384 τὸν
802 3332 1048 3403 τεχνίτην
1080 3334 1208 3403 ὅλης
1248 3334 1349 3403 τῆς
1378 3334 1617 3396 κτίσεως.
1634 3332 1818 3405 βουλό·

255 3442 420 3494 μενον
444 3424 727 3478 ἀνακτίσαι
756 3423 850 3477 τοῦ
877 3423 1125 3493 σώματος
1146 3423 1309 3477 αὐτοῦ
1329 3423 1422 3478 τὸν
1441 3422 1568 3477 ναὸν
1588 3421 1821 3479 κωλύειν

251 3514 555 3584 ὴδύνασθες
594 3515 710 3586 Τῷ
758 3515 1199 3586 δημιουργήματι
1246 3515 1356 3585 (Η)
1430 3511 1679 3571 κωλύειν’
1719 3516 1827 3587 οὐκ,

255 3607 557 3679 ἰσχύοντες,
603 3606 721 3671 πῶς
767 3604 1040 3679 ἀνταίρειν
1088 3608 1416 3678 ἐπιχειρεῖτε
1466 3606 1545 3679 τῷ
1581 3600 1819 3682 ποιητῇ³;

266 3699 410 3754 Ἀλλ’
441 3700 709 3771 ἀνάστητε
750 3699 843 3753 καὶ
886 3698 1247 3771 περιϐλέψατε
1289 3700 1631 3771 πανταχὸθεν
1658 3701 1821 3771 ἀκρι-

254 3790 388 3855 ϐῶς.
459 3792 549 3862 Μὴ
609 3791 815 3863 Πέτρος
871 3790 988 3844 ἐστὶ
1026 3790 1121 3843 νῦν
1176 3795 1296 3861 μετ’
1343 3791 1515 3861 tum);
1578 3791 1668 3862 Μὴ
1712 3793 1821 3847 τῶν

255 3879 451 3933 ἀλιέων
474 3895 558 3942 τις
588 3878 808 3932 κλέπτει
840 3880 936 3933 σῦν
960 3880 1087 3949 ἐμοὶ
1122 3880 1214 3934 τὸν
1242 3883 1468 3952 νεκρόνς
1517 3882 1611 3952 Μὴ
1634 3882 1821 3953 χρείαν

255 3969 368 4040 ἔχει
421 3971 450 4022 ὁ
495 3967 626 4032 Θεὸς
675 3967 901 4039 βοηθοῦς
951 3970 1042 4041 Μὴ
1084 3970 1255 4023 δεῖται
1300 3966 1561 4041 συνεργοῦ
1602 3988 1746 4036 τινος
1789 3975 1821 4025 ὁ

254 4061 388 4124 Θεὸς
446 4059 618 4129 Λόγος
662 4062 794 4132 πρὸς
838 4062 937 4133 τὴν
985 4061 1279 4115 ἀνάστασιν
1307 4061 1407 4131 τῆς
1453 4060 1659 4124 οίκείας
1688 4078 1821 4137 σαρ-

260 4150 463 4216 κόςς»
1581 4163 1642 4190 π

326 4329 405 4386 Θ’.
445 4330 631 4385 Ταῦτα
674 4332 813 4402 πρὸς
854 4332 1099 4401 φύλακας
1147 4330 1397 4393 καὶτοὺς
1428 4302 1753 4400 Φαρισαίους
1790 4329 1821 4382 ὁ

256 4423 486 4492 ἄγγελος
504 4424 761 4497 λαλήσας,
774 4426 867 4478 καὶ
881 4424 1101 4489 τούτους
1118 4421 1433 4480 καταλιπὼν
1453 4421 1824 4494 ἐρριμμένους

1911 2035 1977 2089 iis
2035 2050 2326 2107 congruam
2402 2036 2635 2105 speciem
2700 2038 3003 2107 stolamque
3048 2039 3255 2094 habuit.
3312 2038 3479 2091 Plaut:

1910 2131 2054 2185 enim
2098 2131 2420 2200 Oportebat;
2448 2147 2541 2202 par
2565 2132 2727 2202 plane
2776 2142 2914 2200 erat,
2943 2142 3003 2188 ut
3036 2133 3168 2187 laeta:
3218 2134 3291 2188 rei
3344 2150 3484 2188 1111Ιὶ-

1914 2225 2165 2293 lins,‘pet‘
2215 2227 2398 2278 omnia
2428 2224 2579 2279 hctus
2627 2236 2926 2295 appareret.
2964 2226 3065 2281 Ubi
3095 2241 3257 2296 porro
3308 2227 3481 2281 nimio

1912 2326 2055 2371 metu
2085 2318 2463 2385 perterruisset
2501 2319 2776 2383 custodes,
2810 2334 3111 2389 parumque
3160 2319 3393 2382 abesset,
3422 2332 3483 2373 ut

1910 2424 1979 2462 ne
2011 2410 2155 2463 velut
2185 2419 2429 2464 mortuos
2470 2420 2764 2479 praesentes
2798 2426 2990 2465 omnes
3018 2411 3238 2467 Iudaeus
3276 2412 3486 2468 effecis—

1913 2508 2013 2565 set,
2044 2500 2121 2553 ait
2165 2501 2233 2553 ad
2283 2500 2440 2575 illos:
2471 2518 2489 2551 ι
2520 2499 2659 2565 Quid
2686 2515 2780 2555 vos
2832 2502 3051 2566 timetis,
3100 2518 3134 2557 o
3185 2504 3490 2558 Pharisaei?

1912 2592 2052 2657 Quid
2110 2592 2361 2658 tremitis,
2413 2607 2718 2662 omnesque
2767 2593 2915 2647 velut
2963 2594 3161 2648 mortui
3219 2595 3272 2648 in
3309 2596 3488 2652 't‘acirs

1913 2683 2265 2739 concidistis?
2310 2682 2477 2749 Itane,
2512 2700 2599 2738 me
2650 2699 2830 2739 coram
2879 2700 3053 2749 servo,
3108 2686 3341 2749 mortui;
3392 2703 3486 2744 co-

1916 2789 2032 2829 ram
2061 2785 2238 2830 autem
2292 2775 2518 2831 Domino
2565 2776 2772 2831 feroces
2822 2792 2887 2831 ac
2936 2778 3368 2834 temerarii?Sic
3409 2795 3478 2832 ne

1915 2869 2073 2923 miles
2097 2867 2247 2923 vobis
2279 2869 2431 2927 visus
2459 2884 2580 2923 sum
2622 2869 2920 2936 terribilis;
2954 2868 3064 2925 Rex
3122 2881 3300 2925 autem
3376 2886 3489 2927 cte-

1892 2948 2094 3016 ‘lorum
2140 2962 2606 3031 contemptibilis?
2634 2961 2753 3017 Non
2778 2965 3026 3033 poteStis,
3067 2964 3202 3019 citra
3254 2965 3475 3034 periculi

1919 3068 2132 3117 ansam,
2162 3052 2348 3107 militis
2378 3053 2538 3107 unius
2580 3055 2919 3121 praesentiam
2961 3053 3139 3119 ferre;
3173 3071 3239 3109 ac
3272 3057 3487 3126 angelo-

1925 3160 2047 3199 rum
2101 3144 2377 3200 Creatoris
2436 3144 2824 3200 obscuraturos
2880 3161 2976 3201 vos
3015 3161 3078 3199 ac
3125 3148 3490 3202 retardaturos

1918 3236 2285 3291 eﬂicacitatem
2316 3236 2802 3301 existimatis?Qui
2844 3252 2929 3291 me
2971 3238 3247 3292 caelestem
3294 3256 3489 3308 opera-

1919 3328 2060 3381 rium
2085 3326 2304 3380 minime
2334 3326 2586 3395 potuistis
2624 3328 2933 3396 prohibere,
2956 3339 3011 3381 ut
3044 3344 3110 3382 ne
3134 3328 3485 3383 transferrem

1919 3419 2150 3487 lapidem
2173 3457 2188 3481 ,
2223 3420 2498 3489 qumnodo
2532 3431 2795 3474 creaturae
2818 3422 2982 3476 totius
3008 3421 3271 3475 artiﬁcem
3304 3424 3489 3490 prohi-

1904 3511 2166 3574 bueritis,
2193 3519 2251 3565 ut
2282 3524 2350 3566 ne
2378 3512 2565 3566 volens
2589 3513 2792 3582 proprii
2839 3514 3087 3584 corporis
3120 3515 3375 3581 templum
3402 3516 3485 3568 in-

1920 3613 2125 3659 stauret
2153 3602 2176 3659 ?
2200 3602 2303 3670 Qui
2334 3613 2638 3660 creaturam
2690 3606 3053 3674 nequidquam
3101 3608 3365 3676 impedire
3394 3624 3486 3661 va-

1920 3694 2121 3761 luistis,
2148 3696 2421 3766 quomodo
2452 3695 2699 3773 Creatori
2743 3698 2997 3773 resistere
3032 3698 3290 3753 teutatis?
3317 3699 3491 3753 (laete-

1920 3803 2044 3843 rum
2098 3789 2322 3857 surgite,
2349 3802 2413 3843 ac
2465 3797 2721 3842 accurate
2780 3790 3017 3859 undique
3050 3792 3492 3860 circumspicito;

1921 3893 2051 3931 num
2088 3878 2249 3932 modo
2277 3876 2497 3933 Petrum
2524 3878 2733 3932 socium
2761 3878 2985 3932 habeam
3017 3880 3041 3931 ?
3080 3896 3205 3933 num
3254 3884 3494 3949 piscato-

1921 3984 2041 4023 rum
2073 3969 2289 4039 aliquis,
2335 3968 2643 4035 conjunctis
2701 3983 2912 4034 mecum
2965 3971 3244 4037 operibus,
3282 3970 3491 4025 furatur

1922 4060 2235 4122 mortuum?
2269 4075 2397 4112 num
2434 4058 2574 4112 Deus
2614 4052 2916 4114 auxiliante
2950 4062 3147 4131 egeat?
3171 4079 3295 4115 num
3346 4062 3493 4117 Deus

1923 4140 2158 4206 Verbum
2185 4154 2251 4206 ad
2276 4154 2456 4206 carnis
2504 4168 2618 4208 su:e
2661 4157 3115 4210 resurrectionem
3168 4157 3492 4227 cujusquam

1921 4259 2139 4317 operam
2176 4245 2539 4300 necessariam
2571 4246 2812 4300 habeat?
2857 4257 2894 4298 ι’

1991 4334 2081 4391 ΙΧ.
2115 4336 2238 4392 iltec
2268 4337 2359 4391 ubi
2389 4339 2613 4407 angelus
2639 4339 2849 4393 locutus
2872 4348 3018 4391 esset
3042 4340 3110 4391 ad
3150 4343 3405 4396 custodes
3429 4359 3492 4397 ac

1921 4429 2226 4485 Phariszeos
2246 4473 2262 4495 ,
2310 4429 2543 4499 dejectos
2578 4446 2674 4486 eos
2708 4445 2772 4483 ac
2801 4438 3092 4486 trementes
3122 4434 3439 4502 relinquens
3468 4475 3485 4497 ,

259 4517 355 4570 καὶ
399 4517 732 4588 τρέμοντας,
774 4518 1077 4587 ἐπέστρεψε
1125 4515 1263 4587 πρὸς
1311 4515 1411 4579 τὰς
1455 4516 1720 4583 γυναῖκας
1761 4513 1817 4566 τὸ

1924 4521 2128 4577 vultum
2159 4522 2227 4576 ad
2254 4522 2511 4576 mulieres
2546 4520 2840 4575 convertit:
2881 4534 2945 4575 ac
2975 4516 3223 4591 primum
3245 4524 3485 4591 quidem,

258 4607 585 4679 πρόσωπον·
631 4610 725 4662 καὶ
753 4608 967 4680 πρῶτον
1011 4608 1111 4677 μὲν
1154 4607 1385 4659 δέδωκεν
1431 4608 1624 4670 αὐταῖς
1655 4625 1817 4662 κατα-

1924 4614 2031 4668 leni
2061 4614 2253 4665 ehtutu
2280 4627 2343 4665 ac
2377 4610 2575 4667 blando
2603 4613 2898 4676 recreavit;
2942 4622 3163 4683 tumque
3196 4613 3263 4666 ab
3296 4613 3491 4665 animis

260 4698 535 4769 τρυφῆσαι
561 4698 871 4770 βλέμματος
899 4697 1105 4769 ἡμέρου
1128 4699 1223 4749 καὶ
1251 4696 1555 4766 προσηνοῦς
1573 4712 1588 4726 ·
1631 4698 1817 4751 ἔπειτα

1923 4704 2366 4772 depulitmetum,
2390 4703 2463 4757 ita
2480 4703 2778 4759 inclamans
2803 4722 2815 4756 ε
2850 4723 2868 4754 ι
2885 4703 3066 4758 Nolite
3087 4707 3289 4767 timere,
3315 4721 3400 4756 vos
3423 4708 3486 4757 '°.

260 4787 374 4842 τῶν
400 4786 584 4859 ψυχῶν
612 4786 790 4861 αὐτῶν
812 4787 904 4841 τὸν
932 4786 1094 4854 φόϐον
1132 4785 1357 4850 ἐξέϐαλε
1385 4786 1523 4856 βοῶν
1564 4787 1701 4860 πρὸς
1730 4788 1825 4840 αὺ-

258 4880 360 4943 τάς
381 4896 396 4909 ·
447 4898 467 4930 ι
497 4864 594 4947 Μὴ
621 4877 899 4949 φοϐεῖσθε
924 4878 1115 4949 ὑμεῖς.
1163 4871 1324 4947 Οὗτοι
1350 4878 1699 4933 δειλιάτωσαν
1728 4879 1827 4933 καὶ

261 4967 638 5039 φοϐείσθωσαν
662 4985 678 5000 ο
723 4966 919 5042 ὶχθροη
934 4969 1042 5039 γάρ
1070 4969 1175 5022 είσι
1206 4970 1303 5023 καὶ
1328 4969 1576 5040 πολέμιοι
1604 4985 1620 5001 ο
1665 4971 1825 5040 ὑμεῖς

260 5061 319 5116 δὲ
356 5061 433 5134 μὴ
473 5060 723 5131 φοϐεῖσθε
744 5101 760 5127 ,
796 5051 934 5135 ἀλλά
964 5064 1219 5133 σκιρτᾶτε
1253 5066 1346 5119 καὶ
1390 5066 1628 5136 χαίρετε.
1665 5066 1825 5132 Ἀξια

264 5156 377 5224 γὰρ
416 5153 690 5223 στεφάνων
719 5153 1012 5227 ἐπράξατε.
1048 5156 1140 5223 Μὴ
1168 5156 1419 5225 φοϐεῖσθε
1451 5159 1608 5228 ὑμεῖς
1630 5174 1642 5188 ο
1696 5160 1825 5228 μιᾶς

262 5250 373 5318 γὰρ
407 5248 719 5312 δεσποτείας
750 5249 915 5319 ἐσμέν
940 5264 955 5279 ο
984 5248 1075 5302 τὸν
1100 5249 1259 5302 αὐτὸν
1284 5248 1574 5319 δοξάζομεν
1598 5248 1821 5320 Κύριον.

268 5336 414 5392 Οἶδα
462 5338 549 5392 ὅτι
601 5338 851 5409 Ἰησοῦν
886 5339 991 5393 τὸν
1032 5340 1486 5411 ἐσταυρωμένον
1524 5338 1758 5407 ζητεῖτε.
1799 5362 1817 5395 ι

266 5432 384 5484 υύκ
420 5426 593 5493 εἶπεν.
630 5432 837 5504 Ἰησοῦν
879 5432 970 5485 τὸν
1007 5432 1197 5503 νεκρόν
1220 5449 1235 5463 ·
1269 5435 1327 5485 οὐ
1354 5432 1463 5503 γὰρ
1488 5430 1555 5504 ἦν
1587 5432 1706 5486 τότε
1737 5451 1823 5487 νε-

269 5522 435 5592 κρός·
484 5520 618 5587 ἀλλ’,
676 5541 693 5574 ι
720 5521 949 5590 Ἰησοῦν
972 5520 1076 5575 τὸν
1102 5522 1557 5592 ἐσταυρωμένον
1578 5539 1592 5553 ο
1635 5522 1726 5577 τὸν
1756 5524 1823 5577 δι’

344 5696 578 5754 ’Matth.
639 5712 828 5765 mm,
879 5699 967 5755 35.
1046 5697 1235 5753 “ibid.
1266 5698 1318 5753 4.
1396 5701 1435 5729 ¹¹
1473 5697 1600 5755 ibid.
1634 5700 1685 5754 5.

1920 4791 2013 4847 Isti
2068 4801 2302 4862 paveant
2348 4793 2711 4861 timcantque:
2758 4793 2960 4863 quippe
3011 4794 3189 4848 hostes
3240 4802 3365 4845 sunt
3426 4810 3491 4846 ac

1919 4882 2145 4937 inimici.
2182 4880 2287 4938 Vos
2315 4892 2516 4945 autem,
2556 4880 2723 4935 nolite
2750 4885 2975 4949 timere;
3006 4883 3272 4953 quinimo.
3314 4884 3489 4952 tripu-

1920 4974 2011 5030 dio
2032 4976 2295 5045 gaudete:
2321 4977 2481 5043 digna
2508 4973 2706 5044 quippe
2733 4977 2953 5031 coronis
2981 4974 3187 5043 egistis.
3216 4972 3392 5029 Nolite
3422 4977 3491 5030 ti~

1926 5079 2095 5132 mere,
2120 5080 2217 5119 vos
2245 5084 2257 5119 :
2290 5065 2453 5118 unius
2474 5061 2620 5114 enim
2639 5064 2940 5119 dominatui
2958 5060 3310 5128 subjicimur:
3336 5078 3491 5118 cum-

1928 5160 2050 5215 dem
2074 5159 2433 5215 clarillcamus
2458 5155 2768 5213 Dominum.
2807 5158 2928 5213 Scio
2951 5156 3075 5225 quia
3104 5154 3285 5209 Iesum
3323 5162 3495 5212 cruci-

1928 5252 2094 5323 ﬁxum
2118 5251 2351 5323 queritis
2392 5249 2456 5301 “.
2489 5248 2609 5304 Non
2634 5251 2800 5314 dixit,
2827 5250 3007 5305 Jesum
3036 5258 3345 5304 mortuum:
3382 5269 3491 5306 ntn

1929 5343 2072 5398 enim
2102 5351 2229 5394 tunc
2264 5340 2523 5408 temporis
2552 5351 2670 5395 erat
2697 5349 2976 5404 mortuus;
3009 5339 3122 5404 sed,
3159 5336 3339 5394 Jesum
3373 5358 3493 5393 cru-

1930 5434 2147 5501 ciﬁxum
2171 5472 2186 5497 ,
2215 5446 2336 5485 eum
2356 5473 2371 5496 ,
2401 5432 2495 5500 qui
2525 5434 2692 5489 vestri
2721 5448 2883 5490 causa
2919 5432 3097 5488 crucis
3117 5433 3493 5488 confusionem

1934 5524 2265 5595 proculcavit
2295 5525 2358 5577 ¹¹.
2397 5522 2533 5581 Eum
2568 5525 2830 5597 quartus,
2859 5523 2953 5595 qui
2980 5526 3172 5597 quaerit
3196 5532 3496 5597 quaerentes

1762 5701 1806 5731 ¹²
1835 5698 1992 5756 Hebr.
2023 5716 2121 5766 xu,
2152 5701 2204 5755 3.

350 5876 464 5954 (ﬂ)
499 5880 591 5956 Τῷ
620 5882 1084 5958 δημιουργήματι.
1128 5882 1311 5954 Forte,
1335 5888 1397 5943 τὸ
1438 5887 1829 5961 δημιούργημά
1854 5905 1929 5944 τι.
1969 5886 2044 5944 in.
