4024 6340
643 474 774 537 1859

1610 472 1979 556 GREGDRII
2009 470 2364 536 EPISCOPI.
2400 471 2859 532 ANTIOCHENI

3698 481 3829 544 1860

639 604 695 639 se
722 585 766 616 "
785 630 798 639 .
833 599 978 646 eum,
1009 585 1096 652 qui
1126 600 1292 654 prope
1321 592 1404 638 est
1436 583 1809 638 invocantibus
1833 599 1955 638 eum
1985 585 2048 637 "'.
2072 582 2184 638 Srio

2297 587 2438 654 ὑμεῖς
2485 587 2578 638 τοῦ
2639 587 2866 656 στανροῦ
2913 587 3008 656 τὴν
3057 589 3318 659 αἰσχύνην
3359 566 3675 661 πατήσαντα
3713 594 3827 662 (τε).

634 677 757 744 quia
807 674 984 727 Jesum
1029 677 1266 743 quwritis
1310 675 1616 742 cruri/iram
1660 689 1676 724 .·
1722 673 1842 725 Non
1883 685 1956 727 est
1985 675 2064 726 hic
2107 677 2146 704 "
2183 689 2194 724 :

639 784 744 820 non
775 779 858 822 est
889 768 978 820 ubi
1012 768 1250 836 putatis:
1289 780 1394 819 non
1427 776 1509 820 est
1535 779 1644 832 quo
1672 765 1788 819 loco
1818 766 2024 834 positus
2051 766 2198 832 jace-

634 857 742 911 hat.
811 855 950 922 Quid
1011 858 1111 911 hoc
1168 857 1269 918 ais,
1327 872 1361 909 ο
1407 856 1628 926 angele?
1673 854 1788 909 Non
1841 865 1924 910 est
1982 856 2067 909 hic
2102 855 2198 907 Do-

634 949 814 1002 minus
846 958 1029 1002 noster
1061 962 1123 1000 ac
1157 947 1362 1001 herus?
1405 962 1510 1000 non
1562 956 1645 1003 est
1696 958 2004 1000 nostrarum
2033 961 2197 1015 argu-

634 1049 875 1091 mentum
926 1037 1327 1108 lacrymarum?
1365 1036 1506 1108 Ergo
1536 1037 1734 1092 frustra
1763 1052 1886 1091 eum
1921 1037 2199 1092 luximus?
2232 1059 2236 1062 ·

634 1127 855 1182 Frustra
898 1130 945 1182 ei
991 1138 1327 1183 mortuorum
1360 1129 1522 1183 xenia
1563 1129 1901 1183 obtulimus?
1946 1127 2061 1183 Non
2115 1137 2199 1182 est

633 1221 760 1272 hic?
791 1208 930 1290 Ergo
962 1220 1157 1274 iterum
1191 1236 1314 1274 eum
1356 1221 1460 1273 alio
1495 1221 1716 1289 maligni
1755 1219 2191 1274 transtulerunt?

635 1309 804 1364 Etiam
861 1312 1150 1380 sepulturae
1200 1312 1461 1365 honorem
1504 1311 1847 1371 inviderunt.
1895 1311 1988 1380 qui
2030 1311 2194 1366 vitam

633 1402 974 1456 inviderant?
1013 1400 1127 1455 Non
1167 1411 1249 1456 est
1282 1400 1411 1456 hic?
1455 1398 1700 1456 Ubinatn'
1729 1417 1859 1456 vero
1898 1402 2014 1457 est?
2050 1401 2193 1466 cito,

631 1505 908 1560 rogamus,
942 1490 1159 1544 edicito.
1203 1489 1342 1544 Seda
1377 1501 1669 1545 trementes
1700 1493 1912 1549 animos
1941 1500 2189 1546 nostros:

606 1596 699 1651 _ne
747 1580 915 1634 luctui
965 1581 1164 1635 addere
1193 1581 1336 1635 velis
1369 1580 1571 1636 luctum
1605 1584 1770 1636 alium
1807 1602 1820 1636 :
1868 1583 1986 1652 ejus
2039 1584 2196 1638 nobis

629 1673 825 1724 mortui
861 1673 1035 1726 locum
1069 1672 1290 1726 ostende
1311 1712 1326 1736 ,
1367 1687 1528 1740 quem
1547 1673 1856 1742 :quan'imus
1877 1712 1891 1734 ,
1927 1682 1984 1727 ut
2017 1688 2192 1742 quan-

637 1761 811 1815 tocius
851 1767 915 1814 eo
968 1769 1246 1816 currentes
1276 1801 1291 1824 ,
1341 1761 1626 1814 oculorum
1683 1760 1872 1814 rivulis
1922 1760 2190 1815 tristitiam

627 1866 940 1906 ναυυριηυε.
956 1870 974 1902 θ

698 2115 764 2168 Χ.
798 2115 866 2186 At
903 2117 1168 2185 angelus:
1214 2134 1232 2166 ι
1273 2114 1443 2170 Vultis
1469 2155 1482 2178 ,
1529 2115 1740 2182 inquit,
1785 2115 1960 2175 seire,
1999 2115 2089 2167 ubi
2124 2117 2192 2169 sit

625 2221 783 2274 quem
821 2207 1096 2274 quaeritis,
1126 2220 1188 2258 ac
1218 2205 1496 2272 quomodo
1524 2203 1850 2259 resurrexit?
1897 2202 2060 2258 \‘obis
2092 2219 2190 2270 ego

632 2296 903 2351 referam:
944 2295 1231 2366 Propterea
1272 2298 1416 2349 enim
1459 2294 1526 2348 ad
1567 2310 1661 2349 vos
1701 2295 1899 2348 missus
1929 2311 2049 2348 sttttt
2078 2333 2093 2359 ,
2124 2301 2191 2349 ab

626 2389 744 2458 ipso
773 2403 930 2458 quem
969 2388 1210 2456 quaeritis
1245 2396 1459 2440 mortuo
1487 2426 1502 2450 ,
1532 2395 1590 2439 ut
1625 2397 1678 2440 et
1727 2385 1896 2454 ipsius
1949 2402 2191 2442 resurre-

623 2479 861 2533 ctionem
888 2481 1459 2547 doceatn,vestrosque
1480 2493 1664 2530 emam
1688 2478 1898 2531 animos
1925 2493 1988 2530 ac
2017 2478 2189 2547 laery-

625 2584 739 2622 mas
762 2568 968 2631 sistant,
996 2577 1156 2636 atque
1182 2568 1345 2620 animi
1381 2565 1621 2619 laetitiam
1647 2579 1711 2617 ex
1742 2567 2051 2618 narratione
2075 2568 2182 2618 eri-

622 2675 765 2728 gam.
805 2658 1088 2720 Surrexit,
1142 2659 1277 2710 sicut
1325 2655 1558 2732 dixit“.
1612 2652 1766 2708 Nunc
1819 2655 1980 2709 etiam
2029 2657 2189 2711 solito

624 2751 832 2806 Veritas
861 2766 1021 2804 verax
1063 2750 1202 2813 fuit,
1247 2757 1300 2802 et
1345 2763 1466 2816 qua:
1496 2748 1674 2802 verbis
1707 2747 1968 2815 protulit,
2025 2749 2186 2803 etiam

623 2857 784 2912 opere
815 2842 1074 2910 implevit.
1121 2839 1447 2895 Immortalis
1476 2840 1596 2919 ejus
1627 2841 1878 2897 divinitas
1904 2881 1918 2903 ,
1967 2842 2189 2894 immor-

625 2935 744 2989 talis
770 2934 1104 3004 permansit;
1146 2947 1209 2988 ac
1242 2948 1352 3002 quo
1397 2944 1637 3002 tempore
1671 2948 1796 2987 caro
1824 2943 2034 2988 mortua
2061 2945 2145 2988 est
2167 2973 2182 2995 ,

551 3025 555 3027 ’
622 3028 850 3081 mortale
876 3039 1074 3093 corpus
1117 3023 1236 3093 ejus
1275 3024 1556 3092 corporeis
1607 3023 1723 3076 suis
1771 3023 1945 3077 oculis
1993 3024 2187 3078 mortis

621 3133 872 3172 somnum
932 3117 1191 3184 suscepit.
1251 3112 1570 3167 Recumbetts
1638 3113 1776 3165 enim
1836 3113 2077 3166 dormivit
2131 3123 2185 3164 ut

2299 678 2515 745 Ζητεῖτε
2541 679 2628 728 τὸν
2665 677 3017 747 ἐπιζητοῦντα
3043 681 3168 741 τοὺς
3206 679 3502 749 ζητοῦντας
3537 681 3713 735 αὐτόν.
3740 683 3828 752 Ζη-

2296 772 2436 820 τεῖτε
2457 768 2553 820 τὸν
2573 769 2740 835 ἐγγὺς
2763 770 2889 820 ὄντα
2917 768 3024 822 τῶν
3053 770 3491 840 ἐπικαλουμένων
3508 771 3688 825 αὐτόν.
3709 769 3830 826 οἶδα

2250 895 2252 899 -
2297 859 2382 912 ὅτι
2416 860 2655 926 Ἰησοῦν
2675 862 2729 913 τί
2743 879 2779 913 ν
2798 859 3246 929 ἐσταυρωμένον
3272 860 3490 926 ζητεῖτε
3508 877 3520 890 ·
3558 865 3665 916 οὐκ
3683 863 3828 916 ἐστιν

2295 944 2409 1003 ὧδε
2427 966 2442 981 ·
2488 952 2588 1004 οὐκ
2614 950 2759 1002 ἐστιν
2789 953 2920 1004 ὅπου
2947 951 3190 1018 νομίζετε
3210 966 3223 979 ·
3266 949 3364 1002 οὐκ
3394 951 3542 1003 ἔστιν
3563 951 3693 1003 ὅπου
3719 967 3828 1002 κατν

2300 1039 2494 1091 ἐκειτο.
2531 1058 2548 1090 ι
2575 1037 2639 1092 Τί
2665 1039 2859 1107 λέγεις,
2891 1033 2936 1092 ὧ
2966 1040 3159 1107 ἄγγελε
3181 1056 3196 1103 ;
3215 1039 3329 1092 υύκ
3359 1039 3506 1091 ἐστιν
3528 1033 3631 1093 ὦδε
3657 1040 3685 1091 6
3709 1039 3828 1108 ἡμέ.

2296 1146 2449 1198 τερος
2477 1129 2748 1200 Δεσπότης
2780 1132 2871 1182 καὶ
2901 1130 3132 1200 mpm;
3175 1131 3273 1182 οὒκ
3296 1129 3410 1182 ἔστι
3437 1128 3545 1180 τῶν
3570 1129 3829 1197 ἡμετέρων

2295 1218 2540 1289 δακρύων
2581 1221 2615 1290 ή
2662 1218 2960 1289 πρόφασις
3011 1220 3198 1289 Μάτην
3237 1219 3396 1272 αὑτὸν
3429 1217 3826 1286 ὲπενθήσαμενς

2296 1310 2484 1380 Μάτην
2516 1309 2663 1380 αύτῷ
2705 1311 3150 1380 προσηνέγκαμεν
3176 1310 3243 1364 τὰ
3269 1309 3416 1377 ξένια
3452 1308 3562 1360 τῶν
3606 1307 3825 1378 νεκρῶν;

2295 1399 2408 1451 Ούκ
2439 1399 2582 1452 ἔστιν
2611 1393 2744 1463 ὧδες
2781 1399 3097 1470 Μετέθηκαν
3135 1401 3294 1453 αὐτὸν
3325 1399 3485 1453 πάλιν
3505 1396 3758 1467 ἀλλαχόσε
3785 1398 3828 1450 οι

2295 1491 2546 1561 πονηροξ;
2584 1485 2910 1562 Ἐφθόνήσαν
2939 1489 3084 1560 αύτῷ
3108 1492 3200 1542 καὶ
3223 1489 3322 1559 τῆς
3345 1489 3542 1558 ταφῆς,
3568 1487 3618 1541 οι
3651 1487 3827 1557 900W;-

2296 1599 2482 1646 σαντες
2523 1583 2618 1651 τῆς
2653 1582 2796 1654 ζωῆς
2828 1581 3027 1646 αὐτοῦς
3069 1581 3183 1634 Οὐκ
3210 1579 3354 1632 ἔστιν
3380 1574 3514 1645 thas;
3556 1580 3710 1632 Ἀλλὰ
3740 1575 3826 1630 ποῦ

2292 1675 2470 1740 estw;
2514 1671 2630 1726 εἷπε
2660 1677 2810 1744 ἡμῖν,
2849 1672 3076 1744 δεόμεθά
3116 1667 3228 1735 σου,
3265 1671 3422 1740 ταχύ.
3469 1671 3673 1736 Στῆσον
3714 1685 3827 1740 τρε·

2295 1766 2500 1836 μούσας
2527 1767 2558 1835 ή
2569 1767 2682 1836 μῶν
2718 1767 2815 1829 τὰς
2843 1767 3042 1835 ψυχάςο
3092 1765 3165 1834 μὴ
3191 1763 3268 1833 τῷ
3299 1761 3484 1816 πένθει
3515 1762 3704 1825 πένθος
3727 1763 3826 1814 ἑπι-

2296 1857 2464 1930 6αλῃς
2494 1858 2710 1927 ἕτερον’
2759 1857 3028 1920 ὑπόδειξον
3059 1859 3187 1928 ἡμῖν
3223 1855 3312 1909 τὸν
3336 1851 3499 1907 τόπον
3532 1854 3627 1905 τοῦ
3654 1853 3825 1923 ἐπιζη-

2229 1923 2269 1978 Β
2298 1950 2556 2018 τουμένου
2584 1947 2795 2019 νεκροῦ,
2827 1948 2912 2000 ἵνα
2943 1947 3244 2018 δραμούσαι
3271 1946 3476 2016 ταχέως
3510 1945 3644 2008 ἐκεῖ,

2292 2054 2472 2104 σωμεν
2507 2039 2605 2105 τὴν
2633 2037 2806 2107 λύπην
2834 2036 2920 2090 διὰ
2946 2037 3056 2106 τῶν
3078 2035 3366 2106 ὀφθαλμῶν

2361 2133 2414 2186 l'.
2475 2133 2585 2184 Καὶ
2618 2133 2646 2183 6
2677 2132 2901 2198 ἄγγελος
2924 2129 3060 2199 ἔφη·
3127 2150 3143 2180 ι
3191 2128 3451 2180 Βούλεσθε
3505 2125 3692 2196 μαθεῖν
3738 2123 3826 2176 πού

2290 2224 2434 2274 ἐστιν
2465 2225 2492 2275 ὁ
2526 2223 2852 2292 ζητούμενος
2906 2221 3036 2308 παρ’
3085 2219 3259 2288 ὑμῶν.
3307 2220 3401 2272 καὶ
3450 2219 3566 2280 πῶς
3607 2215 3824 2280 civim;

2305 2313 2444 2381 Ἐγὼ
2469 2312 2832 2382 διηγήσομαι·
2890 2307 3172 2364 atauo-3m
3203 2309 3310 2380 γὰρ
3351 2307 3662 2379 ἀπεστάλην
3708 2308 3827 2376 πρὸς

2290 2407 2431 2474 ὑμᾶς
2463 2403 2594 2474 παρ’
2620 2403 2782 2456 αύτοῦ
2814 2401 2906 2454 τοῦ
2937 2403 3067 2473 παρ’
3099 2399 3250 2470 ὑμῶν
3272 2399 3602 2469 ζητουμένου
3628 2397 3825 2469 νεκροῦ,

2290 2496 2375 2548 ἴνα
2400 2495 2492 2548 καὶ
2516 2494 2612 2565 τὴν
2645 2493 2938 2546 ἀνάστασιν
2965 2491 3126 2546 αὑτοῦ
3159 2489 3375 2554 διδάξω,
3410 2489 3504 2543 καὶ
3529 2491 3627 2553 τὰς
3652 2491 3826 2559 ὑμετέ-

2291 2603 2389 2654 ρας
2417 2585 2593 2654 ψυχας
2637 2584 2977 2655 θεραπεύσω,
3019 2583 3114 2637 καὶ
3140 2583 3210 2636 τά
3253 2583 3463 2654 δάκρυα
3511 2583 3710 2652 στήσω.
3743 2581 3826 2633 καὶ

2289 2678 2428 2748 πρὸς
2503 2677 2837 2747 εὐφροσύνην
2910 2678 3050 2747 ὑμᾶς
3125 2677 3315 2746 ἐπάρω
3383 2675 3464 2746 τῷ
3525 2674 3823 2744 διηγήματι.

2300 2769 2569 2837 Ἠγέρθη,
2597 2769 2789 2834 καθὼς
2814 2765 2999 2821 εἶπεν.
3033 2768 3324 2838 Ἢλήθευσε
3357 2770 3451 2821 καὶ
3481 2766 3574 2822 νῦν
3603 2764 3824 2835 συνήθως

2288 2862 2320 2930 ἡ
2364 2861 2603 2929 ἀλήθεια,
2655 2863 2747 2913 καὶ
2781 2859 2920 2929 ’ἅπερ
2955 2859 3060 2920 τοῖς
3105 2857 3281 2925 λύγοις
3329 2852 3470 2921 εἷπε,
3517 2856 3684 2910 ταῦτα
3727 2857 3826 2917 τοις

2288 2953 2468 3022 ἔργοις
2505 2951 2840 3022 ἐπλήρωσεν.
2875 2949 2939 3003 Ἦ
2967 2949 3228 3010 ἀθάνατος
3289 2948 3457 3000 αὑτοῦ
3483 2948 3664 3016 θεότης
3694 2946 3827 3016 ἔμει-

2287 3060 2376 3095 νεν
2404 3042 2696 3104 ἀθάνατοςθ
2742 3042 2832 3094 καὶ
2875 3041 2933 3094 ὲν
2977 3040 3053 3109 τῷ
3103 3037 3278 3108 καιρῷ
3315 3037 3417 3107 τῆς
3463 3029 3710 3108 τελευτῆς
3737 3034 3824 3105 τῆς

2289 3131 2524 3202 σαρκὸς,
2563 3133 2624 3184 τὸ
2681 3130 2870 3201 θνητὸν
2919 3129 3082 3183 αὐτοῦ
3127 3130 3313 3199 σῶμα,
3360 3129 3472 3187 τοῖς
3518 3127 3824 3197 σωματικοῖς

622 3209 700 3260 leo
736 3206 776 3236 ¹⁷
824 3205 1003 3274 regie;
1047 3204 1258 3256 rediens
1279 3217 1428 3266 vero,
1463 3203 1725 3270 processit
1767 3203 1888 3257 inde
1922 3213 1984 3256 ut
2017 3202 2182 3258 Deum

2285 3220 2450 3274 αὑτοῦ
2493 3219 2808 3290 ὀφθαλμοῖς,
2849 3217 2942 3271 τοῦ
2992 3217 3218 3271 θανάτου
3267 3216 3358 3269 τὸν
3407 3215 3569 3268 ὕπνον
3605 3213 3822 3279 ἐδέξατο.

619 3298 793 3353 decet.
812 3295 928 3350 Non
957 3303 1327 3365 cognoverunt
1353 3292 1628 3357 custodes,
1656 3293 1774 3360 ejus
1797 3308 1956 3362 quem
1989 3304 2177 3348 custo-

619 3389 834 3444 diebant
862 3400 1174 3456 processum
1209 3404 1221 3439 ;
1262 3384 1485 3437 minime
1513 3384 1782 3450 siquident
1809 3383 1954 3452 digni
1983 3392 2141 3436 erant
2167 3423 2181 3446 ,

623 3490 679 3533 ut
708 3493 870 3548 quem
916 3475 1305 3545 impugnabant
1323 3512 1338 3537 ,
1382 3482 1752 3544 resurgentem
1781 3475 2039 3529 viderent.
2066 3472 2185 3528 Non

618 3571 1015 3642 prohibuerunt
1041 3569 1314 3639 signacula
1346 3566 1524 3623 ferrea
1558 3567 1774 3629 Domini
1795 3568 1994 3621 exitum
2027 3585 2040 3620 :
2095 3582 2186 3620 ne-

619 3663 790 3734 quivit
813 3663 1118 3731 sepulcrum
1144 3660 1404 3728 impedire
1429 3659 1885 3712 resurrectionem
1927 3657 2186 3725 Omnipo-

623 3759 826 3810 tentis:
864 3769 971 3806 non
1009 3751 1179 3804 valuit
1211 3765 1360 3804 mors
1395 3763 1519 3802 eum
1556 3749 1786 3813 vincire,
1823 3748 1918 3817 qui
1963 3748 2185 3800 minime

621 3846 856 3918 peccatis
899 3845 1113 3898 vinctus
1157 3841 1369 3897 fuisset.
1411 3839 1557 3894 Loco
1583 3879 1598 3904 ,
1644 3840 1836 3894 nolens
1881 3849 2182 3908 tyrannus.

621 3939 750 4008 Regi
780 3938 961 3993 cessit.
994 3935 1245 3990 lnfernus
1277 3936 1392 4004 ipse
1419 3947 1622 4003 pavens
1647 3973 1661 3996 ,
1693 3942 1902 3985 terrore
1929 3929 2032 3984 fuit
2059 3946 2181 3985 cor-

620 4047 823 4102 reptus.
872 4030 1068 4084 Inferni
1099 4029 1384 4098 janitores,
1419 4025 1674 4095 proiectis
1725 4024 1969 4078 clavibus
2007 4037 2070 4078 ac
2096 4025 2180 4092 ja-

619 4128 742 4178 nuis
765 4123 965 4190 apertis
989 4159 1004 4182 ,
1041 4121 1173 4172 nulli
1201 4117 1499 4186 quidquam
1535 4115 1654 4169 ausi
1691 4122 1817 4169 sunt
1847 4114 2027 4168 dicere
2046 4152 2061 4176 ,
2083 4129 2178 4168 eo-

617 4232 737 4270 rum
761 4216 853 4282 qui
888 4211 1047 4266 simul
1079 4215 1515 4263 resurrexerunt.
1548 4203 1790 4258 Surrexit
1825 4206 2005 4275 igitur,
2042 4207 2179 4259 sicut

614 4309 772 4360 dixit.
803 4303 1084 4370 Quomodo
1115 4299 1267 4352 vobis
1298 4312 1511 4351 narrent
1551 4296 1794 4351 arcana?
1822 4295 1942 4361 Quo
1971 4312 2174 4366 praeco—

631 4400 723 4452 nio
746 4398 1035 4454 celebrem,
1063 4408 1183 4460 quat:
1210 4403 1512 4441 sermonem
1539 4401 1753 4441 onmem
1783 4377 2038 4454 superant
2057 4401 2178 4441 sen-

613 4487 878 4558 sumque?
907 4487 1190 4550 Quomodo
1216 4481 1634 4536 resurrectionis
1667 4479 1964 4534 Domiuicte
1993 4495 2176 4534 sacra-

2302 3309 2643 3364 ⁶Αναπεσὼν
2665 3314 2774 3379 γὰρ
2799 3307 3083 3378 ἐκοιμήθη
3099 3307 3176 3373 ὡς
3205 3305 3360 3360 λέων
3386 3303 3689 3376 βασιλικῶςο
3708 3303 3825 3354 ἀνα-

2286 3401 2507 3472 δραμὼν
2531 3398 2607 3464 es,
2635 3399 2899 3470 προῆλθεν
2920 3397 3164 3452 ἐντεῦθεν
3191 3395 3531 3467 θεοπρεπῶς.
3551 3393 3661 3448 Οὐκ
3679 3390 3824 3459 ἐγνω-

2288 3512 2386 3548 σαν
2421 3497 2469 3547 οῐ
2497 3493 2731 3563 φύλακες
2755 3491 2848 3544 τού
2878 3489 3276 3561 φρουρουμένου
3323 3487 3424 3556 τὴν
3467 3483 3682 3555 πρόοδον
3707 3500 3721 3515 ο
3767 3483 3820 3534 οὗ

2286 3587 2394 3655 γὰρ
2420 3581 2558 3655 ἦσαν
2586 3582 2723 3646 ἄξιοι
2753 3583 2842 3633 τὸν
2868 3581 2958 3633 ὑπ’
2984 3578 3159 3633 αὐτῶν
3179 3575 3580 3646 πολεμούμενον
3605 3571 3822 3627 κατιδεῖν

2284 3674 2610 3730 ἀναστάντα.
2641 3672 2752 3724 Οὐκ
2781 3667 3048 3724 ἐκώλυσεν
3068 3671 3096 3721 6
3115 3668 3282 3734 τάφος
3303 3665 3399 3720 τοῦ
3436 3664 3818 3731 παντοδυνάμου

2282 3765 2380 3833 τὴν
2407 3765 2642 3834 ἔγερσιν.
2673 3763 2998 3832 υὺκῐσχυσε
3018 3757 3315 3827 καταδῆσαι
3343 3757 3437 3809 τὸν
3463 3756 3537 3828 μὴ
3562 3756 3818 3826 δεδεμένον

2284 3861 2403 3919 ταῖς
2451 3855 2744 3926 ἁμαρτίαις
2797 3855 2826 3906 6
2875 3853 3121 3916 θάνατος.
3171 3849 3567 3922 Παρεχὼρησεν
3614 3851 3754 3904 ἄκων
3792 3852 3818 3902 6

2282 3949 2538 4019 τύραννος
2568 3946 2646 4018 τῷ
2677 3946 2902 4016 βασιλεῖ.
2925 3945 3095 4007 Αὐτὸς
3123 3946 3152 3997 6
3173 3943 3305 4014 ᾅδης
3333 3943 3602 4006 δειλιάσας
3622 3943 3820 4011 ἐγένετο

2283 4042 2578 4112 σύντρομος
2594 4056 2607 4070 ⁶
2641 4041 2690 4094 οἱ
2723 4037 2965 4107 πυλωροὶ
2989 4036 3081 4090 τοῦ
3107 4037 3234 4108 ᾅδου
3269 4035 3370 4099 τὰς
3396 4037 3542 4100 κλεῖς
3563 4036 3818 4108 ῥίψαντες,

2281 4133 2374 4188 καὶ
2401 4134 2495 4196 τὰς
2527 4132 2702 4194 πύλας
2730 4112 3174 4191 ἀνεπετάσαντες,
3211 4128 3314 4181 οὐκ
3348 4128 3650 4199 ἐτόλμησαν
3681 4125 3815 4180 οὐδὲν

2278 4210 2450 4280 εἰπεῖν
2468 4223 2645 4277 οὐδενὶ
2660 4223 2766 4275 τῶν
2797 4220 3238 4274 συναναστάντων
3257 4219 3427 4291 αὐτῷ.
3467 4221 3694 4290 Ἠγέρθη
3713 4213 3813 4280 οὖν,

2277 4318 2469 4382 καθὼς
2500 4311 2648 4368 εἷπε.
2700 4313 2824 4375 Πῶς
2869 4313 2996 4382 ὑμῖν
3026 4312 3352 4382 διηγήσομαι
3397 4313 3467 4365 τά
3508 4312 3812 4382 amemur;

2277 4409 2398 4472 Πῶς
2427 4404 2647 4476 κηρύξω
2672 4404 2740 4456 τὰ
2759 4403 2990 4456 νικῶντα
3016 4403 3190 4458 πάντα
3214 4401 3369 4471 λόγον
3391 4402 3487 4454 καὶ
3506 4401 3626 4454 νοῦν
3649 4418 3662 4464 ;
3706 4399 3814 4462 Πῶς

2277 4499 2596 4570 ἑρμηνεύσω
2625 4498 2723 4566 τῆς
2762 4497 3093 4566 Δεσποτικῆς
3139 4494 3486 4556 ἀναστάσεως
3532 4494 3592 4546 τὸ
3628 4495 3812 4564 μυστὴ-

615 4594 854 4637 mentum
886 4577 1187 4647 explicent?
1228 4575 1402 4630 Etiam
1437 4588 1572 4627 crux
1616 4583 2010 4628 sacramentum
2041 4581 2168 4638 est;

2284 4607 2430 4662 ptov;
2480 4589 2588 4643 Καὶ
2639 4591 2667 4641 6
2712 4587 2939 4658 σταυρὸς
2983 4588 3273 4658 μυστήριον
3299 4602 3314 4615 ’
3353 4585 3448 4638 καὶ
3482 4586 3511 4638 6
3541 4586 3812 4656 τριήμερος

613 4676 860 4730 triduana
900 4685 1116 4740 quoque
1155 4667 1274 4736 ejus
1314 4682 1461 4722 mors
1497 4676 1938 4731 sacramentum;
1992 4667 2171 4720 omnia

612 4770 845 4835 denique
868 4762 1166 4832 spectantia
1185 4759 1251 4813 ad
1282 4759 1639 4822 Salvatorem,
1658 4769 1786 4812 sunt
1811 4767 2168 4814 sacramenta.

611 4858 1072 4928 Quemadmodum
1097 4853 1243 4906 enim
1283 4863 1440 4907 natus
1472 4862 1556 4907 est
1585 4852 1784 4906 clausis
1821 4853 2172 4922 virginalibus

609 4951 898 5016 claustris,
949 4950 1018 5000 ita
1066 4956 1119 5000 et
1155 4945 1510 4999 resurrexerit
1541 4945 1727 4998 clauso
1771 4946 2061 5012 sepulcro:
2106 4959 2171 4998 ac

610 5054 747 5100 sicut
772 5040 1078 5109 unigenitus
1104 5037 1194 5092 Dei
1222 5034 1390 5090 Filius
1416 5077 1430 5099 ,
1463 5037 1854 5106 primogenitus
1886 5037 2059 5092 factus
2089 5050 2171 5093 est

609 5155 673 5192 ex
706 5147 896 5197 matre,
932 5132 1000 5184 ita
1028 5145 1347 5198 resurgens,
1381 5129 1556 5184 factus
1574 5141 1655 5184 est
1683 5129 2073 5198 primogenitus
2100 5144 2166 5185 ex

610 5229 841 5282 mortuis
877 5223 940 5273 ’⁸.
975 5220 1126 5274 Sicut
1151 5236 1280 5290 ergo
1310 5229 1491 5282 natus,
1521 5221 1939 5290 haudquaquam
1979 5219 2167 5274 matris

609 5319 846 5388 Virginis
874 5313 1233 5384 virginitatem
1266 5312 1421 5367 solvit
1452 5330 1465 5377 ;
1503 5313 1573 5366 ita
1609 5331 1707 5369 nec
1736 5328 2024 5384 resurgens
2055 5314 2164 5367 sol-

680 5476 723 5508 ¹³
755 5472 911 5526 Prov.
945 5487 1063 5532 vttt,
1101 5469 1184 5524 Π.

609 5560 798 5608 xxv-tn,
828 5543 880 5596 θ.
961 5543 1001 5570 ³⁸
1033 5543 1243 5595 Coloss.
1277 5556 1311 5603 t,
1355 5539 1438 5590 lli.

686 5660 796 5727 (12)
836 5656 1206 5724 Confusionrm
1233 5655 1555 5727 proculcavit
1583 5671 1598 5704 .·
1629 5657 1947 5727 πατήσαντα
1972 5653 2166 5722 αἰσχύ-

607 5723 729 5797 νην.
765 5728 984 5848 IPaulus
1036 5727 1195 5779 llebr.
1264 5741 1360 5788 xtl,
1409 5724 1461 5776 ‘2.
1504 5723 1761 5793 αξσλύνης
1821 5727 2164 5793 καταφρονή-

612 5817 726 5848 σαξ.
786 5813 835 5848 D.
1741 5815 1749 5822 ¹

686 5817 726 5851 ξ.
765 5813 835 5850 ID.
1741 5815 1749 5822 ‘

686 5818 726 5851 '.
765 5818 780 5848 I
827 5839 835 5848 .
1741 5818 1749 5822 '

612 5818 1210 5938 caIlDfPrinwgeuitus
1261 5856 1431 5930 factus
1490 5880 1554 5917 ex
1629 5875 1815 5918 matre.
1862 5863 1937 5917 Ex
2004 5861 2162 5920 Patre

1260 5471 1302 5499 “
1332 5466 1452 5520 Psal
1484 5483 1660 5530 csLtv,
1688 5469 1782 5533 18;
1821 5467 2012 5522 Matth.
2059 5482 2253 5531 xxvttt,
2295 5467 2343 5521 6.

2278 4681 2441 4736 αύτοῦ
2479 4681 2703 4744 θάνατος
2746 4682 3041 4750 μυστήριον
3063 4694 3077 4710 ·
3133 4678 3226 4731 καὶ
3258 4678 3438 4731 πάντα
3463 4676 3531 4730 τὰ
3567 4677 3702 4731 κατά
3733 4675 3812 4727 τδν

2279 4770 2505 4838 Σωτῆρα
2561 4771 2854 4839 μυστήρια.
2888 4769 3092 4837 ’Ὠσπερ
3122 4766 3230 4838 γὰρ
3274 4765 3535 4838 ἐγεννήθη
3583 4767 3686 4820 τῶν
3726 4764 3810 4832 τῆς

2276 4860 2568 4930 παρθενίας
2600 4861 2777 4928 θυρῶν
2819 4858 3238 4926 κεκλεισμένων,
3283 4856 3454 4920 οὔτως
3504 4857 3692 4926 ἀνέστη
3728 4871 3808 4906 κε·-

2277 4951 2594 5020 κλεισμένου
2628 4949 2721 5003 τοῦ
2758 4950 2929 5016 τάφου
2954 4965 2968 4978 ·
3025 4953 3116 5005 καὶ
3147 4949 3334 5019 ῶσπερ
3361 4952 3576 5018 ἐγένετο
3614 4945 3804 5018 πρωτὸο

2268 5060 2423 5106 τοκος
2473 5045 2537 5096 ἐκ
2586 5041 2786 5112 μητρὸς
2826 5041 2934 5109 (15)
2967 5043 2994 5094 6
3042 5041 3330 5111 μονογενὴς
3371 5042 3499 5104 Υἱὸς
3538 5039 3628 5094 τοῦ
3665 5035 3804 5097 Θεοῦ,

2267 5133 2440 5195 οὓτως
2498 5134 2713 5199 ἐγένετο
2769 5132 3108 5201 πρωτότοκος
3175 5131 3415 5195 ἀναστὰς
3478 5135 3544 5185 ὲκ
3598 5128 3801 5198 νεκρῶν.

2271 5224 2484 5295 Ὥσπερ
2514 5222 2605 5276 οὖν
2635 5224 2733 5274 οὐκ
2763 5223 2917 5276 ἔλυσε
2964 5222 3060 5292 τὴν
3086 5223 3378 5290 παρθενίαν
3421 5223 3522 5290 τῆς
3554 5221 3801 5290 Παρθένον

2271 5315 2472 5382 μητρὸς
2502 5301 2796 5380 γεννηθεὶς,
2825 5312 2996 5374 οὕτως
3022 5311 3120 5364 οὐκ
3145 5311 3302 5365 ἔλυσε
3326 5313 3397 5365 τὰ
3427 5313 3702 5382 σήμαντρα
3723 5308 3800 5362 τοῦ

2425 5469 2466 5500 ¹⁵
2507 5445 2813 5528 Genium,
2861 5466 2913 5520 9.
2994 5468 3034 5494 “‘
3066 5465 3276 5522 Coloss.
3319 5482 3357 5529 t,
3395 5465 3482 5521 16.
3561 5467 3600 5499 ’⁷
3627 5463 3796 5521 Matth.

2273 5656 2493 5708 omnino
2549 5653 2890 5723 Unigenitus,
2919 5670 2984 5708 ex
3023 5670 3131 5725 quo
3159 5669 3264 5706 non
3299 5652 3472 5725 possit
3496 5649 3793 5725 nasci‘alius

2271 5726 2439 5779 Filius
2466 5741 2477 5775 :
2511 5739 2668 5777 secus
2711 5740 2777 5777 ex
2803 5737 2992 5787 matre,
3020 5723 3082 5779 ex
3108 5739 3214 5792 qua
3244 5725 3403 5778 nobis
3432 5724 3625 5792 similis
3651 5723 3793 5774 homo

2268 5806 2424 5848 natus
2457 5803 2560 5847 est.
2604 5795 2678 5847 Ita
2705 5798 2860 5849 docte
2892 5795 3090 5854 Estius,
3127 5791 3326 5846 Matth.
3366 5809 3402 5856 ι,
3442 5793 3576 5848 Vide
3601 5791 3789 5846 Coloss.

2265 5881 2307 5931 ι,
2338 5865 2420 5928 15,
2453 5862 2537 5927 16,
2565 5865 2618 5919 in
2648 5865 2802 5932 illud,
2839 5865 3223 5934 Primoycuitus
3245 5867 3414 5918 omnis
3435 5876 3701 5919 creatum.
3727 5862 3788 5911 In.

3869 135 3984 422 Ἰ
