  <div class='ocr_page' id='page_1' title='image "/cluster/home/n/w/nwhite01/storage/ocr_20150623/88/pst.000005712946/973.png"; bbox 0 0 4024 6340; ppageno 0'>
   <div class='ocr_carea' id='block_1_1' title="bbox 653 372 784 434">
    <p class='ocr_par' dir='ltr' id='par_1_1' title="bbox 653 372 784 434">
     <span class='ocr_line' id='line_1_1' title="bbox 653 372 784 434; baseline -0.015 0"><span class='ocrx_word' id='word_1_1' title='bbox 653 372 784 434; x_wconf 77' lang='grc'><strong>1867</strong></span> 
     </span>
    </p>
   </div>
   <div class='ocr_carea' id='block_1_2' title="bbox 1516 368 2963 433">
    <p class='ocr_par' dir='ltr' id='par_1_2' title="bbox 1516 368 2963 433">
     <span class='ocr_line' id='line_1_2' title="bbox 1516 368 2963 433; baseline 0.001 -5"><span class='ocrx_word' id='word_1_2' title='bbox 1516 372 1573 429; x_wconf 70' lang='lat' dir='ltr'><strong>S.</strong></span> <span class='ocrx_word' id='word_1_3' title='bbox 1605 368 1973 431; x_wconf 76' lang='lat' dir='ltr'><strong>GREGORII</strong></span> <span class='ocrx_word' id='word_1_4' title='bbox 2006 371 2467 432; x_wconf 75' lang='lat' dir='ltr'><strong>PRESBYTERI</strong></span> <span class='ocrx_word' id='word_1_5' title='bbox 2503 369 2963 433; x_wconf 47' lang='lat' dir='ltr'><strong>ANTIOJHENI</strong></span> 
     </span>
    </p>
   </div>
   <div class='ocr_carea' id='block_1_3' title="bbox 3738 367 3863 430">
    <p class='ocr_par' dir='ltr' id='par_1_3' title="bbox 3738 367 3863 430">
     <span class='ocr_line' id='line_1_3' title="bbox 3738 367 3863 430; baseline 0.032 -4"><span class='ocrx_word' id='word_1_6' title='bbox 3738 367 3863 430; x_wconf 68' lang='grc' dir='ltr'><strong>Ιὸϋδ</strong></span> 
     </span>
    </p>
   </div>
   <div class='ocr_carea' id='block_1_4' title="bbox 652 473 3862 549">
    <p class='ocr_par' dir='ltr' id='par_1_4' title="bbox 652 473 3862 549">
     <span class='ocr_line' id='line_1_4' title="bbox 652 473 3862 549; baseline -0.002 -15"><span class='ocrx_word' id='word_1_7' title='bbox 652 490 834 540; x_wconf 70' lang='lat' dir='ltr'><strong>n’am&#39;m</strong></span> <span class='ocrx_word' id='word_1_8' title='bbox 863 483 930 534; x_wconf 78' lang='lat' dir='ltr'><strong>ad</strong></span> <span class='ocrx_word' id='word_1_9' title='bbox 967 482 1245 547; x_wconf 65' lang='lat' dir='ltr'><strong>Joanne»,</strong></span> <span class='ocrx_word' id='word_1_10' title='bbox 1287 490 1341 534; x_wconf 83' lang='lat' dir='ltr'><strong>ut</strong></span> <span class='ocrx_word' id='word_1_11' title='bbox 1398 485 1752 547; x_wconf 64' lang='lat' dir='ltr'><strong>baptizaretur</strong></span> <span class='ocrx_word' id='word_1_12' title='bbox 1800 485 1868 534; x_wconf 78' lang='lat' dir='ltr'><strong>ab</strong></span> <span class='ocrx_word' id='word_1_13' title='bbox 1913 500 1970 536; x_wconf 81' lang='lat' dir='ltr'><strong>eo</strong></span> <span class='ocrx_word' id='word_1_14' title='bbox 2017 482 2062 513; x_wconf 84' lang='lat'>“</span> <span class='ocrx_word' id='word_1_15' title='bbox 2089 521 2104 536; x_wconf 94' lang='lat'><strong>.</strong></span> <span class='ocrx_word' id='word_1_16' title='bbox 2159 482 2202 536; x_wconf 92' lang='grc'>0</span> <span class='ocrx_word' id='word_1_17' title='bbox 2232 489 2274 542; x_wconf 76' lang='grc' dir='ltr'>Α</span> <span class='ocrx_word' id='word_1_18' title='bbox 2305 484 2398 536; x_wconf 85' lang='lat' dir='ltr'><strong>rali</strong></span> <span class='ocrx_word' id='word_1_19' title='bbox 2421 492 2726 538; x_wconf 84' lang='lat' dir='ltr'><strong>coarctatus</strong></span> <span class='ocrx_word' id='word_1_20' title='bbox 2759 492 2813 536; x_wconf 86' lang='lat' dir='ltr'><strong>et</strong></span> <span class='ocrx_word' id='word_1_21' title='bbox 2835 480 3170 549; x_wconf 81' lang='lat' dir='ltr'><strong>cntnpedilus</strong></span> <span class='ocrx_word' id='word_1_22' title='bbox 3191 479 3462 534; x_wconf 79' lang='lat' dir='ltr'><strong>exsisteus</strong></span> <span class='ocrx_word' id='word_1_23' title='bbox 3486 473 3862 531; x_wconf 75' lang='lat' dir='ltr'><strong>Instolttbilibns</strong></span> 
     </span>
    </p>
   </div>
   <div class='ocr_carea' id='block_1_5' title="bbox 651 557 2201 644">
    <p class='ocr_par' dir='ltr' id='par_1_5' title="bbox 651 557 2201 644">
     <span class='ocr_line' id='line_1_5' title="bbox 651 557 2201 644; baseline -0.002 -18"><span class='ocrx_word' id='word_1_24' title='bbox 651 583 849 644; x_wconf 66' lang='lat' dir='ltr'><strong>.‘jltzillla</strong></span> <span class='ocrx_word' id='word_1_25' title='bbox 883 573 1088 626; x_wconf 80' lang='lat' dir='ltr'><strong>Domini</strong></span> <span class='ocrx_word' id='word_1_26' title='bbox 1124 557 1441 626; x_wconf 75' lang='lat' dir='ltr'><strong>humilitas!</strong></span> <span class='ocrx_word' id='word_1_27' title='bbox 1480 592 1514 626; x_wconf 87' lang='grc' dir='ltr'>υ</span> <span class='ocrx_word' id='word_1_28' title='bbox 1546 583 1748 642; x_wconf 79' lang='lat' dir='ltr'><strong>quanta</strong></span> <span class='ocrx_word' id='word_1_29' title='bbox 1776 573 2201 628; x_wconf 78' lang='lat' dir='ltr'><strong>condescensiol</strong></span> 
     </span>
    </p>
   </div>
   <div class='ocr_carea' id='block_1_6' title="bbox 654 660 2207 733">
    <p class='ocr_par' dir='ltr' id='par_1_6' title="bbox 654 660 2207 733">
     <span class='ocr_line' id='line_1_6' title="bbox 654 660 2207 733; baseline -0.001 -17"><span class='ocrx_word' id='word_1_30' title='bbox 654 665 761 716; x_wconf 66' lang='lat' dir='ltr'><strong>llos</strong></span> <span class='ocrx_word' id='word_1_31' title='bbox 789 662 1048 716; x_wconf 74' lang='lat' dir='ltr'><strong>coriorum</strong></span> <span class='ocrx_word' id='word_1_32' title='bbox 1078 662 1143 715; x_wconf 88' lang='lat' dir='ltr'><strong>ad</strong></span> <span class='ocrx_word' id='word_1_33' title='bbox 1176 660 1438 715; x_wconf 83' lang='lat' dir='ltr'><strong>Joannem</strong></span> <span class='ocrx_word' id='word_1_34' title='bbox 1469 679 1626 718; x_wconf 90' lang='lat' dir='ltr'><strong>suum</strong></span> <span class='ocrx_word' id='word_1_35' title='bbox 1658 678 2049 733; x_wconf 76' lang='lat' dir='ltr'><strong>prtecursorem</strong></span> <span class='ocrx_word' id='word_1_36' title='bbox 2081 679 2207 718; x_wconf 84' lang='lat' dir='ltr'><strong>cur-</strong></span> 
     </span>
    </p>
   </div>
   <div class='ocr_carea' id='block_1_7' title="bbox 654 752 2208 821">
    <p class='ocr_par' dir='ltr' id='par_1_7' title="bbox 654 752 2208 821">
     <span class='ocr_line' id='line_1_7' title="bbox 654 752 2208 821; baseline 0.001 -15"><span class='ocrx_word' id='word_1_37' title='bbox 654 755 820 807; x_wconf 83' lang='lat' dir='ltr'><strong>rebat.</strong></span> <span class='ocrx_word' id='word_1_38' title='bbox 856 752 968 805; x_wconf 80' lang='lat' dir='ltr'><strong>Non</strong></span> <span class='ocrx_word' id='word_1_39' title='bbox 997 767 1343 806; x_wconf 85' lang='lat' dir='ltr'><strong>commovens</strong></span> <span class='ocrx_word' id='word_1_40' title='bbox 1381 753 1695 821; x_wconf 80' lang='lat' dir='ltr'><strong>angelorum</strong></span> <span class='ocrx_word' id='word_1_41' title='bbox 1740 753 2058 818; x_wconf 78' lang='lat' dir='ltr'><strong>exercitum,</strong></span> <span class='ocrx_word' id='word_1_42' title='bbox 2108 769 2208 808; x_wconf 86' lang='lat' dir='ltr'><strong>nec</strong></span> 
     </span>
    </p>
   </div>
   <div class='ocr_carea' id='block_1_8' title="bbox 654 838 2233 912">
    <p class='ocr_par' dir='ltr' id='par_1_8' title="bbox 654 838 2233 912">
     <span class='ocr_line' id='line_1_8' title="bbox 654 838 2233 912; baseline 0.005 -22"><span class='ocrx_word' id='word_1_43' title='bbox 654 856 1008 908; x_wconf 63' lang='lat' dir='ltr'><strong>pl‘iBClll&#39;SOI‘PS</strong></span> <span class='ocrx_word' id='word_1_44' title='bbox 1054 838 1386 909; x_wconf 70' lang='lat' dir='ltr'><strong>pnendttens</strong></span> <span class='ocrx_word' id='word_1_45' title='bbox 1424 843 1772 912; x_wconf 78' lang='lat' dir='ltr'><strong>incorporeas</strong></span> <span class='ocrx_word' id='word_1_46' title='bbox 1807 843 2063 905; x_wconf 84' lang='lat' dir='ltr'><strong>virtutes,</strong></span> <span class='ocrx_word' id='word_1_47' title='bbox 2113 843 2233 898; x_wconf 82' lang='lat' dir='ltr'><strong>sed-</strong></span> 
     </span>
    </p>
   </div>
   <div class='ocr_carea' id='block_1_9' title="bbox 654 930 2208 997">
    <p class='ocr_par' dir='ltr' id='par_1_9' title="bbox 654 930 2208 997">
     <span class='ocr_line' id='line_1_9' title="bbox 654 930 2208 997; baseline 0.003 -15"><span class='ocrx_word' id='word_1_48' title='bbox 654 931 877 997; x_wconf 77' lang='lat' dir='ltr'><strong>simplex</strong></span> <span class='ocrx_word' id='word_1_49' title='bbox 913 930 990 984; x_wconf 88' lang='lat' dir='ltr'><strong>sic</strong></span> <span class='ocrx_word' id='word_1_50' title='bbox 1023 930 1241 984; x_wconf 85' lang='lat' dir='ltr'><strong>militari</strong></span> <span class='ocrx_word' id='word_1_51' title='bbox 1277 930 1456 984; x_wconf 81' lang='lat' dir='ltr'><strong>habitu</strong></span> <span class='ocrx_word' id='word_1_52' title='bbox 1493 932 1559 985; x_wconf 86' lang='lat' dir='ltr'><strong>ad</strong></span> <span class='ocrx_word' id='word_1_53' title='bbox 1591 945 1750 986; x_wconf 78' lang='lat' dir='ltr'><strong>suum</strong></span> <span class='ocrx_word' id='word_1_54' title='bbox 1781 933 2006 994; x_wconf 80' lang='lat' dir='ltr'><strong>militem</strong></span> <span class='ocrx_word' id='word_1_55' title='bbox 2045 932 2208 986; x_wconf 83' lang='lat' dir='ltr'><strong>adve-</strong></span> 
     </span>
    </p>
   </div>
   <div class='ocr_carea' id='block_1_10' title="bbox 655 1020 2202 1087">
    <p class='ocr_par' dir='ltr' id='par_1_10' title="bbox 655 1020 2202 1087">
     <span class='ocr_line' id='line_1_10' title="bbox 655 1020 2202 1087; baseline 0.003 -15"><span class='ocrx_word' id='word_1_56' title='bbox 655 1021 750 1074; x_wconf 86' lang='lat' dir='ltr'><strong>nit.</strong></span> <span class='ocrx_word' id='word_1_57' title='bbox 777 1020 840 1073; x_wconf 80' lang='lat' dir='ltr'><strong>Et</strong></span> <span class='ocrx_word' id='word_1_58' title='bbox 864 1022 1006 1075; x_wconf 87' lang='lat' dir='ltr'><strong>sicut</strong></span> <span class='ocrx_word' id='word_1_59' title='bbox 1034 1035 1175 1075; x_wconf 89' lang='lat' dir='ltr'><strong>unus</strong></span> <span class='ocrx_word' id='word_1_60' title='bbox 1203 1036 1265 1075; x_wconf 79' lang='lat' dir='ltr'><strong>ex</strong></span> <span class='ocrx_word' id='word_1_61' title='bbox 1295 1022 1498 1087; x_wconf 87' lang='lat' dir='ltr'><strong>multis,</strong></span> <span class='ocrx_word' id='word_1_62' title='bbox 1528 1037 1656 1076; x_wconf 90' lang='lat' dir='ltr'><strong>cum</strong></span> <span class='ocrx_word' id='word_1_63' title='bbox 1683 1023 1868 1078; x_wconf 90' lang='lat' dir='ltr'><strong>multis</strong></span> <span class='ocrx_word' id='word_1_64' title='bbox 1891 1037 2014 1077; x_wconf 88' lang='lat' dir='ltr'><strong>eum</strong></span> <span class='ocrx_word' id='word_1_65' title='bbox 2040 1023 2202 1077; x_wconf 86' lang='lat' dir='ltr'><strong>adiit:</strong></span> 
     </span>
    </p>
   </div>
   <div class='ocr_carea' id='block_1_11' title="bbox 651 1113 2208 1186">
    <p class='ocr_par' dir='ltr' id='par_1_11' title="bbox 651 1113 2208 1186">
     <span class='ocr_line' id='line_1_11' title="bbox 651 1113 2208 1186; baseline 0.002 -19"><span class='ocrx_word' id='word_1_66' title='bbox 651 1123 1004 1168; x_wconf 81' lang='lat' dir='ltr'><strong>connumerat</strong></span> <span class='ocrx_word' id='word_1_67' title='bbox 1034 1128 1093 1168; x_wconf 89' lang='lat' dir='ltr'><strong>sc</strong></span> <span class='ocrx_word' id='word_1_68' title='bbox 1117 1113 1277 1184; x_wconf 81' lang='lat' dir='ltr'><strong>judex</strong></span> <span class='ocrx_word' id='word_1_69' title='bbox 1309 1129 1432 1167; x_wconf 84' lang='lat' dir='ltr'><strong>cum</strong></span> <span class='ocrx_word' id='word_1_70' title='bbox 1463 1115 1604 1170; x_wconf 82' lang='lat' dir='ltr'><strong>reis:</strong></span> <span class='ocrx_word' id='word_1_71' title='bbox 1634 1123 1890 1186; x_wconf 79' lang='lat' dir='ltr'><strong>aggregat’</strong></span> <span class='ocrx_word' id='word_1_72' title='bbox 1907 1132 1965 1170; x_wconf 89' lang='lat' dir='ltr'><strong>se</strong></span> <span class='ocrx_word' id='word_1_73' title='bbox 1987 1117 2208 1186; x_wconf 77' lang='lat' dir='ltr'><strong>perditis</strong></span> 
     </span>
    </p>
   </div>
   <div class='ocr_carea' id='block_1_12' title="bbox 652 1203 2208 1274">
    <p class='ocr_par' dir='ltr' id='par_1_12' title="bbox 652 1203 2208 1274">
     <span class='ocr_line' id='line_1_12' title="bbox 652 1203 2208 1274; baseline 0.003 -19"><span class='ocrx_word' id='word_1_74' title='bbox 652 1204 842 1257; x_wconf 89' lang='lat' dir='ltr'><strong>ovibus</strong></span> <span class='ocrx_word' id='word_1_75' title='bbox 880 1203 1070 1258; x_wconf 80' lang='lat' dir='ltr'><strong>Pastor</strong></span> <span class='ocrx_word' id='word_1_76' title='bbox 1107 1205 1299 1268; x_wconf 88' lang='lat' dir='ltr'><strong>bonus,</strong></span> <span class='ocrx_word' id='word_1_77' title='bbox 1339 1205 1455 1274; x_wconf 87' lang='lat' dir='ltr'><strong>qui,</strong></span> <span class='ocrx_word' id='word_1_78' title='bbox 1481 1216 1700 1274; x_wconf 89' lang='lat' dir='ltr'><strong>propter</strong></span> <span class='ocrx_word' id='word_1_79' title='bbox 1726 1214 2001 1259; x_wconf 76' lang='lat' dir='ltr'><strong>errantem</strong></span> <span class='ocrx_word' id='word_1_80' title='bbox 2047 1219 2208 1260; x_wconf 84' lang='lat' dir='ltr'><strong>ovem</strong></span> 
     </span>
    </p>
   </div>
   <div class='ocr_carea' id='block_1_13' title="bbox 652 1292 2206 1365">
    <p class='ocr_par' dir='ltr' id='par_1_13' title="bbox 652 1292 2206 1365">
     <span class='ocr_line' id='line_1_13' title="bbox 652 1292 2206 1365; baseline -0.001 -16"><span class='ocrx_word' id='word_1_81' title='bbox 652 1311 683 1349; x_wconf 89' lang='lat' dir='ltr'><strong>c</strong></span> <span class='ocrx_word' id='word_1_82' title='bbox 741 1296 891 1350; x_wconf 66' lang='lat' dir='ltr'><strong>etnlis</strong></span> <span class='ocrx_word' id='word_1_83' title='bbox 930 1295 1278 1358; x_wconf 82' lang='lat' dir='ltr'><strong>descendens,</strong></span> <span class='ocrx_word' id='word_1_84' title='bbox 1305 1295 1472 1350; x_wconf 62' lang='lat' dir='ltr'><strong>caelos</strong></span> <span class='ocrx_word' id='word_1_85' title='bbox 1503 1309 1610 1348; x_wconf 88' lang='lat' dir='ltr'><strong>non</strong></span> <span class='ocrx_word' id='word_1_86' title='bbox 1636 1294 1940 1365; x_wconf 88' lang='lat' dir='ltr'><strong>dereliquit.</strong></span> <span class='ocrx_word' id='word_1_87' title='bbox 1967 1292 2206 1350; x_wconf 85' lang='lat' dir='ltr'><strong>Commi-</strong></span> 
     </span>
    </p>
   </div>
   <div class='ocr_carea' id='block_1_14' title="bbox 654 1385 1679 1440">
    <p class='ocr_par' dir='ltr' id='par_1_14' title="bbox 654 1385 1679 1440">
     <span class='ocr_line' id='line_1_14' title="bbox 654 1385 1679 1440; baseline -0.001 -2"><span class='ocrx_word' id='word_1_88' title='bbox 654 1386 788 1438; x_wconf 81' lang='lat' dir='ltr'><strong>seuit</strong></span> <span class='ocrx_word' id='word_1_89' title='bbox 822 1398 880 1439; x_wconf 89' lang='lat' dir='ltr'><strong>se</strong></span> <span class='ocrx_word' id='word_1_90' title='bbox 912 1385 1138 1438; x_wconf 82' lang='lat' dir='ltr'><strong>zizaniis</strong></span> <span class='ocrx_word' id='word_1_91' title='bbox 1163 1385 1384 1440; x_wconf 76' lang='lat' dir='ltr'><strong>cmleste</strong></span> <span class='ocrx_word' id='word_1_92' title='bbox 1415 1385 1679 1439; x_wconf 80' lang='lat' dir='ltr'><strong>triticum.</strong></span> 
     </span>
    </p>
   </div>
   <div class='ocr_carea' id='block_1_15' title="bbox 719 1493 2206 1564">
    <p class='ocr_par' dir='ltr' id='par_1_15' title="bbox 719 1493 2206 1564">
     <span class='ocr_line' id='line_1_15' title="bbox 719 1493 2206 1564; baseline 0.001 -16"><span class='ocrx_word' id='word_1_93' title='bbox 719 1495 772 1548; x_wconf 77' lang='grc'><strong>2.</strong></span> <span class='ocrx_word' id='word_1_94' title='bbox 814 1495 1012 1549; x_wconf 77' lang='lat' dir='ltr'><strong>Videtis</strong></span> <span class='ocrx_word' id='word_1_95' title='bbox 1047 1495 1208 1564; x_wconf 78' lang='lat' dir='ltr'><strong>igitur</strong></span> <span class='ocrx_word' id='word_1_96' title='bbox 1240 1510 1363 1549; x_wconf 88' lang='lat' dir='ltr'><strong>eum</strong></span> <span class='ocrx_word' id='word_1_97' title='bbox 1401 1493 1634 1550; x_wconf 81' lang='lat' dir='ltr'><strong>Joannes</strong></span> <span class='ocrx_word' id='word_1_98' title='bbox 1660 1494 1919 1563; x_wconf 86' lang='lat' dir='ltr'><strong>Baptista,</strong></span> <span class='ocrx_word' id='word_1_99' title='bbox 1949 1505 2002 1549; x_wconf 90' lang='lat' dir='ltr'><strong>et</strong></span> <span class='ocrx_word' id='word_1_100' title='bbox 2040 1507 2206 1564; x_wconf 82' lang='lat' dir='ltr'><strong>agno-</strong></span> 
     </span>
    </p>
   </div>
   <div class='ocr_carea' id='block_1_16' title="bbox 651 1585 2206 1664">
    <p class='ocr_par' dir='ltr' id='par_1_16' title="bbox 651 1585 2206 1664">
     <span class='ocr_line' id='line_1_16' title="bbox 651 1585 2206 1664; baseline 0 -26"><span class='ocrx_word' id='word_1_101' title='bbox 651 1599 808 1638; x_wconf 77' lang='lat' dir='ltr'><strong>secus</strong></span> <span class='ocrx_word' id='word_1_102' title='bbox 839 1601 960 1638; x_wconf 85' lang='lat' dir='ltr'><strong>eum</strong></span> <span class='ocrx_word' id='word_1_103' title='bbox 992 1601 1152 1653; x_wconf 86' lang='lat' dir='ltr'><strong>quem</strong></span> <span class='ocrx_word' id='word_1_104' title='bbox 1187 1601 1250 1640; x_wconf 81' lang='lat' dir='ltr'><strong>ex</strong></span> <span class='ocrx_word' id='word_1_105' title='bbox 1294 1595 1449 1640; x_wconf 85' lang='lat' dir='ltr'><strong>utero</strong></span> <span class='ocrx_word' id='word_1_106' title='bbox 1494 1600 1610 1640; x_wconf 75' lang='lat' dir='ltr'><strong>sua:</strong></span> <span class='ocrx_word' id='word_1_107' title='bbox 1647 1585 1847 1664; x_wconf 24' lang='lat' dir='ltr'><strong>“matris</strong></span> <span class='ocrx_word' id='word_1_108' title='bbox 1893 1594 2206 1654; x_wconf 81' lang='lat' dir='ltr'><strong>agnoverat,</strong></span> 
     </span>
    </p>
   </div>
   <div class='ocr_carea' id='block_1_17' title="bbox 654 1666 2206 1743">
    <p class='ocr_par' dir='ltr' id='par_1_17' title="bbox 654 1666 2206 1743">
     <span class='ocr_line' id='line_1_17' title="bbox 654 1666 2206 1743; baseline 0.002 -17"><span class='ocrx_word' id='word_1_109' title='bbox 654 1674 910 1726; x_wconf 59' lang='lat' dir='ltr'><strong>adoravit.</strong></span> <span class='ocrx_word' id='word_1_110' title='bbox 949 1673 1012 1726; x_wconf 84' lang='lat' dir='ltr'><strong>Et</strong></span> <span class='ocrx_word' id='word_1_111' title='bbox 1037 1675 1319 1742; x_wconf 80' lang='lat' dir='ltr'><strong>diligenter</strong></span> <span class='ocrx_word' id='word_1_112' title='bbox 1337 1674 1448 1743; x_wconf 76' lang='grc'><strong>(15)</strong></span> <span class='ocrx_word' id='word_1_113' title='bbox 1474 1666 1773 1743; x_wconf 75' lang='lat' dir='ltr'><strong>intelligens</strong></span> <span class='ocrx_word' id='word_1_114' title='bbox 1796 1690 1919 1728; x_wconf 87' lang='lat' dir='ltr'><strong>eum</strong></span> <span class='ocrx_word' id='word_1_115' title='bbox 1947 1675 2096 1728; x_wconf 90' lang='lat' dir='ltr'><strong>illum</strong></span> <span class='ocrx_word' id='word_1_116' title='bbox 2116 1689 2206 1729; x_wconf 84' lang='lat' dir='ltr'><strong>es-</strong></span> 
     </span>
    </p>
   </div>
   <div class='ocr_carea' id='block_1_18' title="bbox 655 1764 2206 1833">
    <p class='ocr_par' dir='ltr' id='par_1_18' title="bbox 655 1764 2206 1833">
     <span class='ocr_line' id='line_1_18' title="bbox 655 1764 2206 1833; baseline 0.001 -17"><span class='ocrx_word' id='word_1_117' title='bbox 655 1779 732 1827; x_wconf 81' lang='lat' dir='ltr'><strong>se,</strong></span> <span class='ocrx_word' id='word_1_118' title='bbox 761 1778 854 1830; x_wconf 88' lang='lat' dir='ltr'><strong>pro</strong></span> <span class='ocrx_word' id='word_1_119' title='bbox 883 1779 991 1831; x_wconf 81' lang='lat' dir='ltr'><strong>quo</strong></span> <span class='ocrx_word' id='word_1_120' title='bbox 1022 1764 1077 1816; x_wconf 85' lang='lat' dir='ltr'><strong>in</strong></span> <span class='ocrx_word' id='word_1_121' title='bbox 1107 1772 1266 1816; x_wconf 83' lang='lat' dir='ltr'><strong>utero</strong></span> <span class='ocrx_word' id='word_1_122' title='bbox 1295 1765 1706 1832; x_wconf 82' lang='lat' dir='ltr'><strong>superveniente</strong></span> <span class='ocrx_word' id='word_1_123' title='bbox 1735 1764 2084 1833; x_wconf 80' lang='lat' dir='ltr'><strong>tripudinbat,</strong></span> <span class='ocrx_word' id='word_1_124' title='bbox 2109 1779 2206 1818; x_wconf 89' lang='lat' dir='ltr'><strong>co-</strong></span> 
     </span>
    </p>
   </div>
   <div class='ocr_carea' id='block_1_19' title="bbox 653 1851 2208 1927">
    <p class='ocr_par' dir='ltr' id='par_1_19' title="bbox 653 1851 2208 1927">
     <span class='ocr_line' id='line_1_19' title="bbox 653 1851 2208 1927; baseline 0.003 -27"><span class='ocrx_word' id='word_1_125' title='bbox 653 1866 913 1927; x_wconf 60' lang='lat' dir='ltr'><strong>gnoscens</strong></span> <span class='ocrx_word' id='word_1_126' title='bbox 943 1851 1184 1905; x_wconf 81' lang='lat' dir='ltr'><strong>ordinem</strong></span> <span class='ocrx_word' id='word_1_127' title='bbox 1227 1860 1454 1915; x_wconf 68' lang='lat' dir='ltr'><strong>naturae,</strong></span> <span class='ocrx_word' id='word_1_128' title='bbox 1501 1853 1771 1906; x_wconf 76' lang='lat' dir='ltr'><strong>contraxit</strong></span> <span class='ocrx_word' id='word_1_129' title='bbox 1825 1853 1971 1907; x_wconf 85' lang='lat' dir='ltr'><strong>intus</strong></span> <span class='ocrx_word' id='word_1_130' title='bbox 2013 1853 2208 1922; x_wconf 85' lang='lat' dir='ltr'><strong>diplui-</strong></span> 
     </span>
    </p>
   </div>
   <div class='ocr_carea' id='block_1_20' title="bbox 652 1940 2200 2011">
    <p class='ocr_par' dir='ltr' id='par_1_20' title="bbox 652 1940 2200 2011">
     <span class='ocr_line' id='line_1_20' title="bbox 652 1940 2200 2011; baseline 0.001 -19"><span class='ocrx_word' id='word_1_131' title='bbox 652 1942 732 1993; x_wconf 80' lang='lat' dir='ltr'><strong>dis</strong></span> <span class='ocrx_word' id='word_1_132' title='bbox 752 1940 860 2008; x_wconf 73' lang='grc'><strong>(16)</strong></span> <span class='ocrx_word' id='word_1_133' title='bbox 891 1942 1185 2007; x_wconf 78' lang='lat' dir='ltr'><strong>dexteram,</strong></span> <span class='ocrx_word' id='word_1_134' title='bbox 1213 1953 1263 1996; x_wconf 90' lang='lat' dir='ltr'><strong>et</strong></span> <span class='ocrx_word' id='word_1_135' title='bbox 1280 1957 1438 1995; x_wconf 88' lang='lat' dir='ltr'><strong>suum</strong></span> <span class='ocrx_word' id='word_1_136' title='bbox 1453 1950 1612 2011; x_wconf 87' lang='lat' dir='ltr'><strong>caput</strong></span> <span class='ocrx_word' id='word_1_137' title='bbox 1632 1943 2200 2009; x_wconf 86' lang='lat' dir='ltr'><strong>inelinans,sicutser-</strong></span> 
     </span>
    </p>
   </div>
   <div class='ocr_carea' id='block_1_21' title="bbox 653 2029 2203 2099">
    <p class='ocr_par' dir='ltr' id='par_1_21' title="bbox 653 2029 2203 2099">
     <span class='ocr_line' id='line_1_21' title="bbox 653 2029 2203 2099; baseline 0.003 -19"><span class='ocrx_word' id='word_1_138' title='bbox 653 2044 750 2084; x_wconf 71' lang='lat' dir='ltr'><strong>vus</strong></span> <span class='ocrx_word' id='word_1_139' title='bbox 765 2031 992 2085; x_wconf 82' lang='lat' dir='ltr'><strong>dilectus</strong></span> <span class='ocrx_word' id='word_1_140' title='bbox 1011 2029 1220 2084; x_wconf 79' lang='lat' dir='ltr'><strong>Domini</strong></span> <span class='ocrx_word' id='word_1_141' title='bbox 1240 2032 1342 2096; x_wconf 86' lang='lat' dir='ltr'><strong>sui,</strong></span> <span class='ocrx_word' id='word_1_142' title='bbox 1361 2031 1448 2086; x_wconf 86' lang='lat' dir='ltr'><strong>his</strong></span> <span class='ocrx_word' id='word_1_143' title='bbox 1469 2043 1647 2088; x_wconf 85' lang='lat' dir='ltr'><strong>autem</strong></span> <span class='ocrx_word' id='word_1_144' title='bbox 1670 2031 1920 2099; x_wconf 82' lang='lat' dir='ltr'><strong>utebatur</strong></span> <span class='ocrx_word' id='word_1_145' title='bbox 1944 2031 2203 2086; x_wconf 87' lang='lat' dir='ltr'><strong>vocibus:</strong></span> 
     </span>
    </p>
   </div>
   <div class='ocr_carea' id='block_1_22' title="bbox 657 2121 2211 2201">
    <p class='ocr_par' dir='ltr' id='par_1_22' title="bbox 657 2121 2211 2201">
     <span class='ocr_line' id='line_1_22' title="bbox 657 2121 2211 2201; baseline 0.001 -29"><span class='ocrx_word' id='word_1_146' title='bbox 657 2121 765 2190; x_wconf 71' lang='lat' dir='ltr'><strong>Ego</strong></span> <span class='ocrx_word' id='word_1_147' title='bbox 797 2137 923 2188; x_wconf 82' lang='lat' dir='ltr'><strong>opus</strong></span> <span class='ocrx_word' id='word_1_148' title='bbox 947 2122 1106 2174; x_wconf 82' lang='lat' dir='ltr'><strong>habeo</strong></span> <span class='ocrx_word' id='word_1_149' title='bbox 1140 2139 1173 2201; x_wconf 66' lang='grc' dir='ltr'>ᾳ</span> <span class='ocrx_word' id='word_1_150' title='bbox 1208 2132 1254 2174; x_wconf 84' lang='lat' dir='ltr'><strong>te</strong></span> <span class='ocrx_word' id='word_1_151' title='bbox 1284 2123 1562 2190; x_wconf 74' lang='lat' dir='ltr'><strong>baptizari,</strong></span> <span class='ocrx_word' id='word_1_152' title='bbox 1590 2133 1642 2176; x_wconf 82' lang='lat' dir='ltr'><strong>et</strong></span> <span class='ocrx_word' id='word_1_153' title='bbox 1677 2132 1730 2174; x_wconf 74' lang='lat' dir='ltr'><strong>tu</strong></span> <span class='ocrx_word' id='word_1_154' title='bbox 1764 2123 1904 2176; x_wconf 73' lang='lat' dir='ltr'><strong>uenis</strong></span> <span class='ocrx_word' id='word_1_155' title='bbox 1935 2125 2002 2176; x_wconf 84' lang='lat' dir='ltr'><strong>ad</strong></span> <span class='ocrx_word' id='word_1_156' title='bbox 2030 2137 2109 2175; x_wconf 82' lang='lat' dir='ltr'><strong>me</strong></span> <span class='ocrx_word' id='word_1_157' title='bbox 2129 2122 2211 2174; x_wconf 67' lang='grc' dir='ltr'><strong>’τῖ’</strong></span> 
     </span>
    </p>
   </div>
   <div class='ocr_carea' id='block_1_23' title="bbox 653 2210 2210 2277">
    <p class='ocr_par' dir='ltr' id='par_1_23' title="bbox 653 2210 2210 2277">
     <span class='ocr_line' id='line_1_23' title="bbox 653 2210 2210 2277; baseline 0.001 -14"><span class='ocrx_word' id='word_1_158' title='bbox 653 2211 789 2275; x_wconf 72' lang='lat' dir='ltr'><strong>Quid</strong></span> <span class='ocrx_word' id='word_1_159' title='bbox 825 2211 980 2274; x_wconf 81' lang='lat' dir='ltr'><strong>facis,</strong></span> <span class='ocrx_word' id='word_1_160' title='bbox 1006 2226 1039 2265; x_wconf 92' lang='lat' dir='ltr'><strong>o</strong></span> <span class='ocrx_word' id='word_1_161' title='bbox 1062 2211 1322 2266; x_wconf 83' lang='lat' dir='ltr'><strong>Domine?</strong></span> <span class='ocrx_word' id='word_1_162' title='bbox 1347 2210 1484 2277; x_wconf 85' lang='lat' dir='ltr'><strong>Quid</strong></span> <span class='ocrx_word' id='word_1_163' title='bbox 1511 2214 1651 2267; x_wconf 91' lang='lat' dir='ltr'><strong>servi</strong></span> <span class='ocrx_word' id='word_1_164' title='bbox 1677 2214 1928 2267; x_wconf 84' lang='lat' dir='ltr'><strong>immutas</strong></span> <span class='ocrx_word' id='word_1_165' title='bbox 1955 2212 2210 2267; x_wconf 80' lang='lat' dir='ltr'><strong>ordines?</strong></span> 
     </span>
    </p>
   </div>
   <div class='ocr_carea' id='block_1_24' title="bbox 653 2295 2211 2372">
    <p class='ocr_par' dir='ltr' id='par_1_24' title="bbox 653 2295 2211 2372">
     <span class='ocr_line' id='line_1_24' title="bbox 653 2295 2211 2372; baseline 0.001 -20"><span class='ocrx_word' id='word_1_166' title='bbox 653 2299 789 2364; x_wconf 74' lang='lat' dir='ltr'><strong>Quid</strong></span> <span class='ocrx_word' id='word_1_167' title='bbox 822 2295 944 2353; x_wconf 78' lang='lat' dir='ltr'><strong>cum</strong></span> <span class='ocrx_word' id='word_1_168' title='bbox 971 2300 1140 2354; x_wconf 78' lang='lat' dir='ltr'><strong>servis</strong></span> <span class='ocrx_word' id='word_1_169' title='bbox 1166 2315 1196 2354; x_wconf 89' lang='lat' dir='ltr'><strong>a</strong></span> <span class='ocrx_word' id='word_1_170' title='bbox 1226 2301 1398 2355; x_wconf 78' lang='lat' dir='ltr'><strong>servis</strong></span> <span class='ocrx_word' id='word_1_171' title='bbox 1425 2316 1488 2354; x_wconf 88' lang='lat' dir='ltr'><strong>ea</strong></span> <span class='ocrx_word' id='word_1_172' title='bbox 1513 2316 1634 2372; x_wconf 74' lang='lat' dir='ltr'><strong>qute</strong></span> <span class='ocrx_word' id='word_1_173' title='bbox 1653 2303 1789 2357; x_wconf 91' lang='lat' dir='ltr'><strong>servi</strong></span> <span class='ocrx_word' id='word_1_174' title='bbox 1817 2309 1944 2356; x_wconf 90' lang='lat' dir='ltr'><strong>sunt</strong></span> <span class='ocrx_word' id='word_1_175' title='bbox 1963 2301 2211 2371; x_wconf 72' lang='lat' dir='ltr'><strong>expetis?</strong></span> 
     </span>
    </p>
   </div>
   <div class='ocr_carea' id='block_1_25' title="bbox 653 2389 2210 2462">
    <p class='ocr_par' dir='ltr' id='par_1_25' title="bbox 653 2389 2210 2462">
     <span class='ocr_line' id='line_1_25' title="bbox 653 2389 2210 2462; baseline 0.003 -20"><span class='ocrx_word' id='word_1_176' title='bbox 653 2389 796 2454; x_wconf 75' lang='lat' dir='ltr'><strong>Quid</strong></span> <span class='ocrx_word' id='word_1_177' title='bbox 812 2392 910 2453; x_wconf 86' lang='lat' dir='ltr'><strong>vis,</strong></span> <span class='ocrx_word' id='word_1_178' title='bbox 924 2391 1064 2458; x_wconf 87' lang='lat' dir='ltr'><strong>quod</strong></span> <span class='ocrx_word' id='word_1_179' title='bbox 1090 2405 1196 2446; x_wconf 90' lang='lat' dir='ltr'><strong>non</strong></span> <span class='ocrx_word' id='word_1_180' title='bbox 1219 2390 1423 2461; x_wconf 86' lang='lat' dir='ltr'><strong>indiges</strong></span> <span class='ocrx_word' id='word_1_181' title='bbox 1439 2391 1682 2461; x_wconf 87' lang='lat' dir='ltr'><strong>accipere</strong></span> <span class='ocrx_word' id='word_1_182' title='bbox 1692 2391 1864 2458; x_wconf 79' lang='lat' dir='ltr'><strong>?&#39;Quid</strong></span> <span class='ocrx_word' id='word_1_183' title='bbox 1877 2404 1970 2462; x_wconf 87' lang='lat' dir='ltr'><strong>per</strong></span> <span class='ocrx_word' id='word_1_184' title='bbox 1983 2392 2210 2447; x_wconf 69' lang='lat' dir='ltr'><strong>multant</strong></span> 
     </span>
    </p>
   </div>
   <div class='ocr_carea' id='block_1_26' title="bbox 651 2481 2210 2554">
    <p class='ocr_par' dir='ltr' id='par_1_26' title="bbox 651 2481 2210 2554">
     <span class='ocr_line' id='line_1_26' title="bbox 651 2481 2210 2554; baseline 0 -21"><span class='ocrx_word' id='word_1_185' title='bbox 651 2481 1162 2536; x_wconf 76' lang='lat' dir='ltr'><strong>condescensionem</strong></span> <span class='ocrx_word' id='word_1_186' title='bbox 1196 2495 1390 2551; x_wconf 81' lang='lat' dir='ltr'><strong>gravas</strong></span> <span class='ocrx_word' id='word_1_187' title='bbox 1434 2497 1520 2535; x_wconf 88' lang='lat' dir='ltr'><strong>me</strong></span> <span class='ocrx_word' id='word_1_188' title='bbox 1547 2490 1701 2536; x_wconf 90' lang='lat' dir='ltr'><strong>tuum</strong></span> <span class='ocrx_word' id='word_1_189' title='bbox 1734 2483 2013 2552; x_wconf 86' lang='lat' dir='ltr'><strong>proprium</strong></span> <span class='ocrx_word' id='word_1_190' title='bbox 2051 2481 2210 2554; x_wconf 76' lang='lat' dir='ltr'><strong>(l1)?</strong></span> 
     </span>
    </p>
   </div>
   <div class='ocr_carea' id='block_1_27' title="bbox 657 2568 2208 2641">
    <p class='ocr_par' dir='ltr' id='par_1_27' title="bbox 657 2568 2208 2641">
     <span class='ocr_line' id='line_1_27' title="bbox 657 2568 2208 2641; baseline 0.004 -20"><span class='ocrx_word' id='word_1_191' title='bbox 657 2569 766 2639; x_wconf 76' lang='lat' dir='ltr'><strong>Ego</strong></span> <span class='ocrx_word' id='word_1_192' title='bbox 798 2585 933 2637; x_wconf 89' lang='lat' dir='ltr'><strong>opus</strong></span> <span class='ocrx_word' id='word_1_193' title='bbox 972 2569 1146 2636; x_wconf 81' lang='lat' dir='ltr'><strong>habeo</strong></span> <span class='ocrx_word' id='word_1_194' title='bbox 1201 2568 1282 2641; x_wconf 74' lang='grc' dir='ltr'><strong>[ει]</strong></span> <span class='ocrx_word' id='word_1_195' title='bbox 1331 2580 1382 2625; x_wconf 90' lang='lat' dir='ltr'><strong>te</strong></span> <span class='ocrx_word' id='word_1_196' title='bbox 1419 2570 1718 2641; x_wconf 82' lang='lat' dir='ltr'><strong>baptizari,</strong></span> <span class='ocrx_word' id='word_1_197' title='bbox 1769 2580 1831 2627; x_wconf 90' lang='lat' dir='ltr'><strong>tu</strong></span> <span class='ocrx_word' id='word_1_198' title='bbox 1880 2584 2062 2627; x_wconf 83' lang='lat' dir='ltr'><strong>autem</strong></span> <span class='ocrx_word' id='word_1_199' title='bbox 2099 2586 2208 2628; x_wconf 91' lang='lat' dir='ltr'><strong>non</strong></span> 
     </span>
    </p>
   </div>
   <div class='ocr_carea' id='block_1_28' title="bbox 655 2659 2210 2729">
    <p class='ocr_par' dir='ltr' id='par_1_28' title="bbox 655 2659 2210 2729">
     <span class='ocr_line' id='line_1_28' title="bbox 655 2659 2210 2729; baseline 0.004 -17"><span class='ocrx_word' id='word_1_200' title='bbox 655 2660 861 2729; x_wconf 84' lang='lat' dir='ltr'><strong>indiges</strong></span> <span class='ocrx_word' id='word_1_201' title='bbox 909 2675 940 2713; x_wconf 87' lang='lat' dir='ltr'><strong>a</strong></span> <span class='ocrx_word' id='word_1_202' title='bbox 995 2676 1085 2716; x_wconf 85' lang='lat' dir='ltr'><strong>me</strong></span> <span class='ocrx_word' id='word_1_203' title='bbox 1140 2660 1421 2728; x_wconf 76' lang='lat' dir='ltr'><strong>baptizari.</strong></span> <span class='ocrx_word' id='word_1_204' title='bbox 1459 2659 1687 2717; x_wconf 81' lang='lat' dir='ltr'><strong>Inferior</strong></span> <span class='ocrx_word' id='word_1_205' title='bbox 1731 2677 1763 2716; x_wconf 88' lang='lat' dir='ltr'><strong>a</strong></span> <span class='ocrx_word' id='word_1_206' title='bbox 1819 2663 2042 2722; x_wconf 77' lang='lat' dir='ltr'><strong>meliore</strong></span> <span class='ocrx_word' id='word_1_207' title='bbox 2080 2664 2210 2718; x_wconf 65' lang='lat' dir='ltr'><strong>trdi-</strong></span> 
     </span>
    </p>
   </div>
   <div class='ocr_carea' id='block_1_29' title="bbox 654 2742 2232 2813">
    <p class='ocr_par' dir='ltr' id='par_1_29' title="bbox 654 2742 2232 2813">
     <span class='ocr_line' id='line_1_29' title="bbox 654 2742 2232 2813; baseline 0.006 -13"><span class='ocrx_word' id='word_1_208' title='bbox 654 2750 866 2813; x_wconf 55' lang='lat' dir='ltr'><strong>l’ieatur,</strong></span> <span class='ocrx_word' id='word_1_209' title='bbox 916 2764 1025 2804; x_wconf 88' lang='lat' dir='ltr'><strong>non</strong></span> <span class='ocrx_word' id='word_1_210' title='bbox 1064 2750 1250 2805; x_wconf 86' lang='lat' dir='ltr'><strong>melior</strong></span> <span class='ocrx_word' id='word_1_211' title='bbox 1278 2752 1349 2806; x_wconf 86' lang='lat' dir='ltr'><strong>ab</strong></span> <span class='ocrx_word' id='word_1_212' title='bbox 1384 2751 1640 2808; x_wconf 76' lang='lat' dir='ltr'><strong>inferiore</strong></span> <span class='ocrx_word' id='word_1_213' title='bbox 1683 2753 2086 2809; x_wconf 63' lang='lat' dir='ltr'><strong>sanctiﬁcatum</strong></span> <span class='ocrx_word' id='word_1_214' title='bbox 2121 2742 2232 2809; x_wconf 45' lang='lat' dir='ltr'><strong>lu-&#39;</strong></span> 
     </span>
    </p>
   </div>
   <div class='ocr_carea' id='block_1_30' title="bbox 661 2839 2210 2912">
    <p class='ocr_par' dir='ltr' id='par_1_30' title="bbox 661 2839 2210 2912">
     <span class='ocr_line' id='line_1_30' title="bbox 661 2839 2210 2912; baseline 0.005 -21"><span class='ocrx_word' id='word_1_215' title='bbox 661 2852 815 2891; x_wconf 83' lang='lat' dir='ltr'><strong>:erna</strong></span> <span class='ocrx_word' id='word_1_216' title='bbox 835 2853 865 2891; x_wconf 91' lang='lat' dir='ltr'><strong>a</strong></span> <span class='ocrx_word' id='word_1_217' title='bbox 896 2839 1010 2893; x_wconf 87' lang='lat' dir='ltr'><strong>sole</strong></span> <span class='ocrx_word' id='word_1_218' title='bbox 1035 2839 1415 2903; x_wconf 86' lang='lat' dir='ltr'><strong>obumbratur,</strong></span> <span class='ocrx_word' id='word_1_219' title='bbox 1446 2854 1554 2896; x_wconf 82' lang='lat' dir='ltr'><strong>non</strong></span> <span class='ocrx_word' id='word_1_220' title='bbox 1581 2841 1662 2896; x_wconf 84' lang='lat' dir='ltr'><strong>sol</strong></span> <span class='ocrx_word' id='word_1_221' title='bbox 1693 2842 1766 2896; x_wconf 87' lang='lat' dir='ltr'><strong>ab</strong></span> <span class='ocrx_word' id='word_1_222' title='bbox 1788 2845 1999 2912; x_wconf 86' lang='lat' dir='ltr'><strong>stuppis</strong></span> <span class='ocrx_word' id='word_1_223' title='bbox 2025 2844 2210 2899; x_wconf 81' lang='lat' dir='ltr'><strong>radia-</strong></span> 
     </span>
    </p>
   </div>
   <div class='ocr_carea' id='block_1_31' title="bbox 653 2927 2210 3001">
    <p class='ocr_par' dir='ltr' id='par_1_31' title="bbox 653 2927 2210 3001">
     <span class='ocr_line' id='line_1_31' title="bbox 653 2927 2210 3001; baseline 0.006 -22"><span class='ocrx_word' id='word_1_224' title='bbox 653 2935 742 2980; x_wconf 74' lang='lat' dir='ltr'><strong>tur</strong></span> <span class='ocrx_word' id='word_1_225' title='bbox 783 2944 798 2980; x_wconf 87' lang='lat'><strong>:</strong></span> <span class='ocrx_word' id='word_1_226' title='bbox 837 2927 1008 2981; x_wconf 85' lang='lat' dir='ltr'><strong>lutum</strong></span> <span class='ocrx_word' id='word_1_227' title='bbox 1041 2942 1070 2981; x_wconf 86' lang='lat' dir='ltr'><strong>a</strong></span> <span class='ocrx_word' id='word_1_228' title='bbox 1105 2928 1270 2997; x_wconf 84' lang='lat' dir='ltr'><strong>ligulo</strong></span> <span class='ocrx_word' id='word_1_229' title='bbox 1304 2929 1597 2999; x_wconf 79' lang='lat' dir='ltr'><strong>perﬁcitur,</strong></span> <span class='ocrx_word' id='word_1_230' title='bbox 1632 2945 1738 2986; x_wconf 84' lang='lat' dir='ltr'><strong>non</strong></span> <span class='ocrx_word' id='word_1_231' title='bbox 1777 2931 1974 3001; x_wconf 78' lang='lat' dir='ltr'><strong>ﬁgulus</strong></span> <span class='ocrx_word' id='word_1_232' title='bbox 2018 2949 2048 2986; x_wconf 75' lang='grc' dir='ltr'><strong>ο</strong></span> <span class='ocrx_word' id='word_1_233' title='bbox 2094 2934 2210 2988; x_wconf 92' lang='lat' dir='ltr'><strong>luto</strong></span> 
     </span>
    </p>
   </div>
   <div class='ocr_carea' id='block_1_32' title="bbox 653 3017 2208 3101">
    <p class='ocr_par' dir='ltr' id='par_1_32' title="bbox 653 3017 2208 3101">
     <span class='ocr_line' id='line_1_32' title="bbox 653 3017 2208 3101; baseline 0.006 -32"><span class='ocrx_word' id='word_1_234' title='bbox 653 3017 1013 3086; x_wconf 85' lang='lat' dir='ltr'><strong>contingitur:</strong></span> <span class='ocrx_word' id='word_1_235' title='bbox 1067 3017 1352 3073; x_wconf 66' lang='lat' dir='ltr'><strong>aedilicium</strong></span> <span class='ocrx_word' id='word_1_236' title='bbox 1397 3020 1467 3074; x_wconf 88' lang='lat' dir='ltr'><strong>ab</strong></span> <span class='ocrx_word' id='word_1_237' title='bbox 1493 3021 1686 3090; x_wconf 83' lang='lat' dir='ltr'><strong>opiliee</strong></span> <span class='ocrx_word' id='word_1_238' title='bbox 1735 3033 2049 3101; x_wconf 79' lang='lat' dir='ltr'><strong>renovatur,</strong></span> <span class='ocrx_word' id='word_1_239' title='bbox 2100 3038 2208 3078; x_wconf 88' lang='lat' dir='ltr'><strong>non</strong></span> 
     </span>
    </p>
   </div>
   <div class='ocr_carea' id='block_1_33' title="bbox 2309 570 3865 636">
    <p class='ocr_par' dir='ltr' id='par_1_33' title="bbox 2309 570 3865 636">
     <span class='ocr_line' id='line_1_33' title="bbox 2309 570 3865 636; baseline -0.004 -10"><span class='ocrx_word' id='word_1_240' title='bbox 2309 575 2534 628; x_wconf 75' lang='lat' dir='ltr'><strong>vinculis</strong></span> <span class='ocrx_word' id='word_1_241' title='bbox 2563 574 2727 636; x_wconf 81' lang='lat' dir='ltr'><strong>eoeni,</strong></span> <span class='ocrx_word' id='word_1_242' title='bbox 2757 572 3098 628; x_wconf 70' lang='lat' dir='ltr'><strong>exsultabant</strong></span> <span class='ocrx_word' id='word_1_243' title='bbox 3131 578 3187 626; x_wconf 88' lang='lat' dir='ltr'><strong>et</strong></span> <span class='ocrx_word' id='word_1_244' title='bbox 3215 570 3461 634; x_wconf 71' lang='lat' dir='ltr'><strong>laetabar,</strong></span> <span class='ocrx_word' id='word_1_245' title='bbox 3484 579 3638 622; x_wconf 88' lang='lat' dir='ltr'><strong>tuam</strong></span> <span class='ocrx_word' id='word_1_246' title='bbox 3678 582 3865 635; x_wconf 74' lang='lat' dir='ltr'><strong>prtere-</strong></span> 
     </span>
    </p>
   </div>
   <div class='ocr_carea' id='block_1_34' title="bbox 2303 660 3860 734">
    <p class='ocr_par' dir='ltr' id='par_1_34' title="bbox 2303 660 3860 734">
     <span class='ocr_line' id='line_1_34' title="bbox 2303 660 3860 734; baseline -0.007 -16"><span class='ocrx_word' id='word_1_247' title='bbox 2303 664 2437 718; x_wconf 80' lang='lat' dir='ltr'><strong>dens</strong></span> <span class='ocrx_word' id='word_1_248' title='bbox 2467 665 2758 734; x_wconf 75' lang='lat' dir='ltr'><strong>praelibans</strong></span> <span class='ocrx_word' id='word_1_249' title='bbox 2780 663 3137 717; x_wconf 84' lang='lat' dir='ltr'><strong>nativitatem.</strong></span> <span class='ocrx_word' id='word_1_250' title='bbox 3170 660 3275 727; x_wconf 82' lang='lat' dir='ltr'><strong>Qui</strong></span> <span class='ocrx_word' id='word_1_251' title='bbox 3313 675 3445 728; x_wconf 80' lang='lat' dir='ltr'><strong>ergo</strong></span> <span class='ocrx_word' id='word_1_252' title='bbox 3471 667 3600 713; x_wconf 87' lang='lat' dir='ltr'><strong>ante</strong></span> <span class='ocrx_word' id='word_1_253' title='bbox 3636 667 3860 726; x_wconf 81' lang='lat' dir='ltr'><strong>partem,</strong></span> 
     </span>
    </p>
   </div>
   <div class='ocr_carea' id='block_1_35' title="bbox 2303 753 3864 824">
    <p class='ocr_par' dir='ltr' id='par_1_35' title="bbox 2303 753 3864 824">
     <span class='ocr_line' id='line_1_35' title="bbox 2303 753 3864 824; baseline -0.004 -14"><span class='ocrx_word' id='word_1_254' title='bbox 2303 766 2454 810; x_wconf 90' lang='lat' dir='ltr'><strong>tuum</strong></span> <span class='ocrx_word' id='word_1_255' title='bbox 2481 756 2772 810; x_wconf 84' lang='lat' dir='ltr'><strong>adventum</strong></span> <span class='ocrx_word' id='word_1_256' title='bbox 2803 753 3109 824; x_wconf 64' lang='lat' dir='ltr'><strong>praedicavi,</strong></span> <span class='ocrx_word' id='word_1_257' title='bbox 3152 760 3282 822; x_wconf 91' lang='lat' dir='ltr'><strong>post</strong></span> <span class='ocrx_word' id='word_1_258' title='bbox 3327 761 3543 821; x_wconf 85' lang='lat' dir='ltr'><strong>partum</strong></span> <span class='ocrx_word' id='word_1_259' title='bbox 3589 758 3697 804; x_wconf 73' lang='lat' dir='ltr'><strong>tua</strong></span> <span class='ocrx_word' id='word_1_260' title='bbox 3740 763 3864 819; x_wconf 70' lang='lat' dir='ltr'><strong>pre-</strong></span> 
     </span>
    </p>
   </div>
   <div class='ocr_carea' id='block_1_36' title="bbox 2303 841 3865 912">
    <p class='ocr_par' dir='ltr' id='par_1_36' title="bbox 2303 841 3865 912">
     <span class='ocr_line' id='line_1_36' title="bbox 2303 841 3865 912; baseline -0.005 -10"><span class='ocrx_word' id='word_1_261' title='bbox 2303 847 2493 902; x_wconf 78' lang='lat' dir='ltr'><strong>sentiae</strong></span> <span class='ocrx_word' id='word_1_262' title='bbox 2528 844 2838 902; x_wconf 76' lang='lat' dir='ltr'><strong>desistam?</strong></span> <span class='ocrx_word' id='word_1_263' title='bbox 2887 845 2992 912; x_wconf 73' lang='lat' dir='ltr'><strong>Qui</strong></span> <span class='ocrx_word' id='word_1_264' title='bbox 3037 846 3108 900; x_wconf 90' lang='lat' dir='ltr'><strong>ab</strong></span> <span class='ocrx_word' id='word_1_265' title='bbox 3158 843 3388 897; x_wconf 69' lang='lat' dir='ltr'><strong>infantia</strong></span> <span class='ocrx_word' id='word_1_266' title='bbox 3438 851 3547 896; x_wconf 65' lang='lat' dir='ltr'><strong>tua</strong></span> <span class='ocrx_word' id='word_1_267' title='bbox 3590 841 3865 910; x_wconf 78' lang='lat' dir='ltr'><strong>potestatis</strong></span> 
     </span>
    </p>
   </div>
   <div class='ocr_carea' id='block_1_37' title="bbox 2303 933 3862 1007">
    <p class='ocr_par' dir='ltr' id='par_1_37' title="bbox 2303 933 3862 1007">
     <span class='ocr_line' id='line_1_37' title="bbox 2303 933 3862 1007; baseline -0.004 -15"><span class='ocrx_word' id='word_1_268' title='bbox 2303 937 2562 1007; x_wconf 80' lang='lat' dir='ltr'><strong>magister</strong></span> <span class='ocrx_word' id='word_1_269' title='bbox 2599 937 2813 1000; x_wconf 78' lang='lat' dir='ltr'><strong>exstiti,</strong></span> <span class='ocrx_word' id='word_1_270' title='bbox 2839 935 3158 992; x_wconf 82' lang='lat' dir='ltr'><strong>adolescens</strong></span> <span class='ocrx_word' id='word_1_271' title='bbox 3187 933 3437 989; x_wconf 84' lang='lat' dir='ltr'><strong>inveniar</strong></span> <span class='ocrx_word' id='word_1_272' title='bbox 3461 933 3530 987; x_wconf 88' lang='lat' dir='ltr'><strong>ad</strong></span> <span class='ocrx_word' id='word_1_273' title='bbox 3559 943 3710 988; x_wconf 86' lang='lat' dir='ltr'><strong>tuam</strong></span> <span class='ocrx_word' id='word_1_274' title='bbox 3748 946 3862 1000; x_wconf 72' lang='lat' dir='ltr'><strong>per-</strong></span> 
     </span>
    </p>
   </div>
   <div class='ocr_carea' id='block_1_38' title="bbox 2305 1021 3863 1097">
    <p class='ocr_par' dir='ltr' id='par_1_38' title="bbox 2305 1021 3863 1097">
     <span class='ocr_line' id='line_1_38' title="bbox 2305 1021 3863 1097; baseline -0.002 -16"><span class='ocrx_word' id='word_1_275' title='bbox 2305 1025 2497 1081; x_wconf 83' lang='lat' dir='ltr'><strong>lectam</strong></span> <span class='ocrx_word' id='word_1_276' title='bbox 2546 1026 3001 1097; x_wconf 72' lang='lat' dir='ltr'><strong>intelligentiam?</strong></span> <span class='ocrx_word' id='word_1_277' title='bbox 3041 1024 3157 1081; x_wconf 79' lang='lat' dir='ltr'><strong>Non</strong></span> <span class='ocrx_word' id='word_1_278' title='bbox 3191 1037 3416 1094; x_wconf 87' lang='lat' dir='ltr'><strong>possum</strong></span> <span class='ocrx_word' id='word_1_279' title='bbox 3454 1031 3506 1078; x_wconf 89' lang='lat' dir='ltr'><strong>te</strong></span> <span class='ocrx_word' id='word_1_280' title='bbox 3532 1036 3644 1075; x_wconf 88' lang='lat' dir='ltr'><strong>non</strong></span> <span class='ocrx_word' id='word_1_281' title='bbox 3673 1021 3863 1078; x_wconf 76' lang='lat' dir='ltr'><strong>colere.</strong></span> 
     </span>
    </p>
   </div>
   <div class='ocr_carea' id='block_1_39' title="bbox 2293 1108 3864 1186">
    <p class='ocr_par' dir='ltr' id='par_1_39' title="bbox 2293 1108 3864 1186">
     <span class='ocr_line' id='line_1_39' title="bbox 2293 1108 3864 1186; baseline -0.005 -16"><span class='ocrx_word' id='word_1_282' title='bbox 2293 1117 2398 1186; x_wconf 76' lang='lat' dir='ltr'><strong>qui</strong></span> <span class='ocrx_word' id='word_1_283' title='bbox 2427 1117 2674 1171; x_wconf 83' lang='lat' dir='ltr'><strong>adoraris</strong></span> <span class='ocrx_word' id='word_1_284' title='bbox 2699 1119 2768 1172; x_wconf 86' lang='lat' dir='ltr'><strong>ab</strong></span> <span class='ocrx_word' id='word_1_285' title='bbox 2799 1115 2951 1172; x_wconf 88' lang='lat' dir='ltr'><strong>omni</strong></span> <span class='ocrx_word' id='word_1_286' title='bbox 2984 1125 3234 1170; x_wconf 79' lang='lat' dir='ltr'><strong>creatura</strong></span> <span class='ocrx_word' id='word_1_287' title='bbox 3261 1131 3276 1169; x_wconf 89' lang='lat'><strong>:</strong></span> <span class='ocrx_word' id='word_1_288' title='bbox 3309 1128 3419 1168; x_wconf 89' lang='lat' dir='ltr'><strong>non</strong></span> <span class='ocrx_word' id='word_1_289' title='bbox 3453 1126 3682 1183; x_wconf 81' lang='lat' dir='ltr'><strong>possum</strong></span> <span class='ocrx_word' id='word_1_290' title='bbox 3717 1108 3864 1182; x_wconf 76' lang='lat' dir='ltr'><strong>[non]</strong></span> 
     </span>
    </p>
   </div>
   <div class='ocr_carea' id='block_1_40' title="bbox 2303 1203 3864 1278">
    <p class='ocr_par' dir='ltr' id='par_1_40' title="bbox 2303 1203 3864 1278">
     <span class='ocr_line' id='line_1_40' title="bbox 2303 1203 3864 1278; baseline -0.006 -16"><span class='ocrx_word' id='word_1_291' title='bbox 2303 1206 2596 1278; x_wconf 70' lang='lat' dir='ltr'><strong>pmdienre</strong></span> <span class='ocrx_word' id='word_1_292' title='bbox 2625 1221 2774 1272; x_wconf 87' lang='lat' dir='ltr'><strong>eum,</strong></span> <span class='ocrx_word' id='word_1_293' title='bbox 2806 1222 2966 1276; x_wconf 87' lang='lat' dir='ltr'><strong>quem</strong></span> <span class='ocrx_word' id='word_1_294' title='bbox 2997 1207 3192 1262; x_wconf 74' lang='lat' dir='ltr'><strong>emtum</strong></span> <span class='ocrx_word' id='word_1_295' title='bbox 3228 1221 3325 1274; x_wconf 86' lang='lat' dir='ltr'><strong>per</strong></span> <span class='ocrx_word' id='word_1_296' title='bbox 3357 1203 3572 1259; x_wconf 83' lang='lat' dir='ltr'><strong>stellam</strong></span> <span class='ocrx_word' id='word_1_297' title='bbox 3599 1209 3864 1255; x_wconf 75' lang='lat' dir='ltr'><strong>monstra-</strong></span> 
     </span>
    </p>
   </div>
   <div class='ocr_carea' id='block_1_41' title="bbox 2307 1292 3864 1366">
    <p class='ocr_par' dir='ltr' id='par_1_41' title="bbox 2307 1292 3864 1366">
     <span class='ocr_line' id='line_1_41' title="bbox 2307 1292 3864 1366; baseline -0.004 -18"><span class='ocrx_word' id='word_1_298' title='bbox 2307 1296 2402 1360; x_wconf 86' lang='lat' dir='ltr'><strong>vit,</strong></span> <span class='ocrx_word' id='word_1_299' title='bbox 2451 1304 2505 1349; x_wconf 88' lang='lat' dir='ltr'><strong>et</strong></span> <span class='ocrx_word' id='word_1_300' title='bbox 2535 1307 2690 1350; x_wconf 86' lang='lat' dir='ltr'><strong>terra-</strong></span> <span class='ocrx_word' id='word_1_301' title='bbox 2731 1311 2827 1366; x_wconf 89' lang='lat' dir='ltr'><strong>per</strong></span> <span class='ocrx_word' id='word_1_302' title='bbox 2873 1311 3062 1366; x_wconf 82' lang='lat' dir='ltr'><strong>magos</strong></span> <span class='ocrx_word' id='word_1_303' title='bbox 3114 1293 3400 1360; x_wconf 84' lang='lat' dir='ltr'><strong>nuntiavit,</strong></span> <span class='ocrx_word' id='word_1_304' title='bbox 3457 1301 3512 1348; x_wconf 91' lang='lat' dir='ltr'><strong>et</strong></span> <span class='ocrx_word' id='word_1_305' title='bbox 3555 1292 3864 1361; x_wconf 73' lang='lat' dir='ltr'><strong>angelorum</strong></span> 
     </span>
    </p>
   </div>
   <div class='ocr_carea' id='block_1_42' title="bbox 2304 1386 3868 1456">
    <p class='ocr_par' dir='ltr' id='par_1_42' title="bbox 2304 1386 3868 1456">
     <span class='ocr_line' id='line_1_42' title="bbox 2304 1386 3868 1456; baseline -0.004 -14"><span class='ocrx_word' id='word_1_306' title='bbox 2304 1388 2456 1442; x_wconf 83' lang='lat' dir='ltr'><strong>chori</strong></span> <span class='ocrx_word' id='word_1_307' title='bbox 2485 1387 2731 1445; x_wconf 83' lang='lat' dir='ltr'><strong>laetantes</strong></span> <span class='ocrx_word' id='word_1_308' title='bbox 2760 1388 2978 1444; x_wconf 64' lang='lat' dir='ltr'><strong>coalitus</strong></span> <span class='ocrx_word' id='word_1_309' title='bbox 3009 1387 3383 1452; x_wconf 83' lang='lat' dir='ltr'><strong>laudaveram,</strong></span> <span class='ocrx_word' id='word_1_310' title='bbox 3416 1395 3470 1442; x_wconf 82' lang='lat' dir='ltr'><strong>et</strong></span> <span class='ocrx_word' id='word_1_311' title='bbox 3508 1393 3763 1456; x_wconf 76' lang='lat' dir='ltr'><strong>pastores</strong></span> <span class='ocrx_word' id='word_1_312' title='bbox 3788 1386 3868 1437; x_wconf 79' lang='lat' dir='ltr'><strong>vi-</strong></span> 
     </span>
    </p>
   </div>
   <div class='ocr_carea' id='block_1_43' title="bbox 2305 1477 3866 1551">
    <p class='ocr_par' dir='ltr' id='par_1_43' title="bbox 2305 1477 3866 1551">
     <span class='ocr_line' id='line_1_43' title="bbox 2305 1477 3866 1551; baseline -0.001 -19"><span class='ocrx_word' id='word_1_313' title='bbox 2305 1479 2534 1551; x_wconf 88' lang='lat' dir='ltr'><strong>gilantes</strong></span> <span class='ocrx_word' id='word_1_314' title='bbox 2580 1479 2722 1536; x_wconf 77' lang='lat' dir='ltr'><strong>sicut</strong></span> <span class='ocrx_word' id='word_1_315' title='bbox 2770 1481 2965 1536; x_wconf 87' lang='lat' dir='ltr'><strong>ducem</strong></span> <span class='ocrx_word' id='word_1_316' title='bbox 3017 1489 3300 1550; x_wconf 81' lang='lat' dir='ltr'><strong>pastorum</strong></span> <span class='ocrx_word' id='word_1_317' title='bbox 3353 1488 3410 1536; x_wconf 90' lang='lat' dir='ltr'><strong>et</strong></span> <span class='ocrx_word' id='word_1_318' title='bbox 3465 1477 3866 1535; x_wconf 84' lang='lat' dir='ltr'><strong>rationabilium</strong></span> 
     </span>
    </p>
   </div>
   <div class='ocr_carea' id='block_1_44' title="bbox 2305 1571 3868 1642">
    <p class='ocr_par' dir='ltr' id='par_1_44' title="bbox 2305 1571 3868 1642">
     <span class='ocr_line' id='line_1_44' title="bbox 2305 1571 3868 1642; baseline -0.003 -16"><span class='ocrx_word' id='word_1_319' title='bbox 2305 1571 2490 1626; x_wconf 88' lang='lat' dir='ltr'><strong>ovium</strong></span> <span class='ocrx_word' id='word_1_320' title='bbox 2521 1573 2974 1642; x_wconf 80' lang='lat' dir='ltr'><strong>gloriﬁcaverunt.</strong></span> <span class='ocrx_word' id='word_1_321' title='bbox 3023 1571 3144 1628; x_wconf 85' lang='lat' dir='ltr'><strong>Non</strong></span> <span class='ocrx_word' id='word_1_322' title='bbox 3177 1586 3406 1642; x_wconf 84' lang='lat' dir='ltr'><strong>possum</strong></span> <span class='ocrx_word' id='word_1_323' title='bbox 3456 1581 3510 1626; x_wconf 88' lang='lat' dir='ltr'><strong>te</strong></span> <span class='ocrx_word' id='word_1_324' title='bbox 3556 1578 3868 1640; x_wconf 68' lang='lat' dir='ltr'><strong>praesentem</strong></span> 
     </span>
    </p>
   </div>
   <div class='ocr_carea' id='block_1_45' title="bbox 2306 1658 3868 1726">
    <p class='ocr_par' dir='ltr' id='par_1_45' title="bbox 2306 1658 3868 1726">
     <span class='ocr_line' id='line_1_45' title="bbox 2306 1658 3868 1726; baseline -0.003 -11"><span class='ocrx_word' id='word_1_325' title='bbox 2306 1659 2499 1716; x_wconf 86' lang='lat' dir='ltr'><strong>silere:</strong></span> <span class='ocrx_word' id='word_1_326' title='bbox 2552 1677 2655 1717; x_wconf 78' lang='lat' dir='ltr'><strong>vox</strong></span> <span class='ocrx_word' id='word_1_327' title='bbox 2702 1661 2848 1717; x_wconf 89' lang='lat' dir='ltr'><strong>enim</strong></span> <span class='ocrx_word' id='word_1_328' title='bbox 2895 1675 3042 1726; x_wconf 87' lang='lat' dir='ltr'><strong>sum,</strong></span> <span class='ocrx_word' id='word_1_329' title='bbox 3092 1675 3195 1716; x_wconf 80' lang='lat' dir='ltr'><strong>rea:</strong></span> <span class='ocrx_word' id='word_1_330' title='bbox 3231 1659 3512 1714; x_wconf 75' lang='lat' dir='ltr'><strong>clamantis</strong></span> <span class='ocrx_word' id='word_1_331' title='bbox 3552 1659 3611 1712; x_wconf 81' lang='lat' dir='ltr'><strong>in</strong></span> <span class='ocrx_word' id='word_1_332' title='bbox 3646 1658 3868 1720; x_wconf 74' lang='lat' dir='ltr'><strong>deserto,</strong></span> 
     </span>
    </p>
   </div>
   <div class='ocr_carea' id='block_1_46' title="bbox 2307 1747 3869 1822">
    <p class='ocr_par' dir='ltr' id='par_1_46' title="bbox 2307 1747 3869 1822">
     <span class='ocr_line' id='line_1_46' title="bbox 2307 1747 3869 1822; baseline -0.003 -17"><span class='ocrx_word' id='word_1_333' title='bbox 2307 1761 2492 1820; x_wconf 81' lang='lat' dir='ltr'><strong>parate</strong></span> <span class='ocrx_word' id='word_1_334' title='bbox 2511 1754 2652 1806; x_wconf 78' lang='lat' dir='ltr'><strong>aiam</strong></span> <span class='ocrx_word' id='word_1_335' title='bbox 2672 1751 2896 1807; x_wconf 76' lang='lat' dir='ltr'><strong>Domino</strong></span> <span class='ocrx_word' id='word_1_336' title='bbox 2918 1751 2986 1806; x_wconf 79' lang='grc'><strong>⁸³.</strong></span> <span class='ocrx_word' id='word_1_337' title='bbox 3013 1780 3083 1792; x_wconf 90' lang='lat'><strong>—-</strong></span> <span class='ocrx_word' id='word_1_338' title='bbox 3105 1751 3217 1822; x_wconf 76' lang='lat' dir='ltr'><strong>Ego</strong></span> <span class='ocrx_word' id='word_1_339' title='bbox 3244 1764 3377 1820; x_wconf 79' lang='lat' dir='ltr'><strong>opus</strong></span> <span class='ocrx_word' id='word_1_340' title='bbox 3397 1751 3563 1804; x_wconf 76' lang='lat' dir='ltr'><strong>habeo</strong></span> <span class='ocrx_word' id='word_1_341' title='bbox 3595 1766 3632 1802; x_wconf 87' lang='lat' dir='ltr'><strong>a</strong></span> <span class='ocrx_word' id='word_1_342' title='bbox 3660 1757 3712 1802; x_wconf 77' lang='lat' dir='ltr'><strong>te</strong></span> <span class='ocrx_word' id='word_1_343' title='bbox 3744 1747 3869 1815; x_wconf 76' lang='lat' dir='ltr'><strong>bap-</strong></span> 
     </span>
    </p>
   </div>
   <div class='ocr_carea' id='block_1_47' title="bbox 2312 1842 3871 1916">
    <p class='ocr_par' dir='ltr' id='par_1_47' title="bbox 2312 1842 3871 1916">
     <span class='ocr_line' id='line_1_47' title="bbox 2312 1842 3871 1916; baseline -0.002 -18"><span class='ocrx_word' id='word_1_344' title='bbox 2312 1846 2490 1900; x_wconf 76' lang='lat' dir='ltr'><strong>tizari.</strong></span> <span class='ocrx_word' id='word_1_345' title='bbox 2529 1844 2643 1916; x_wconf 80' lang='lat' dir='ltr'><strong>Ego</strong></span> <span class='ocrx_word' id='word_1_346' title='bbox 2670 1855 2835 1901; x_wconf 85' lang='lat' dir='ltr'><strong>natus</strong></span> <span class='ocrx_word' id='word_1_347' title='bbox 2872 1845 3110 1915; x_wconf 81' lang='lat' dir='ltr'><strong>parentis</strong></span> <span class='ocrx_word' id='word_1_348' title='bbox 3145 1845 3483 1900; x_wconf 84' lang='lat' dir='ltr'><strong>sterilitatem</strong></span> <span class='ocrx_word' id='word_1_349' title='bbox 3518 1843 3678 1907; x_wconf 84' lang='lat' dir='ltr'><strong>solvi,</strong></span> <span class='ocrx_word' id='word_1_350' title='bbox 3708 1851 3766 1897; x_wconf 88' lang='lat' dir='ltr'><strong>et</strong></span> <span class='ocrx_word' id='word_1_351' title='bbox 3793 1842 3871 1895; x_wconf 82' lang='lat' dir='ltr'><strong>in-</strong></span> 
     </span>
    </p>
   </div>
   <div class='ocr_carea' id='block_1_48' title="bbox 2310 1935 3874 2006">
    <p class='ocr_par' dir='ltr' id='par_1_48' title="bbox 2310 1935 3874 2006">
     <span class='ocr_line' id='line_1_48' title="bbox 2310 1935 3874 2006; baseline -0.002 -16"><span class='ocrx_word' id='word_1_352' title='bbox 2310 1935 2433 1991; x_wconf 82' lang='lat' dir='ltr'><strong>fans</strong></span> <span class='ocrx_word' id='word_1_353' title='bbox 2453 1937 2723 1992; x_wconf 74' lang='lat' dir='ltr'><strong>exsisteus</strong></span> <span class='ocrx_word' id='word_1_354' title='bbox 2755 1938 2956 2002; x_wconf 82' lang='lat' dir='ltr'><strong>adhuc,</strong></span> <span class='ocrx_word' id='word_1_355' title='bbox 2984 1937 3120 2006; x_wconf 82' lang='lat' dir='ltr'><strong>patri</strong></span> <span class='ocrx_word' id='word_1_356' title='bbox 3150 1951 3273 1991; x_wconf 90' lang='lat' dir='ltr'><strong>meo</strong></span> <span class='ocrx_word' id='word_1_357' title='bbox 3311 1937 3430 1992; x_wconf 85' lang='lat' dir='ltr'><strong>sine</strong></span> <span class='ocrx_word' id='word_1_358' title='bbox 3457 1950 3591 1992; x_wconf 73' lang='lat' dir='ltr'><strong>voce</strong></span> <span class='ocrx_word' id='word_1_359' title='bbox 3617 1950 3743 1990; x_wconf 76' lang='lat' dir='ltr'><strong>cum</strong></span> <span class='ocrx_word' id='word_1_360' title='bbox 3789 1947 3874 1988; x_wconf 83' lang='lat' dir='ltr'><strong>es-</strong></span> 
     </span>
    </p>
   </div>
   <div class='ocr_carea' id='block_1_49' title="bbox 2310 2025 3872 2101">
    <p class='ocr_par' dir='ltr' id='par_1_49' title="bbox 2310 2025 3872 2101">
     <span class='ocr_line' id='line_1_49' title="bbox 2310 2025 3872 2101; baseline -0.001 -22"><span class='ocrx_word' id='word_1_361' title='bbox 2310 2034 2416 2092; x_wconf 88' lang='lat' dir='ltr'><strong>set,</strong></span> <span class='ocrx_word' id='word_1_362' title='bbox 2469 2027 2715 2083; x_wconf 87' lang='lat' dir='ltr'><strong>medicus</strong></span> <span class='ocrx_word' id='word_1_363' title='bbox 2749 2027 2977 2084; x_wconf 64' lang='lat' dir='ltr'><strong>electus</strong></span> <span class='ocrx_word' id='word_1_364' title='bbox 2999 2042 3145 2090; x_wconf 85' lang='lat' dir='ltr'><strong>sum,</strong></span> <span class='ocrx_word' id='word_1_365' title='bbox 3174 2043 3204 2082; x_wconf 87' lang='lat' dir='ltr'><strong>a</strong></span> <span class='ocrx_word' id='word_1_366' title='bbox 3244 2035 3302 2083; x_wconf 86' lang='lat' dir='ltr'><strong>te</strong></span> <span class='ocrx_word' id='word_1_367' title='bbox 3330 2027 3603 2101; x_wconf 70' lang='lat' dir='ltr'><strong>accipipns</strong></span> <span class='ocrx_word' id='word_1_368' title='bbox 3645 2025 3872 2096; x_wconf 80' lang='lat' dir='ltr'><strong>gratiam</strong></span> 
     </span>
    </p>
   </div>
   <div class='ocr_carea' id='block_1_50' title="bbox 2313 2115 3874 2193">
    <p class='ocr_par' dir='ltr' id='par_1_50' title="bbox 2313 2115 3874 2193">
     <span class='ocr_line' id='line_1_50' title="bbox 2313 2115 3874 2193; baseline 0.001 -23"><span class='ocrx_word' id='word_1_369' title='bbox 2313 2115 2475 2186; x_wconf 80' lang='lat' dir='ltr'><strong>hujus</strong></span> <span class='ocrx_word' id='word_1_370' title='bbox 2506 2117 2772 2193; x_wconf 76' lang='lat' dir='ltr'><strong>miraculi.</strong></span> <span class='ocrx_word' id='word_1_371' title='bbox 2819 2117 2902 2174; x_wconf 78' lang='lat' dir='ltr'><strong>Tu</strong></span> <span class='ocrx_word' id='word_1_372' title='bbox 2935 2129 3116 2175; x_wconf 89' lang='lat' dir='ltr'><strong>autem</strong></span> <span class='ocrx_word' id='word_1_373' title='bbox 3147 2118 3218 2174; x_wconf 87' lang='lat' dir='ltr'><strong>de</strong></span> <span class='ocrx_word' id='word_1_374' title='bbox 3249 2117 3471 2189; x_wconf 78' lang='lat' dir='ltr'><strong>Virgine</strong></span> <span class='ocrx_word' id='word_1_375' title='bbox 3512 2125 3690 2172; x_wconf 81' lang='lat' dir='ltr'><strong>matre</strong></span> <span class='ocrx_word' id='word_1_376' title='bbox 3715 2126 3874 2172; x_wconf 82' lang='lat' dir='ltr'><strong>natus</strong></span> 
     </span>
    </p>
   </div>
   <div class='ocr_carea' id='block_1_51' title="bbox 2313 2209 3875 2282">
    <p class='ocr_par' dir='ltr' id='par_1_51' title="bbox 2313 2209 3875 2282">
     <span class='ocr_line' id='line_1_51' title="bbox 2313 2209 3875 2282; baseline 0 -20"><span class='ocrx_word' id='word_1_377' title='bbox 2313 2221 2394 2271; x_wconf 88' lang='lat' dir='ltr'><strong>es,</strong></span> <span class='ocrx_word' id='word_1_378' title='bbox 2446 2217 2506 2262; x_wconf 92' lang='lat' dir='ltr'><strong>ut</strong></span> <span class='ocrx_word' id='word_1_379' title='bbox 2558 2209 2819 2274; x_wconf 83' lang='lat' dir='ltr'><strong>voluisti;</strong></span> <span class='ocrx_word' id='word_1_380' title='bbox 2876 2218 2934 2264; x_wconf 89' lang='lat' dir='ltr'><strong>et</strong></span> <span class='ocrx_word' id='word_1_381' title='bbox 2959 2220 3022 2264; x_wconf 85' lang='lat' dir='ltr'><strong>tu</strong></span> <span class='ocrx_word' id='word_1_382' title='bbox 3070 2209 3225 2266; x_wconf 86' lang='lat' dir='ltr'><strong>solus</strong></span> <span class='ocrx_word' id='word_1_383' title='bbox 3269 2211 3378 2267; x_wconf 87' lang='lat' dir='ltr'><strong>scis</strong></span> <span class='ocrx_word' id='word_1_384' title='bbox 3429 2209 3666 2282; x_wconf 82' lang='lat' dir='ltr'><strong>qualiter</strong></span> <span class='ocrx_word' id='word_1_385' title='bbox 3718 2217 3875 2264; x_wconf 80' lang='lat' dir='ltr'><strong>natas</strong></span> 
     </span>
    </p>
   </div>
   <div class='ocr_carea' id='block_1_52' title="bbox 2312 2299 3878 2372">
    <p class='ocr_par' dir='ltr' id='par_1_52' title="bbox 2312 2299 3878 2372">
     <span class='ocr_line' id='line_1_52' title="bbox 2312 2299 3878 2372; baseline -0.001 -18"><span class='ocrx_word' id='word_1_386' title='bbox 2312 2299 2430 2354; x_wconf 76' lang='lat' dir='ltr'><strong>eis:</strong></span> <span class='ocrx_word' id='word_1_387' title='bbox 2471 2315 2584 2354; x_wconf 88' lang='lat' dir='ltr'><strong>non</strong></span> <span class='ocrx_word' id='word_1_388' title='bbox 2633 2300 2843 2356; x_wconf 85' lang='lat' dir='ltr'><strong>solvisti</strong></span> <span class='ocrx_word' id='word_1_389' title='bbox 2879 2300 3245 2369; x_wconf 80' lang='lat' dir='ltr'><strong>virginitatem</strong></span> <span class='ocrx_word' id='word_1_390' title='bbox 3293 2301 3439 2372; x_wconf 80' lang='lat' dir='ltr'><strong>ejus,</strong></span> <span class='ocrx_word' id='word_1_391' title='bbox 3482 2301 3581 2357; x_wconf 81' lang='lat' dir='ltr'><strong>sed</strong></span> <span class='ocrx_word' id='word_1_392' title='bbox 3628 2309 3692 2366; x_wconf 81' lang='lat' dir='ltr'><strong>et</strong></span> <span class='ocrx_word' id='word_1_393' title='bbox 3740 2299 3878 2355; x_wconf 83' lang='lat' dir='ltr'><strong>bane</strong></span> 
     </span>
    </p>
   </div>
   <div class='ocr_carea' id='block_1_53' title="bbox 2311 2390 3879 2451">
    <p class='ocr_par' dir='ltr' id='par_1_53' title="bbox 2311 2390 3879 2451">
     <span class='ocr_line' id='line_1_53' title="bbox 2311 2390 3879 2451; baseline 0.002 -8"><span class='ocrx_word' id='word_1_394' title='bbox 2311 2390 2670 2451; x_wconf 83' lang='lat' dir='ltr'><strong>conservasti,</strong></span> <span class='ocrx_word' id='word_1_395' title='bbox 2697 2398 2751 2444; x_wconf 89' lang='lat' dir='ltr'><strong>et</strong></span> <span class='ocrx_word' id='word_1_396' title='bbox 2777 2390 2968 2446; x_wconf 83' lang='lat' dir='ltr'><strong>matris</strong></span> <span class='ocrx_word' id='word_1_397' title='bbox 3005 2391 3058 2445; x_wconf 88' lang='lat' dir='ltr'><strong>ei</strong></span> <span class='ocrx_word' id='word_1_398' title='bbox 3082 2391 3406 2447; x_wconf 84' lang='lat' dir='ltr'><strong>vocabulum</strong></span> <span class='ocrx_word' id='word_1_399' title='bbox 3432 2390 3798 2446; x_wconf 68' lang='lat' dir='ltr'><strong>contionati:</strong></span> <span class='ocrx_word' id='word_1_400' title='bbox 3826 2401 3879 2446; x_wconf 82' lang='lat' dir='ltr'><strong>et</strong></span> 
     </span>
    </p>
   </div>
   <div class='ocr_carea' id='block_1_54' title="bbox 2312 2469 3879 2553">
    <p class='ocr_par' dir='ltr' id='par_1_54' title="bbox 2312 2469 3879 2553">
     <span class='ocr_line' id='line_1_54' title="bbox 2312 2469 3879 2553; baseline 0.002 -20"><span class='ocrx_word' id='word_1_401' title='bbox 2312 2493 2414 2535; x_wconf 90' lang='lat' dir='ltr'><strong>nee</strong></span> <span class='ocrx_word' id='word_1_402' title='bbox 2456 2481 2739 2552; x_wconf 69' lang='lat' dir='ltr'><strong>virginitas</strong></span> <span class='ocrx_word' id='word_1_403' title='bbox 2788 2482 2944 2536; x_wconf 79' lang='lat' dir='ltr'><strong>tuum</strong></span> <span class='ocrx_word' id='word_1_404' title='bbox 2993 2469 3211 2553; x_wconf 67' lang='lat' dir='ltr'><strong>partem</strong></span> <span class='ocrx_word' id='word_1_405' title='bbox 3264 2483 3489 2544; x_wconf 83' lang='lat' dir='ltr'><strong>vetavit.</strong></span> <span class='ocrx_word' id='word_1_406' title='bbox 3544 2495 3650 2536; x_wconf 80' lang='lat' dir='ltr'><strong>nec</strong></span> <span class='ocrx_word' id='word_1_407' title='bbox 3697 2490 3879 2550; x_wconf 80' lang='lat' dir='ltr'><strong>partus</strong></span> 
     </span>
    </p>
   </div>
   <div class='ocr_carea' id='block_1_55' title="bbox 2313 2567 3878 2643">
    <p class='ocr_par' dir='ltr' id='par_1_55' title="bbox 2313 2567 3878 2643">
     <span class='ocr_line' id='line_1_55' title="bbox 2313 2567 3878 2643; baseline 0.003 -21"><span class='ocrx_word' id='word_1_408' title='bbox 2313 2567 2750 2642; x_wconf 73' lang='lat' dir='ltr'><strong>[virginitatem].</strong></span> <span class='ocrx_word' id='word_1_409' title='bbox 2781 2571 3083 2628; x_wconf 70' lang='lat' dir='ltr'><strong>Contraria:</strong></span> <span class='ocrx_word' id='word_1_410' title='bbox 3103 2587 3210 2636; x_wconf 80' lang='lat' dir='ltr'><strong>res,</strong></span> <span class='ocrx_word' id='word_1_411' title='bbox 3241 2571 3297 2630; x_wconf 83' lang='lat' dir='ltr'><strong>id</strong></span> <span class='ocrx_word' id='word_1_412' title='bbox 3323 2581 3410 2629; x_wconf 77' lang='lat' dir='ltr'><strong>est</strong></span> <span class='ocrx_word' id='word_1_413' title='bbox 3444 2581 3636 2643; x_wconf 86' lang='lat' dir='ltr'><strong>partus</strong></span> <span class='ocrx_word' id='word_1_414' title='bbox 3672 2583 3732 2627; x_wconf 84' lang='lat' dir='ltr'><strong>et</strong></span> <span class='ocrx_word' id='word_1_415' title='bbox 3775 2571 3878 2626; x_wconf 54' lang='lat' dir='ltr'><strong>vir.</strong></span> 
     </span>
    </p>
   </div>
   <div class='ocr_carea' id='block_1_56' title="bbox 2311 2657 3876 2730">
    <p class='ocr_par' dir='ltr' id='par_1_56' title="bbox 2311 2657 3876 2730">
     <span class='ocr_line' id='line_1_56' title="bbox 2311 2657 3876 2730; baseline 0.003 -18"><span class='ocrx_word' id='word_1_416' title='bbox 2311 2657 2533 2728; x_wconf 79' lang='lat' dir='ltr'><strong>ginitas,</strong></span> <span class='ocrx_word' id='word_1_417' title='bbox 2565 2660 2631 2714; x_wconf 88' lang='lat' dir='ltr'><strong>ad</strong></span> <span class='ocrx_word' id='word_1_418' title='bbox 2657 2675 2824 2715; x_wconf 81' lang='lat' dir='ltr'><strong>unam</strong></span> <span class='ocrx_word' id='word_1_419' title='bbox 2852 2661 3223 2727; x_wconf 83' lang='lat' dir='ltr'><strong>concordiam,</strong></span> <span class='ocrx_word' id='word_1_420' title='bbox 3268 2677 3338 2717; x_wconf 88' lang='lat' dir='ltr'><strong>eo</strong></span> <span class='ocrx_word' id='word_1_421' title='bbox 3374 2660 3518 2730; x_wconf 83' lang='lat' dir='ltr'><strong>quod</strong></span> <span class='ocrx_word' id='word_1_422' title='bbox 3563 2659 3662 2716; x_wconf 84' lang='lat' dir='ltr'><strong>tibi</strong></span> <span class='ocrx_word' id='word_1_423' title='bbox 3702 2659 3876 2716; x_wconf 76' lang='lat' dir='ltr'><strong>visura</strong></span> 
     </span>
    </p>
   </div>
   <div class='ocr_carea' id='block_1_57' title="bbox 2311 2749 3877 2820">
    <p class='ocr_par' dir='ltr' id='par_1_57' title="bbox 2311 2749 3877 2820">
     <span class='ocr_line' id='line_1_57' title="bbox 2311 2749 3877 2820; baseline 0.003 -18"><span class='ocrx_word' id='word_1_424' title='bbox 2311 2755 2398 2810; x_wconf 73' lang='lat' dir='ltr'><strong>est</strong></span> <span class='ocrx_word' id='word_1_425' title='bbox 2439 2749 2613 2802; x_wconf 87' lang='lat' dir='ltr'><strong>lictori</strong></span> <span class='ocrx_word' id='word_1_426' title='bbox 2643 2759 2872 2806; x_wconf 65' lang='lat' dir='ltr'><strong>natura.</strong></span> <span class='ocrx_word' id='word_1_427' title='bbox 2920 2749 3036 2820; x_wconf 68' lang='lat' dir='ltr'><strong>Ego</strong></span> <span class='ocrx_word' id='word_1_428' title='bbox 3073 2752 3220 2808; x_wconf 81' lang='lat' dir='ltr'><strong>enim</strong></span> <span class='ocrx_word' id='word_1_429' title='bbox 3265 2752 3433 2808; x_wconf 78' lang='lat' dir='ltr'><strong>homo</strong></span> <span class='ocrx_word' id='word_1_430' title='bbox 3472 2768 3620 2818; x_wconf 83' lang='lat' dir='ltr'><strong>sum,</strong></span> <span class='ocrx_word' id='word_1_431' title='bbox 3670 2759 3877 2808; x_wconf 73' lang='lat' dir='ltr'><strong>tantum</strong></span> 
     </span>
    </p>
   </div>
   <div class='ocr_carea' id='block_1_58' title="bbox 2313 2836 3880 2910">
    <p class='ocr_par' dir='ltr' id='par_1_58' title="bbox 2313 2836 3880 2910">
     <span class='ocr_line' id='line_1_58' title="bbox 2313 2836 3880 2910; baseline 0.005 -19"><span class='ocrx_word' id='word_1_432' title='bbox 2313 2836 2510 2892; x_wconf 75' lang='lat' dir='ltr'><strong>divinae</strong></span> <span class='ocrx_word' id='word_1_433' title='bbox 2535 2837 2722 2910; x_wconf 64' lang='lat' dir='ltr'><strong>gloria:</strong></span> <span class='ocrx_word' id='word_1_434' title='bbox 2754 2841 3049 2910; x_wconf 74' lang='lat' dir='ltr'><strong>particeps,</strong></span> <span class='ocrx_word' id='word_1_435' title='bbox 3091 2851 3151 2896; x_wconf 90' lang='lat' dir='ltr'><strong>tu</strong></span> <span class='ocrx_word' id='word_1_436' title='bbox 3196 2851 3378 2897; x_wconf 84' lang='lat' dir='ltr'><strong>autem</strong></span> <span class='ocrx_word' id='word_1_437' title='bbox 3424 2841 3572 2898; x_wconf 80' lang='lat' dir='ltr'><strong>Deus</strong></span> <span class='ocrx_word' id='word_1_438' title='bbox 3615 2850 3677 2897; x_wconf 78' lang='lat' dir='ltr'><strong>es</strong></span> <span class='ocrx_word' id='word_1_439' title='bbox 3718 2841 3880 2899; x_wconf 70' lang='lat' dir='ltr'><strong>bene</strong></span> 
     </span>
    </p>
   </div>
   <div class='ocr_carea' id='block_1_59' title="bbox 2312 2926 3882 3004">
    <p class='ocr_par' dir='ltr' id='par_1_59' title="bbox 2312 2926 3882 3004">
     <span class='ocr_line' id='line_1_59' title="bbox 2312 2926 3882 3004; baseline 0.006 -24"><span class='ocrx_word' id='word_1_440' title='bbox 2312 2926 2456 2983; x_wconf 84' lang='lat' dir='ltr'><strong>idem</strong></span> <span class='ocrx_word' id='word_1_441' title='bbox 2503 2927 2641 2996; x_wconf 86' lang='lat' dir='ltr'><strong>ipse,</strong></span> <span class='ocrx_word' id='word_1_442' title='bbox 2679 2929 2807 2998; x_wconf 83' lang='lat' dir='ltr'><strong>quia</strong></span> <span class='ocrx_word' id='word_1_443' title='bbox 2851 2931 3161 2987; x_wconf 73' lang='lat' dir='ltr'><strong>misericors</strong></span> <span class='ocrx_word' id='word_1_444' title='bbox 3209 2931 3325 3001; x_wconf 81' lang='lat' dir='ltr'><strong>ipse</strong></span> <span class='ocrx_word' id='word_1_445' title='bbox 3360 2931 3606 2988; x_wconf 75' lang='lat' dir='ltr'><strong>exuistis.</strong></span> <span class='ocrx_word' id='word_1_446' title='bbox 3646 2930 3737 2989; x_wconf 73' lang='grc' dir='ltr'>ἰἐι</span> <span class='ocrx_word' id='word_1_447' title='bbox 3783 2947 3882 3004; x_wconf 79' lang='lat' dir='ltr'><strong>pa-</strong></span> 
     </span>
    </p>
   </div>
   <div class='ocr_carea' id='block_1_60' title="bbox 2316 3017 3880 3095">
    <p class='ocr_par' dir='ltr' id='par_1_60' title="bbox 2316 3017 3880 3095">
     <span class='ocr_line' id='line_1_60' title="bbox 2316 3017 3880 3095; baseline 0.006 -25"><span class='ocrx_word' id='word_1_448' title='bbox 2316 3023 2480 3070; x_wconf 77' lang='lat' dir='ltr'><strong>terna:</strong></span> <span class='ocrx_word' id='word_1_449' title='bbox 2535 3017 2723 3086; x_wconf 71' lang='lat' dir='ltr'><strong>gloria:</strong></span> <span class='ocrx_word' id='word_1_450' title='bbox 2763 3017 3020 3076; x_wconf 87' lang='lat' dir='ltr'><strong>claritas:</strong></span> <span class='ocrx_word' id='word_1_451' title='bbox 3070 3029 3132 3076; x_wconf 91' lang='grc' dir='ltr'><strong>ιι</strong></span> <span class='ocrx_word' id='word_1_452' title='bbox 3160 3021 3399 3091; x_wconf 72' lang='lat' dir='ltr'><strong>perfecta</strong></span> <span class='ocrx_word' id='word_1_453' title='bbox 3433 3023 3613 3095; x_wconf 77' lang='lat' dir='ltr'><strong>imago</strong></span> <span class='ocrx_word' id='word_1_454' title='bbox 3653 3023 3880 3094; x_wconf 75' lang='lat' dir='ltr'><strong>perfecti</strong></span> 
     </span>
    </p>
   </div>
   <div class='ocr_carea' id='block_1_61' title="bbox 653 3105 3878 3193">
    <p class='ocr_par' dir='ltr' id='par_1_61' title="bbox 653 3105 3878 3193">
     <span class='ocr_line' id='line_1_61' title="bbox 653 3105 3878 3193; baseline 0.008 -35"><span class='ocrx_word' id='word_1_455' title='bbox 653 3106 830 3174; x_wconf 82' lang='lat' dir='ltr'><strong>upilex</strong></span> <span class='ocrx_word' id='word_1_456' title='bbox 865 3105 935 3160; x_wconf 91' lang='lat' dir='ltr'><strong>ab</strong></span> <span class='ocrx_word' id='word_1_457' title='bbox 976 3105 1206 3161; x_wconf 80' lang='lat' dir='ltr'><strong>aediﬁcio</strong></span> <span class='ocrx_word' id='word_1_458' title='bbox 1244 3110 1601 3166; x_wconf 87' lang='lat' dir='ltr'><strong>emendatur:</strong></span> <span class='ocrx_word' id='word_1_459' title='bbox 1651 3122 1886 3182; x_wconf 70' lang='lat' dir='ltr'><strong>aegrotus</strong></span> <span class='ocrx_word' id='word_1_460' title='bbox 1933 3129 1966 3168; x_wconf 86' lang='lat' dir='ltr'><strong>a</strong></span> <span class='ocrx_word' id='word_1_461' title='bbox 1999 3115 2210 3171; x_wconf 84' lang='lat' dir='ltr'><strong>medico</strong></span> <span class='ocrx_word' id='word_1_462' title='bbox 2237 3135 2280 3193; x_wconf 74' lang='grc' dir='ltr'>ο</span> <span class='ocrx_word' id='word_1_463' title='bbox 2315 3105 2530 3165; x_wconf 66' lang='lat' dir='ltr'><strong>Patris:</strong></span> <span class='ocrx_word' id='word_1_464' title='bbox 2569 3117 2631 3164; x_wconf 72' lang='grc' dir='ltr'><strong>ιιι</strong></span> <span class='ocrx_word' id='word_1_465' title='bbox 2672 3123 2863 3164; x_wconf 59' lang='lat' dir='ltr'><strong>&quot;Tum</strong></span> <span class='ocrx_word' id='word_1_466' title='bbox 2897 3110 3107 3178; x_wconf 64' lang='grc' dir='ltr'>ιυωθιιν</span> <span class='ocrx_word' id='word_1_467' title='bbox 3149 3112 3298 3182; x_wconf 69' lang='grc' dir='ltr'><strong>(11υά</strong></span> <span class='ocrx_word' id='word_1_468' title='bbox 3341 3112 3618 3170; x_wconf 57' lang='lat' dir='ltr'><strong>mulum“</strong></span> <span class='ocrx_word' id='word_1_469' title='bbox 3657 3130 3878 3174; x_wconf 70' lang='lat' dir='ltr'><strong>m</strong></span> 
     </span>
    </p>
   </div>
   <div class='ocr_carea' id='block_1_62' title="bbox 653 3196 2214 3272">
    <p class='ocr_par' dir='ltr' id='par_1_62' title="bbox 653 3196 2214 3272">
     <span class='ocr_line' id='line_1_62' title="bbox 653 3196 2214 3272; baseline 0.007 -25"><span class='ocrx_word' id='word_1_470' title='bbox 653 3206 898 3257; x_wconf 82' lang='lat' dir='ltr'><strong>sanatur,</strong></span> <span class='ocrx_word' id='word_1_471' title='bbox 931 3209 1038 3248; x_wconf 88' lang='lat' dir='ltr'><strong>non</strong></span> <span class='ocrx_word' id='word_1_472' title='bbox 1065 3196 1309 3252; x_wconf 85' lang='lat' dir='ltr'><strong>medicus</strong></span> <span class='ocrx_word' id='word_1_473' title='bbox 1339 3198 1409 3252; x_wconf 84' lang='lat' dir='ltr'><strong>ab</strong></span> <span class='ocrx_word' id='word_1_474' title='bbox 1453 3209 1663 3267; x_wconf 77' lang='lat' dir='ltr'><strong>aegroto</strong></span> <span class='ocrx_word' id='word_1_475' title='bbox 1685 3200 1970 3256; x_wconf 83' lang='lat' dir='ltr'><strong>medetur:</strong></span> <span class='ocrx_word' id='word_1_476' title='bbox 2009 3217 2214 3272; x_wconf 84' lang='lat' dir='ltr'><strong>egenus</strong></span> 
     </span>
    </p>
   </div>
   <div class='ocr_carea' id='block_1_63' title="bbox 653 3285 2210 3361">
    <p class='ocr_par' dir='ltr' id='par_1_63' title="bbox 653 3285 2210 3361">
     <span class='ocr_line' id='line_1_63' title="bbox 653 3285 2210 3361; baseline 0.004 -20"><span class='ocrx_word' id='word_1_477' title='bbox 653 3302 681 3341; x_wconf 86' lang='lat' dir='ltr'><strong>a</strong></span> <span class='ocrx_word' id='word_1_478' title='bbox 715 3286 881 3340; x_wconf 84' lang='lat' dir='ltr'><strong>divite</strong></span> <span class='ocrx_word' id='word_1_479' title='bbox 917 3285 1214 3353; x_wconf 80' lang='lat' dir='ltr'><strong>ieneratur,</strong></span> <span class='ocrx_word' id='word_1_480' title='bbox 1248 3289 1542 3345; x_wconf 77' lang='lat' dir='ltr'><strong>non&#39;dives</strong></span> <span class='ocrx_word' id='word_1_481' title='bbox 1584 3292 1654 3346; x_wconf 87' lang='lat' dir='ltr'><strong>ab</strong></span> <span class='ocrx_word' id='word_1_482' title='bbox 1700 3291 1860 3361; x_wconf 83' lang='lat' dir='ltr'><strong>inope</strong></span> <span class='ocrx_word' id='word_1_483' title='bbox 1905 3300 2210 3347; x_wconf 87' lang='lat' dir='ltr'><strong>mutuatur.</strong></span> 
     </span>
    </p>
   </div>
   <div class='ocr_carea' id='block_1_64' title="bbox 651 3376 2212 3452">
    <p class='ocr_par' dir='ltr' id='par_1_64' title="bbox 651 3376 2212 3452">
     <span class='ocr_line' id='line_1_64' title="bbox 651 3376 2212 3452; baseline 0.006 -23"><span class='ocrx_word' id='word_1_484' title='bbox 651 3376 768 3446; x_wconf 80' lang='lat' dir='ltr'><strong>Ego</strong></span> <span class='ocrx_word' id='word_1_485' title='bbox 797 3393 925 3446; x_wconf 81' lang='lat' dir='ltr'><strong>opus</strong></span> <span class='ocrx_word' id='word_1_486' title='bbox 949 3376 1114 3432; x_wconf 78' lang='lat' dir='ltr'><strong>habeo</strong></span> <span class='ocrx_word' id='word_1_487' title='bbox 1137 3394 1170 3431; x_wconf 81' lang='grc' dir='ltr'><em>α</em></span> <span class='ocrx_word' id='word_1_488' title='bbox 1200 3388 1247 3433; x_wconf 82' lang='lat' dir='ltr'><strong>te</strong></span> <span class='ocrx_word' id='word_1_489' title='bbox 1273 3379 1555 3448; x_wconf 76' lang='lat' dir='ltr'><strong>baptizari.</strong></span> <span class='ocrx_word' id='word_1_490' title='bbox 1585 3380 1843 3450; x_wconf 80' lang='lat' dir='ltr'><strong>Nunquid</strong></span> <span class='ocrx_word' id='word_1_491' title='bbox 1868 3383 2061 3450; x_wconf 87' lang='lat' dir='ltr'><strong>ignoro</strong></span> <span class='ocrx_word' id='word_1_492' title='bbox 2085 3376 2212 3452; x_wconf 83' lang='lat' dir='ltr'><strong>quis</strong></span> 
     </span>
    </p>
   </div>
   <div class='ocr_carea' id='block_1_65' title="bbox 650 3467 2212 3537">
    <p class='ocr_par' dir='ltr' id='par_1_65' title="bbox 650 3467 2212 3537">
     <span class='ocr_line' id='line_1_65' title="bbox 650 3467 2212 3537; baseline 0.003 -15"><span class='ocrx_word' id='word_1_493' title='bbox 650 3483 733 3529; x_wconf 85' lang='lat' dir='ltr'><strong>es,</strong></span> <span class='ocrx_word' id='word_1_494' title='bbox 764 3477 815 3522; x_wconf 82' lang='lat' dir='ltr'><strong>et</strong></span> <span class='ocrx_word' id='word_1_495' title='bbox 841 3483 907 3523; x_wconf 79' lang='lat' dir='ltr'><strong>ex</strong></span> <span class='ocrx_word' id='word_1_496' title='bbox 941 3482 1047 3537; x_wconf 88' lang='lat' dir='ltr'><strong>qua</strong></span> <span class='ocrx_word' id='word_1_497' title='bbox 1074 3483 1135 3524; x_wconf 88' lang='lat' dir='ltr'><strong>re</strong></span> <span class='ocrx_word' id='word_1_498' title='bbox 1162 3467 1382 3535; x_wconf 78' lang='lat' dir='ltr'><strong>iulsisti,</strong></span> <span class='ocrx_word' id='word_1_499' title='bbox 1412 3471 1498 3525; x_wconf 88' lang='lat' dir='ltr'><strong>vel</strong></span> <span class='ocrx_word' id='word_1_500' title='bbox 1527 3471 1671 3526; x_wconf 85' lang='lat' dir='ltr'><strong>unde</strong></span> <span class='ocrx_word' id='word_1_501' title='bbox 1703 3471 2017 3528; x_wconf 60' lang='lat' dir='ltr'><strong>advenisti-1</strong></span> <span class='ocrx_word' id='word_1_502' title='bbox 2059 3473 2212 3527; x_wconf 63' lang='lat' dir='ltr'><strong>Nuna-</strong></span> 
     </span>
    </p>
   </div>
   <div class='ocr_carea' id='block_1_66' title="bbox 650 3558 2209 3629">
    <p class='ocr_par' dir='ltr' id='par_1_66' title="bbox 650 3558 2209 3629">
     <span class='ocr_line' id='line_1_66' title="bbox 650 3558 2209 3629; baseline 0.003 -17"><span class='ocrx_word' id='word_1_503' title='bbox 650 3558 780 3625; x_wconf 82' lang='lat' dir='ltr'><strong>quid</strong></span> <span class='ocrx_word' id='word_1_504' title='bbox 807 3558 1066 3627; x_wconf 84' lang='lat' dir='ltr'><strong>quoniam</strong></span> <span class='ocrx_word' id='word_1_505' title='bbox 1093 3567 1318 3628; x_wconf 77' lang='lat' dir='ltr'><strong>propter</strong></span> <span class='ocrx_word' id='word_1_506' title='bbox 1340 3574 1428 3615; x_wconf 84' lang='lat' dir='ltr'><strong>me</strong></span> <span class='ocrx_word' id='word_1_507' title='bbox 1455 3561 1634 3615; x_wconf 76' lang='lat' dir='ltr'><strong>factus</strong></span> <span class='ocrx_word' id='word_1_508' title='bbox 1661 3574 1724 3615; x_wconf 84' lang='lat' dir='ltr'><strong>es</strong></span> <span class='ocrx_word' id='word_1_509' title='bbox 1752 3561 1900 3628; x_wconf 79' lang='lat' dir='ltr'><strong>quod</strong></span> <span class='ocrx_word' id='word_1_510' title='bbox 1935 3575 2045 3629; x_wconf 81' lang='lat' dir='ltr'><strong>ego</strong></span> <span class='ocrx_word' id='word_1_511' title='bbox 2064 3576 2209 3626; x_wconf 85' lang='lat' dir='ltr'><strong>sum,</strong></span> 
     </span>
    </p>
   </div>
   <div class='ocr_carea' id='block_1_67' title="bbox 653 3647 2211 3720">
    <p class='ocr_par' dir='ltr' id='par_1_67' title="bbox 653 3647 2211 3720">
     <span class='ocr_line' id='line_1_67' title="bbox 653 3647 2211 3720; baseline 0.004 -19"><span class='ocrx_word' id='word_1_512' title='bbox 653 3650 922 3714; x_wconf 73' lang='lat' dir='ltr'><strong>magnalia</strong></span> <span class='ocrx_word' id='word_1_513' title='bbox 947 3649 1162 3717; x_wconf 88' lang='lat' dir='ltr'><strong>abnego</strong></span> <span class='ocrx_word' id='word_1_514' title='bbox 1183 3658 1292 3702; x_wconf 68' lang='lat' dir='ltr'><strong>tum</strong></span> <span class='ocrx_word' id='word_1_515' title='bbox 1306 3648 1562 3703; x_wconf 73' lang='lat' dir='ltr'><strong>deitatis?</strong></span> <span class='ocrx_word' id='word_1_516' title='bbox 1577 3647 1829 3720; x_wconf 78' lang='lat' dir='ltr'><strong>Nunquid</strong></span> <span class='ocrx_word' id='word_1_517' title='bbox 1851 3650 1977 3720; x_wconf 88' lang='lat' dir='ltr'><strong>quia</strong></span> <span class='ocrx_word' id='word_1_518' title='bbox 2002 3661 2211 3708; x_wconf 85' lang='lat' dir='ltr'><strong>tantum</strong></span> 
     </span>
    </p>
   </div>
   <div class='ocr_carea' id='block_1_68' title="bbox 655 3735 2214 3811">
    <p class='ocr_par' dir='ltr' id='par_1_68' title="bbox 655 3735 2214 3811">
     <span class='ocr_line' id='line_1_68' title="bbox 655 3735 2214 3811; baseline 0.004 -20"><span class='ocrx_word' id='word_1_519' title='bbox 655 3735 786 3791; x_wconf 82' lang='lat' dir='ltr'><strong>mibi</strong></span> <span class='ocrx_word' id='word_1_520' title='bbox 809 3737 1263 3802; x_wconf 84' lang='lat' dir='ltr'><strong>condescendisti,</strong></span> <span class='ocrx_word' id='word_1_521' title='bbox 1288 3745 1354 3796; x_wconf 83' lang='lat' dir='ltr'><strong>ut</strong></span> <span class='ocrx_word' id='word_1_522' title='bbox 1375 3738 1538 3793; x_wconf 83' lang='lat' dir='ltr'><strong>etiam</strong></span> <span class='ocrx_word' id='word_1_523' title='bbox 1559 3741 1952 3810; x_wconf 87' lang='lat' dir='ltr'><strong>propinquares</strong></span> <span class='ocrx_word' id='word_1_524' title='bbox 1972 3745 2214 3811; x_wconf 91' lang='lat' dir='ltr'><strong>corpori,</strong></span> 
     </span>
    </p>
   </div>
   <div class='ocr_carea' id='block_1_69' title="bbox 652 3820 2215 3893">
    <p class='ocr_par' dir='ltr' id='par_1_69' title="bbox 652 3820 2215 3893">
     <span class='ocr_line' id='line_1_69' title="bbox 652 3820 2215 3893; baseline 0.008 -19"><span class='ocrx_word' id='word_1_525' title='bbox 652 3835 716 3879; x_wconf 83' lang='lat' dir='ltr'><strong>ut</strong></span> <span class='ocrx_word' id='word_1_526' title='bbox 743 3836 914 3880; x_wconf 83' lang='lat' dir='ltr'><strong>totum</strong></span> <span class='ocrx_word' id='word_1_527' title='bbox 944 3841 1031 3881; x_wconf 89' lang='lat' dir='ltr'><strong>me</strong></span> <span class='ocrx_word' id='word_1_528' title='bbox 1066 3825 1234 3882; x_wconf 77' lang='lat' dir='ltr'><strong>ferres</strong></span> <span class='ocrx_word' id='word_1_529' title='bbox 1261 3827 1316 3881; x_wconf 90' lang='lat' dir='ltr'><strong>in</strong></span> <span class='ocrx_word' id='word_1_530' title='bbox 1347 3836 1418 3893; x_wconf 88' lang='lat' dir='ltr'><strong>te,</strong></span> <span class='ocrx_word' id='word_1_531' title='bbox 1452 3838 1512 3884; x_wconf 91' lang='lat' dir='ltr'><strong>ut</strong></span> <span class='ocrx_word' id='word_1_532' title='bbox 1541 3820 1789 3887; x_wconf 39' lang='lat' dir='ltr'><strong>&#39;salvares</strong></span> <span class='ocrx_word' id='word_1_533' title='bbox 1819 3841 1995 3888; x_wconf 81' lang='lat' dir='ltr'><strong>totum</strong></span> <span class='ocrx_word' id='word_1_534' title='bbox 2039 3833 2215 3887; x_wconf 86' lang='lat' dir='ltr'><strong>homi-</strong></span> 
     </span>
    </p>
   </div>
   <div class='ocr_carea' id='block_1_70' title="bbox 653 3917 2212 3995">
    <p class='ocr_par' dir='ltr' id='par_1_70' title="bbox 653 3917 2212 3995">
     <span class='ocr_line' id='line_1_70' title="bbox 653 3917 2212 3995; baseline 0.005 -26"><span class='ocrx_word' id='word_1_535' title='bbox 653 3931 798 3981; x_wconf 86' lang='lat' dir='ltr'><strong>nem,</strong></span> <span class='ocrx_word' id='word_1_536' title='bbox 832 3917 1069 3986; x_wconf 85' lang='lat' dir='ltr'><strong>despicio</strong></span> <span class='ocrx_word' id='word_1_537' title='bbox 1096 3919 1241 3989; x_wconf 83' lang='lat' dir='ltr'><strong>quod</strong></span> <span class='ocrx_word' id='word_1_538' title='bbox 1286 3927 1372 3976; x_wconf 83' lang='lat' dir='ltr'><strong>est</strong></span> <span class='ocrx_word' id='word_1_539' title='bbox 1414 3920 1470 3975; x_wconf 92' lang='lat' dir='ltr'><strong>in</strong></span> <span class='ocrx_word' id='word_1_540' title='bbox 1503 3929 1556 3976; x_wconf 88' lang='lat' dir='ltr'><strong>te</strong></span> <span class='ocrx_word' id='word_1_541' title='bbox 1591 3920 1860 3979; x_wconf 85' lang='lat' dir='ltr'><strong>invisibile</strong></span> <span class='ocrx_word' id='word_1_542' title='bbox 1881 3923 1907 3977; x_wconf 68' lang='grc' dir='ltr'><strong><em>Ἰ</em></strong></span> <span class='ocrx_word' id='word_1_543' title='bbox 1932 3923 2212 3995; x_wconf 81' lang='lat' dir='ltr'><strong>Nunquid,</strong></span> 
     </span>
    </p>
   </div>
   <div class='ocr_carea' id='block_1_71' title="bbox 655 4005 2212 4076">
    <p class='ocr_par' dir='ltr' id='par_1_71' title="bbox 655 4005 2212 4076">
     <span class='ocr_line' id='line_1_71' title="bbox 655 4005 2212 4076; baseline 0.007 -19"><span class='ocrx_word' id='word_1_544' title='bbox 655 4005 914 4072; x_wconf 82' lang='lat' dir='ltr'><strong>quoniam</strong></span> <span class='ocrx_word' id='word_1_545' title='bbox 968 4015 1185 4076; x_wconf 83' lang='lat' dir='ltr'><strong>propter</strong></span> <span class='ocrx_word' id='word_1_546' title='bbox 1238 4023 1416 4064; x_wconf 85' lang='lat' dir='ltr'><strong>meam</strong></span> <span class='ocrx_word' id='word_1_547' title='bbox 1472 4011 1701 4068; x_wconf 78' lang='lat' dir='ltr'><strong>salutem</strong></span> <span class='ocrx_word' id='word_1_548' title='bbox 1759 4012 1984 4070; x_wconf 86' lang='lat' dir='ltr'><strong>induisti</strong></span> <span class='ocrx_word' id='word_1_549' title='bbox 2034 4028 2212 4070; x_wconf 86' lang='lat' dir='ltr'><strong>meam</strong></span> 
     </span>
    </p>
   </div>
   <div class='ocr_carea' id='block_1_72' title="bbox 655 4094 2214 4165">
    <p class='ocr_par' dir='ltr' id='par_1_72' title="bbox 655 4094 2214 4165">
     <span class='ocr_line' id='line_1_72' title="bbox 655 4094 2214 4165; baseline 0.007 -17"><span class='ocrx_word' id='word_1_550' title='bbox 655 4103 858 4159; x_wconf 84' lang='lat' dir='ltr'><strong>cutem,</strong></span> <span class='ocrx_word' id='word_1_551' title='bbox 887 4094 1075 4163; x_wconf 88' lang='lat' dir='ltr'><strong>ignoro</strong></span> <span class='ocrx_word' id='word_1_552' title='bbox 1102 4105 1154 4150; x_wconf 87' lang='lat' dir='ltr'><strong>te</strong></span> <span class='ocrx_word' id='word_1_553' title='bbox 1182 4099 1273 4165; x_wconf 85' lang='lat' dir='ltr'><strong>qui</strong></span> <span class='ocrx_word' id='word_1_554' title='bbox 1319 4101 1552 4158; x_wconf 84' lang='lat' dir='ltr'><strong>amictus</strong></span> <span class='ocrx_word' id='word_1_555' title='bbox 1591 4112 1653 4158; x_wconf 86' lang='lat' dir='ltr'><strong>es</strong></span> <span class='ocrx_word' id='word_1_556' title='bbox 1699 4103 1822 4160; x_wconf 83' lang='lat' dir='ltr'><strong>luce</strong></span> <span class='ocrx_word' id='word_1_557' title='bbox 1865 4104 2004 4160; x_wconf 85' lang='lat' dir='ltr'><strong>sicut</strong></span> <span class='ocrx_word' id='word_1_558' title='bbox 2045 4106 2214 4160; x_wconf 71' lang='lat' dir='ltr'><strong>vesn-</strong></span> 
     </span>
    </p>
   </div>
   <div class='ocr_carea' id='block_1_73' title="bbox 655 4179 2213 4263">
    <p class='ocr_par' dir='ltr' id='par_1_73' title="bbox 655 4179 2213 4263">
     <span class='ocr_line' id='line_1_73' title="bbox 655 4179 2213 4263; baseline 0.008 -27"><span class='ocrx_word' id='word_1_559' title='bbox 655 4181 884 4237; x_wconf 81' lang='lat' dir='ltr'><strong>mento?</strong></span> <span class='ocrx_word' id='word_1_560' title='bbox 920 4179 1196 4252; x_wconf 84' lang='lat' dir='ltr'><strong>Nunquid,</strong></span> <span class='ocrx_word' id='word_1_561' title='bbox 1228 4189 1485 4256; x_wconf 87' lang='lat' dir='ltr'><strong>quoniam</strong></span> <span class='ocrx_word' id='word_1_562' title='bbox 1529 4207 1652 4248; x_wconf 85' lang='lat' dir='ltr'><strong>mea</strong></span> <span class='ocrx_word' id='word_1_563' title='bbox 1687 4193 1904 4263; x_wconf 86' lang='lat' dir='ltr'><strong>cognita</strong></span> <span class='ocrx_word' id='word_1_564' title='bbox 1941 4195 2213 4251; x_wconf 84' lang='lat' dir='ltr'><strong>carne&#39;m-</strong></span> 
     </span>
    </p>
   </div>
   <div class='ocr_carea' id='block_1_74' title="bbox 650 4267 2210 4352">
    <p class='ocr_par' dir='ltr' id='par_1_74' title="bbox 650 4267 2210 4352">
     <span class='ocr_line' id='line_1_74' title="bbox 650 4267 2210 4352; baseline 0.013 -34"><span class='ocrx_word' id='word_1_565' title='bbox 650 4267 833 4352; x_wconf 82' lang='lat' dir='ltr'><strong>dutus</strong></span> <span class='ocrx_word' id='word_1_566' title='bbox 876 4280 958 4332; x_wconf 86' lang='lat' dir='ltr'><strong>es,</strong></span> <span class='ocrx_word' id='word_1_567' title='bbox 1003 4274 1063 4320; x_wconf 90' lang='lat' dir='ltr'><strong>ut</strong></span> <span class='ocrx_word' id='word_1_568' title='bbox 1108 4283 1394 4338; x_wconf 78' lang='lat' dir='ltr'><strong>appareres</strong></span> <span class='ocrx_word' id='word_1_569' title='bbox 1441 4275 1776 4345; x_wconf 78' lang='lat' dir='ltr'><strong>hominibus,</strong></span> <span class='ocrx_word' id='word_1_570' title='bbox 1807 4289 2073 4348; x_wconf 86' lang='lat' dir='ltr'><strong>quantum</strong></span> <span class='ocrx_word' id='word_1_571' title='bbox 2106 4283 2210 4352; x_wconf 90' lang='lat' dir='ltr'><strong>ipsi</strong></span> 
     </span>
    </p>
   </div>
   <div class='ocr_carea' id='block_1_75' title="bbox 595 4351 2208 4424">
    <p class='ocr_par' dir='ltr' id='par_1_75' title="bbox 595 4351 2208 4424">
     <span class='ocr_line' id='line_1_75' title="bbox 595 4351 2208 4424; baseline 0.012 -19"><span class='ocrx_word' id='word_1_572' title='bbox 595 4386 597 4388; x_wconf 89' lang='lat'>-</span> <span class='ocrx_word' id='word_1_573' title='bbox 651 4351 964 4420; x_wconf 88' lang='lat' dir='ltr'><strong>conspicere</strong></span> <span class='ocrx_word' id='word_1_574' title='bbox 989 4353 1305 4422; x_wconf 74' lang='lat' dir='ltr'><strong>praevalent,</strong></span> <span class='ocrx_word' id='word_1_575' title='bbox 1333 4358 1574 4418; x_wconf 77' lang='lat' dir='ltr'><strong>latetme</strong></span> <span class='ocrx_word' id='word_1_576' title='bbox 1604 4364 1790 4420; x_wconf 81' lang='lat' dir='ltr'><strong>radius</strong></span> <span class='ocrx_word' id='word_1_577' title='bbox 1819 4373 1924 4420; x_wconf 72' lang='lat' dir='ltr'><strong>tua:</strong></span> <span class='ocrx_word' id='word_1_578' title='bbox 1949 4351 2208 4424; x_wconf 82' lang='lat' dir='ltr'><strong>corusca-</strong></span> 
     </span>
    </p>
   </div>
   <div class='ocr_carea' id='block_1_76' title="bbox 2312 3197 3879 3279">
    <p class='ocr_par' dir='ltr' id='par_1_76' title="bbox 2312 3197 3879 3279">
     <span class='ocr_line' id='line_1_76' title="bbox 2312 3197 3879 3279; baseline 0.007 -27"><span class='ocrx_word' id='word_1_579' title='bbox 2312 3197 2591 3256; x_wconf 79' lang='lat' dir='ltr'><strong>hominem</strong></span> <span class='ocrx_word' id='word_1_580' title='bbox 2647 3201 2952 3258; x_wconf 85' lang='lat' dir='ltr'><strong>venientem</strong></span> <span class='ocrx_word' id='word_1_581' title='bbox 3003 3202 3059 3258; x_wconf 86' lang='lat' dir='ltr'><strong>in</strong></span> <span class='ocrx_word' id='word_1_582' title='bbox 3109 3203 3442 3259; x_wconf 69' lang='lat' dir='ltr'><strong>mundum&quot;</strong></span> <span class='ocrx_word' id='word_1_583' title='bbox 3471 3204 3502 3260; x_wconf 86' lang='grc'><strong>.’</strong></span> <span class='ocrx_word' id='word_1_584' title='bbox 3540 3203 3625 3261; x_wconf 79' lang='grc' dir='ltr'>τι</span> <span class='ocrx_word' id='word_1_585' title='bbox 3670 3208 3770 3279; x_wconf 82' lang='lat' dir='ltr'><strong>qui</strong></span> <span class='ocrx_word' id='word_1_586' title='bbox 3823 3208 3879 3263; x_wconf 87' lang='lat' dir='ltr'><strong>in</strong></span> 
     </span>
    </p>
   </div>
   <div class='ocr_carea' id='block_1_77' title="bbox 2310 3289 3879 3369">
    <p class='ocr_par' dir='ltr' id='par_1_77' title="bbox 2310 3289 3879 3369">
     <span class='ocr_line' id='line_1_77' title="bbox 2310 3289 3879 3369; baseline 0.008 -25"><span class='ocrx_word' id='word_1_587' title='bbox 2310 3291 2519 3346; x_wconf 78' lang='lat' dir='ltr'><strong>mundo</strong></span> <span class='ocrx_word' id='word_1_588' title='bbox 2561 3293 2850 3358; x_wconf 76' lang='lat' dir='ltr'><strong>exsistet-3,</strong></span> <span class='ocrx_word' id='word_1_589' title='bbox 2894 3294 3096 3369; x_wconf 78' lang='lat' dir='ltr'><strong>venisti</strong></span> <span class='ocrx_word' id='word_1_590' title='bbox 3151 3295 3246 3352; x_wconf 88' lang='lat' dir='ltr'><strong>ubi</strong></span> <span class='ocrx_word' id='word_1_591' title='bbox 3290 3289 3420 3354; x_wconf 84' lang='lat' dir='ltr'><strong>eras</strong></span> <span class='ocrx_word' id='word_1_592' title='bbox 3461 3314 3478 3352; x_wconf 89' lang='lat'><strong>:</strong></span> <span class='ocrx_word' id='word_1_593' title='bbox 3525 3307 3584 3353; x_wconf 85' lang='lat' dir='ltr'><strong>tu</strong></span> <span class='ocrx_word' id='word_1_594' title='bbox 3641 3296 3879 3356; x_wconf 69' lang='lat' dir='ltr'><strong>Verbum</strong></span> 
     </span>
    </p>
   </div>
   <div class='ocr_carea' id='block_1_78' title="bbox 2310 3381 3879 3450">
    <p class='ocr_par' dir='ltr' id='par_1_78' title="bbox 2310 3381 3879 3450">
     <span class='ocr_line' id='line_1_78' title="bbox 2310 3381 3879 3450; baseline 0.01 -18"><span class='ocrx_word' id='word_1_595' title='bbox 2310 3381 2404 3449; x_wconf 86' lang='lat' dir='ltr'><strong>qui</strong></span> <span class='ocrx_word' id='word_1_596' title='bbox 2447 3381 3879 3450; x_wconf 71' lang='lat' dir='ltr'><strong>iacutsescaro,seduoainearne-mutatus:ta</strong></span> 
     </span>
    </p>
   </div>
   <div class='ocr_carea' id='block_1_79' title="bbox 2309 3470 3884 3549">
    <p class='ocr_par' dir='ltr' id='par_1_79' title="bbox 2309 3470 3884 3549">
     <span class='ocr_line' id='line_1_79' title="bbox 2309 3470 3884 3549; baseline 0.01 -25"><span class='ocrx_word' id='word_1_597' title='bbox 2309 3470 2404 3539; x_wconf 83' lang='lat' dir='ltr'><strong>qui</strong></span> <span class='ocrx_word' id='word_1_598' title='bbox 2445 3471 2761 3549; x_wconf 63' lang='lat' dir='ltr'><strong>inhabitant</strong></span> <span class='ocrx_word' id='word_1_599' title='bbox 2799 3475 2858 3530; x_wconf 80' lang='lat' dir='ltr'><strong>in</strong></span> <span class='ocrx_word' id='word_1_600' title='bbox 2885 3476 3067 3541; x_wconf 85' lang='lat' dir='ltr'><strong>nobis,</strong></span> <span class='ocrx_word' id='word_1_601' title='bbox 3105 3485 3168 3532; x_wconf 86' lang='lat' dir='ltr'><strong>et</strong></span> <span class='ocrx_word' id='word_1_602' title='bbox 3199 3479 3504 3549; x_wconf 78' lang='lat' dir='ltr'><strong>apparuisti</strong></span> <span class='ocrx_word' id='word_1_603' title='bbox 3547 3481 3660 3536; x_wconf 74' lang='lat' dir='ltr'><strong>tuis</strong></span> <span class='ocrx_word' id='word_1_604' title='bbox 3705 3484 3884 3539; x_wconf 77' lang='lat' dir='ltr'><strong>servis</strong></span> 
     </span>
    </p>
   </div>
   <div class='ocr_carea' id='block_1_80' title="bbox 2311 3547 3881 3641">
    <p class='ocr_par' dir='ltr' id='par_1_80' title="bbox 2311 3547 3881 3641">
     <span class='ocr_line' id='line_1_80' title="bbox 2311 3547 3881 3641; baseline 0.011 -30"><span class='ocrx_word' id='word_1_605' title='bbox 2311 3558 2368 3612; x_wconf 87' lang='lat' dir='ltr'><strong>in</strong></span> <span class='ocrx_word' id='word_1_606' title='bbox 2396 3560 2538 3614; x_wconf 85' lang='lat' dir='ltr'><strong>servi</strong></span> <span class='ocrx_word' id='word_1_607' title='bbox 2586 3547 2764 3641; x_wconf 67' lang='lat' dir='ltr'><strong>[arma</strong></span> <span class='ocrx_word' id='word_1_608' title='bbox 2792 3579 2826 3618; x_wconf 89' lang='lat'><strong>:-</strong></span> <span class='ocrx_word' id='word_1_609' title='bbox 2854 3571 2915 3618; x_wconf 88' lang='lat' dir='ltr'><strong>tu</strong></span> <span class='ocrx_word' id='word_1_610' title='bbox 2941 3565 3038 3634; x_wconf 72' lang='lat' dir='ltr'><strong>qui</strong></span> <span class='ocrx_word' id='word_1_611' title='bbox 3063 3565 3190 3622; x_wconf 66' lang='lat' dir='ltr'><strong>eali</strong></span> <span class='ocrx_word' id='word_1_612' title='bbox 3217 3547 3750 3639; x_wconf 49' lang='grc' dir='ltr'><strong>ἀνηῦρες-ιι</strong></span> <span class='ocrx_word' id='word_1_613' title='bbox 3799 3571 3881 3628; x_wconf 78' lang='grc' dir='ltr'><strong>σο-</strong></span> 
     </span>
    </p>
   </div>
   <div class='ocr_carea' id='block_1_81' title="bbox 2313 3647 3883 3723">
    <p class='ocr_par' dir='ltr' id='par_1_81' title="bbox 2313 3647 3883 3723">
     <span class='ocr_line' id='line_1_81' title="bbox 2313 3647 3883 3723; baseline 0.012 -22"><span class='ocrx_word' id='word_1_614' title='bbox 2313 3647 2436 3703; x_wconf 89' lang='lat' dir='ltr'><strong>cisti</strong></span> <span class='ocrx_word' id='word_1_615' title='bbox 2467 3661 2707 3707; x_wconf 78' lang='lat' dir='ltr'><strong>meatum</strong></span> <span class='ocrx_word' id='word_1_616' title='bbox 2734 3667 2834 3723; x_wconf 81' lang='lat' dir='ltr'><strong>per</strong></span> <span class='ocrx_word' id='word_1_617' title='bbox 2851 3665 3116 3712; x_wconf 71' lang='lat' dir='ltr'><strong>sanau-</strong></span> <span class='ocrx_word' id='word_1_618' title='bbox 3141 3662 3298 3712; x_wconf 70' lang='grc' dir='ltr'>ιιι·</span> <span class='ocrx_word' id='word_1_619' title='bbox 3319 3672 3524 3714; x_wconf 64' lang='lat' dir='ltr'><strong>nomen</strong></span> <span class='ocrx_word' id='word_1_620' title='bbox 3541 3674 3561 3712; x_wconf 89' lang='lat'><strong>:</strong></span> <span class='ocrx_word' id='word_1_621' title='bbox 3596 3668 3656 3715; x_wconf 87' lang='grc' dir='ltr'><strong>ιι</strong></span> <span class='ocrx_word' id='word_1_622' title='bbox 3688 3662 3883 3720; x_wconf 78' lang='lat' dir='ltr'><strong>venisti</strong></span> 
     </span>
    </p>
   </div>
   <div class='ocr_carea' id='block_1_82' title="bbox 2313 3738 3882 3819">
    <p class='ocr_par' dir='ltr' id='par_1_82' title="bbox 2313 3738 3882 3819">
     <span class='ocr_line' id='line_1_82' title="bbox 2313 3738 3882 3819; baseline 0.011 -27"><span class='ocrx_word' id='word_1_623' title='bbox 2313 3738 3882 3819; x_wconf 69' lang='lat' dir='ltr'><strong>admetantusadtaiaa,rexadpraeurserem,eo-</strong></span> 
     </span>
    </p>
   </div>
   <div class='ocr_carea' id='block_1_83' title="bbox 2314 3829 3882 3900">
    <p class='ocr_par' dir='ltr' id='par_1_83' title="bbox 2314 3829 3882 3900">
     <span class='ocr_line' id='line_1_83' title="bbox 2314 3829 3882 3900; baseline 0.011 -17"><span class='ocrx_word' id='word_1_624' title='bbox 2314 3829 2498 3886; x_wconf 84' lang='lat' dir='ltr'><strong>minus</strong></span> <span class='ocrx_word' id='word_1_625' title='bbox 2527 3831 2596 3885; x_wconf 86' lang='lat' dir='ltr'><strong>ad</strong></span> <span class='ocrx_word' id='word_1_626' title='bbox 2633 3845 2870 3890; x_wconf 83' lang='lat' dir='ltr'><strong>servum.</strong></span> <span class='ocrx_word' id='word_1_627' title='bbox 2902 3834 3011 3892; x_wconf 82' lang='lat' dir='ltr'><strong>Sed</strong></span> <span class='ocrx_word' id='word_1_628' title='bbox 3051 3836 3181 3893; x_wconf 81' lang='lat' dir='ltr'><strong>licet</strong></span> <span class='ocrx_word' id='word_1_629' title='bbox 3215 3847 3274 3892; x_wconf 87' lang='grc' dir='ltr'><strong>ιι</strong></span> <span class='ocrx_word' id='word_1_630' title='bbox 3303 3838 3360 3894; x_wconf 85' lang='lat' dir='ltr'><strong>in</strong></span> <span class='ocrx_word' id='word_1_631' title='bbox 3389 3839 3706 3898; x_wconf 65' lang='lat' dir='ltr'><strong>humilibus</strong></span> <span class='ocrx_word' id='word_1_632' title='bbox 3733 3857 3882 3900; x_wconf 72' lang='lat' dir='ltr'><strong>men-</strong></span> 
     </span>
    </p>
   </div>
   <div class='ocr_carea' id='block_1_84' title="bbox 2312 3918 3886 4003">
    <p class='ocr_par' dir='ltr' id='par_1_84' title="bbox 2312 3918 3886 4003">
     <span class='ocr_line' id='line_1_84' title="bbox 2312 3918 3886 4003; baseline 0.012 -29"><span class='ocrx_word' id='word_1_633' title='bbox 2312 3918 2459 3975; x_wconf 87' lang='lat' dir='ltr'><strong>suris</strong></span> <span class='ocrx_word' id='word_1_634' title='bbox 2490 3919 2745 3978; x_wconf 76' lang='lat' dir='ltr'><strong>humanis</strong></span> <span class='ocrx_word' id='word_1_635' title='bbox 2767 3921 2908 3981; x_wconf 63' lang='lat' dir='ltr'><strong>eiei</strong></span> <span class='ocrx_word' id='word_1_636' title='bbox 2934 3939 3045 3982; x_wconf 83' lang='lat' dir='ltr'><strong>non</strong></span> <span class='ocrx_word' id='word_1_637' title='bbox 3071 3927 3366 3998; x_wconf 84' lang='lat' dir='ltr'><strong>erubuisti,</strong></span> <span class='ocrx_word' id='word_1_638' title='bbox 3391 3945 3494 4003; x_wconf 76' lang='lat' dir='ltr'><strong>ego</strong></span> <span class='ocrx_word' id='word_1_639' title='bbox 3516 3941 3702 3990; x_wconf 78' lang='lat' dir='ltr'><strong>tamen</strong></span> <span class='ocrx_word' id='word_1_640' title='bbox 3729 3947 3886 3991; x_wconf 68' lang='grc' dir='ltr'>ιι.-</span> 
     </span>
    </p>
   </div>
   <div class='ocr_carea' id='block_1_85' title="bbox 2313 4019 3881 4098">
    <p class='ocr_par' dir='ltr' id='par_1_85' title="bbox 2313 4019 3881 4098">
     <span class='ocr_line' id='line_1_85' title="bbox 2313 4019 3881 4098; baseline 0.013 -36"><span class='ocrx_word' id='word_1_641' title='bbox 2313 4023 2498 4063; x_wconf 88' lang='lat' dir='ltr'><strong>suram</strong></span> <span class='ocrx_word' id='word_1_642' title='bbox 2536 4019 2744 4068; x_wconf 66' lang='lat' dir='ltr'><strong>natura</strong></span> <span class='ocrx_word' id='word_1_643' title='bbox 2771 4028 2910 4071; x_wconf 71' lang='lat' dir='ltr'><strong>utea:</strong></span> <span class='ocrx_word' id='word_1_644' title='bbox 2938 4019 3242 4086; x_wconf 76' lang='lat' dir='ltr'><strong>transgredi</strong></span> <span class='ocrx_word' id='word_1_645' title='bbox 3268 4021 3658 4092; x_wconf 56' lang='lat' dir='ltr'><strong>nequeoﬁcm</strong></span> <span class='ocrx_word' id='word_1_646' title='bbox 3676 4034 3881 4098; x_wconf 74' lang='lat' dir='ltr'><strong>qua-ta</strong></span> 
     </span>
    </p>
   </div>
   <div class='ocr_carea' id='block_1_86' title="bbox 2311 4101 3880 4187">
    <p class='ocr_par' dir='ltr' id='par_1_86' title="bbox 2311 4101 3880 4187">
     <span class='ocr_line' id='line_1_86' title="bbox 2311 4101 3880 4187; baseline 0.012 -32"><span class='ocrx_word' id='word_1_647' title='bbox 2311 4101 2384 4156; x_wconf 86' lang='lat' dir='ltr'><strong>sit</strong></span> <span class='ocrx_word' id='word_1_648' title='bbox 2411 4103 2711 4162; x_wconf 64' lang='lat' dir='ltr'><strong>diuerentia</strong></span> <span class='ocrx_word' id='word_1_649' title='bbox 2738 4107 2981 4178; x_wconf 84' lang='lat' dir='ltr'><strong>pulveris</strong></span> <span class='ocrx_word' id='word_1_650' title='bbox 3002 4119 3060 4167; x_wconf 88' lang='lat' dir='ltr'><strong>et</strong></span> <span class='ocrx_word' id='word_1_651' title='bbox 3079 4111 3304 4170; x_wconf 75' lang='lat' dir='ltr'><strong>factoris</strong></span> <span class='ocrx_word' id='word_1_652' title='bbox 3323 4131 3343 4170; x_wconf 88' lang='lat'><strong>:</strong></span> <span class='ocrx_word' id='word_1_653' title='bbox 3371 4115 3490 4172; x_wconf 82' lang='lat' dir='ltr'><strong>scio</strong></span> <span class='ocrx_word' id='word_1_654' title='bbox 3526 4127 3735 4187; x_wconf 79' lang='lat' dir='ltr'><strong>quanta</strong></span> <span class='ocrx_word' id='word_1_655' title='bbox 3766 4132 3880 4173; x_wconf 71' lang='lat' dir='ltr'><strong>Ie-</strong></span> 
     </span>
    </p>
   </div>
   <div class='ocr_carea' id='block_1_87' title="bbox 2310 4193 3882 4273">
    <p class='ocr_par' dir='ltr' id='par_1_87' title="bbox 2310 4193 3882 4273">
     <span class='ocr_line' id='line_1_87' title="bbox 2310 4193 3882 4273; baseline 0.012 -26"><span class='ocrx_word' id='word_1_656' title='bbox 2310 4193 2528 4250; x_wconf 87' lang='lat' dir='ltr'><strong>lioratio</strong></span> <span class='ocrx_word' id='word_1_657' title='bbox 2555 4193 2638 4253; x_wconf 69' lang='lat' dir='ltr'><strong>sit&#39;</strong></span> <span class='ocrx_word' id='word_1_658' title='bbox 2671 4200 2804 4257; x_wconf 85' lang='lat' dir='ltr'><strong>solis</strong></span> <span class='ocrx_word' id='word_1_659' title='bbox 2836 4210 2895 4257; x_wconf 84' lang='lat' dir='ltr'><strong>et</strong></span> <span class='ocrx_word' id='word_1_660' title='bbox 2932 4202 3180 4273; x_wconf 70' lang='lat' dir='ltr'><strong>iustitia.</strong></span> <span class='ocrx_word' id='word_1_661' title='bbox 3224 4203 3382 4262; x_wconf 73' lang='lat' dir='ltr'><strong>Licet</strong></span> <span class='ocrx_word' id='word_1_662' title='bbox 3424 4208 3700 4263; x_wconf 80' lang='lat' dir='ltr'><strong>mundani</strong></span> <span class='ocrx_word' id='word_1_663' title='bbox 3736 4209 3882 4266; x_wconf 76' lang='lat' dir='ltr'><strong>nube</strong></span> 
     </span>
    </p>
   </div>
   <div class='ocr_carea' id='block_1_88' title="bbox 2309 4282 3875 4367">
    <p class='ocr_par' dir='ltr' id='par_1_88' title="bbox 2309 4282 3875 4367">
     <span class='ocr_line' id='line_1_88' title="bbox 2309 4282 3875 4367; baseline 0.013 -29"><span class='ocrx_word' id='word_1_664' title='bbox 2309 4287 2554 4353; x_wconf 85' lang='lat' dir='ltr'><strong>corporis</strong></span> <span class='ocrx_word' id='word_1_665' title='bbox 2598 4289 2833 4363; x_wconf 80' lang='lat' dir='ltr'><strong>amictus</strong></span> <span class='ocrx_word' id='word_1_666' title='bbox 2887 4291 2995 4358; x_wconf 88' lang='lat' dir='ltr'><strong>sis,</strong></span> <span class='ocrx_word' id='word_1_667' title='bbox 3054 4282 3300 4367; x_wconf 71' lang='lat' dir='ltr'><strong>intelligo</strong></span> <span class='ocrx_word' id='word_1_668' title='bbox 3341 4307 3500 4354; x_wconf 80' lang='lat' dir='ltr'><strong>tum</strong></span> <span class='ocrx_word' id='word_1_669' title='bbox 3549 4298 3875 4367; x_wconf 67' lang='lat' dir='ltr'><strong>domini-II,</strong></span> 
     </span>
    </p>
   </div>
   <div class='ocr_carea' id='block_1_89' title="bbox 2310 4375 3880 4459">
    <p class='ocr_par' dir='ltr' id='par_1_89' title="bbox 2310 4375 3880 4459">
     <span class='ocr_line' id='line_1_89' title="bbox 2310 4375 3880 4459; baseline 0.01 -29"><span class='ocrx_word' id='word_1_670' title='bbox 2310 4375 2572 4432; x_wconf 75' lang='lat' dir='ltr'><strong>conﬁteor</strong></span> <span class='ocrx_word' id='word_1_671' title='bbox 2596 4387 2774 4432; x_wconf 85' lang='lat' dir='ltr'><strong>meam</strong></span> <span class='ocrx_word' id='word_1_672' title='bbox 2811 4379 3152 4450; x_wconf 75' lang='lat' dir='ltr'><strong>servitutem,</strong></span> <span class='ocrx_word' id='word_1_673' title='bbox 3189 4386 3428 4455; x_wconf 72' lang='lat' dir='ltr'><strong>praedico</strong></span> <span class='ocrx_word' id='word_1_674' title='bbox 3459 4401 3643 4444; x_wconf 72' lang='lat' dir='ltr'><strong>mean</strong></span> <span class='ocrx_word' id='word_1_675' title='bbox 3666 4389 3880 4459; x_wconf 73' lang='lat' dir='ltr'><strong>exigui-</strong></span> 
     </span>
    </p>
   </div>
   <div class='ocr_carea' id='block_1_90' title="bbox 652 4438 3879 4552">
    <p class='ocr_par' dir='ltr' id='par_1_90' title="bbox 652 4438 3879 4552">
     <span class='ocr_line' id='line_1_90' title="bbox 652 4438 3879 4552; baseline 0.015 -57"><span class='ocrx_word' id='word_1_676' title='bbox 652 4438 817 4496; x_wconf 84' lang='lat' dir='ltr'><strong>tionis</strong></span> <span class='ocrx_word' id='word_1_677' title='bbox 838 4444 880 4552; x_wconf 49' lang='grc' dir='ltr'><strong>’ξ’</strong></span> <span class='ocrx_word' id='word_1_678' title='bbox 898 4441 1174 4545; x_wconf 74' lang='lat' dir='ltr'><strong>Nunquid,</strong></span> <span class='ocrx_word' id='word_1_679' title='bbox 1204 4448 1458 4513; x_wconf 82' lang='lat' dir='ltr'><strong>quoniam</strong></span> <span class='ocrx_word' id='word_1_680' title='bbox 1488 4467 1662 4508; x_wconf 89' lang='lat' dir='ltr'><strong>meam</strong></span> <span class='ocrx_word' id='word_1_681' title='bbox 1694 4458 1751 4510; x_wconf 87' lang='lat' dir='ltr'><strong>in</strong></span> <span class='ocrx_word' id='word_1_682' title='bbox 1803 4463 1857 4512; x_wconf 88' lang='lat' dir='ltr'><strong>te</strong></span> <span class='ocrx_word' id='word_1_683' title='bbox 1887 4473 2051 4514; x_wconf 90' lang='lat' dir='ltr'><strong>cerno</strong></span> <span class='ocrx_word' id='word_1_684' title='bbox 2097 4460 2208 4516; x_wconf 78' lang='lat' dir='ltr'><strong>for-</strong></span> <span class='ocrx_word' id='word_1_685' title='bbox 2239 4449 2282 4503; x_wconf 74' lang='grc' dir='ltr'><strong>Ι)</strong></span> <span class='ocrx_word' id='word_1_686' title='bbox 2311 4473 2497 4520; x_wconf 88' lang='lat' dir='ltr'><strong>tatem.</strong></span> <span class='ocrx_word' id='word_1_687' title='bbox 2540 4465 2659 4521; x_wconf 77' lang='lat' dir='ltr'><strong>Non</strong></span> <span class='ocrx_word' id='word_1_688' title='bbox 2685 4482 2812 4524; x_wconf 88' lang='lat' dir='ltr'><strong>sum</strong></span> <span class='ocrx_word' id='word_1_689' title='bbox 2841 4470 3039 4544; x_wconf 86' lang='lat' dir='ltr'><strong>dignus</strong></span> <span class='ocrx_word' id='word_1_690' title='bbox 3059 4438 3063 4439; x_wconf 10' lang='grc' dir='ltr'><em>ν</em></span> 
     </span>
    </p>
   </div>
   <div class='ocr_carea' id='block_1_91' title="bbox 653 4532 2211 4618">
    <p class='ocr_par' dir='ltr' id='par_1_91' title="bbox 653 4532 2211 4618">
     <span class='ocr_line' id='line_1_91' title="bbox 653 4532 2211 4618; baseline 0.014 -32"><span class='ocrx_word' id='word_1_691' title='bbox 653 4547 818 4596; x_wconf 83' lang='lat' dir='ltr'><strong>mam,</strong></span> <span class='ocrx_word' id='word_1_692' title='bbox 848 4532 1093 4603; x_wconf 84' lang='lat' dir='ltr'><strong>despicio</strong></span> <span class='ocrx_word' id='word_1_693' title='bbox 1117 4542 1266 4590; x_wconf 79' lang='lat' dir='ltr'><strong>tuam</strong></span> <span class='ocrx_word' id='word_1_694' title='bbox 1294 4541 1648 4598; x_wconf 83' lang='lat' dir='ltr'><strong>substantiam</strong></span> <span class='ocrx_word' id='word_1_695' title='bbox 1678 4545 1939 4613; x_wconf 86' lang='lat' dir='ltr'><strong>divinam,</strong></span> <span class='ocrx_word' id='word_1_696' title='bbox 1972 4565 2094 4618; x_wconf 70' lang='lat' dir='ltr'><strong>quae</strong></span> <span class='ocrx_word' id='word_1_697' title='bbox 2124 4562 2211 4608; x_wconf 89' lang='lat' dir='ltr'><strong>est</strong></span> 
     </span>
    </p>
   </div>
   <div class='ocr_carea' id='block_1_92' title="bbox 653 4622 2206 4710">
    <p class='ocr_par' dir='ltr' id='par_1_92' title="bbox 653 4622 2206 4710">
     <span class='ocr_line' id='line_1_92' title="bbox 653 4622 2206 4710; baseline 0.016 -35"><span class='ocrx_word' id='word_1_698' title='bbox 653 4622 936 4680; x_wconf 84' lang='lat' dir='ltr'><strong>invisibilis</strong></span> <span class='ocrx_word' id='word_1_699' title='bbox 970 4635 1132 4694; x_wconf 89' lang='lat' dir='ltr'><strong>atque</strong></span> <span class='ocrx_word' id='word_1_700' title='bbox 1156 4625 1751 4696; x_wconf 76' lang='lat' dir='ltr'><strong>incomprehensibilis?</strong></span> <span class='ocrx_word' id='word_1_701' title='bbox 1779 4635 1927 4705; x_wconf 85' lang='lat' dir='ltr'><strong>Scio,</strong></span> <span class='ocrx_word' id='word_1_702' title='bbox 1956 4637 2206 4710; x_wconf 84' lang='lat' dir='ltr'><strong>Domine,</strong></span> 
     </span>
    </p>
   </div>
   <div class='ocr_carea' id='block_1_93' title="bbox 650 4715 2206 4799">
    <p class='ocr_par' dir='ltr' id='par_1_93' title="bbox 650 4715 2206 4799">
     <span class='ocr_line' id='line_1_93' title="bbox 650 4715 2206 4799; baseline 0.016 -34"><span class='ocrx_word' id='word_1_703' title='bbox 650 4723 704 4765; x_wconf 85' lang='lat' dir='ltr'><strong>et</strong></span> <span class='ocrx_word' id='word_1_704' title='bbox 737 4715 841 4768; x_wconf 85' lang='lat' dir='ltr'><strong>scis</strong></span> <span class='ocrx_word' id='word_1_705' title='bbox 870 4717 1124 4784; x_wconf 88' lang='lat' dir='ltr'><strong>quoniam</strong></span> <span class='ocrx_word' id='word_1_706' title='bbox 1157 4717 1274 4772; x_wconf 86' lang='lat' dir='ltr'><strong>scio</strong></span> <span class='ocrx_word' id='word_1_707' title='bbox 1302 4725 1353 4770; x_wconf 91' lang='lat' dir='ltr'><strong>te</strong></span> <span class='ocrx_word' id='word_1_708' title='bbox 1380 4734 1395 4770; x_wconf 90' lang='lat'><strong>:</strong></span> <span class='ocrx_word' id='word_1_709' title='bbox 1431 4721 1545 4776; x_wconf 85' lang='lat' dir='ltr'><strong>scio</strong></span> <span class='ocrx_word' id='word_1_710' title='bbox 1570 4732 1620 4778; x_wconf 89' lang='lat' dir='ltr'><strong>te</strong></span> <span class='ocrx_word' id='word_1_711' title='bbox 1653 4726 1972 4799; x_wconf 86' lang='lat' dir='ltr'><strong>diligenter:</strong></span> <span class='ocrx_word' id='word_1_712' title='bbox 2000 4733 2116 4788; x_wconf 82' lang='lat' dir='ltr'><strong>scio</strong></span> <span class='ocrx_word' id='word_1_713' title='bbox 2132 4743 2206 4799; x_wconf 84' lang='lat' dir='ltr'><strong>te,</strong></span> 
     </span>
    </p>
   </div>
   <div class='ocr_carea' id='block_1_94' title="bbox 651 4802 2210 4894">
    <p class='ocr_par' dir='ltr' id='par_1_94' title="bbox 651 4802 2210 4894">
     <span class='ocr_line' id='line_1_94' title="bbox 651 4802 2210 4894; baseline 0.017 -41"><span class='ocrx_word' id='word_1_714' title='bbox 651 4802 896 4872; x_wconf 74' lang='lat' dir='ltr'><strong>nomine,</strong></span> <span class='ocrx_word' id='word_1_715' title='bbox 929 4822 960 4861; x_wconf 87' lang='lat' dir='ltr'><strong>a</strong></span> <span class='ocrx_word' id='word_1_716' title='bbox 990 4817 1044 4862; x_wconf 87' lang='lat' dir='ltr'><strong>te</strong></span> <span class='ocrx_word' id='word_1_717' title='bbox 1077 4809 1302 4862; x_wconf 89' lang='lat' dir='ltr'><strong>edoctus</strong></span> <span class='ocrx_word' id='word_1_718' title='bbox 1329 4825 1344 4875; x_wconf 93' lang='lat'><strong>;</strong></span> <span class='ocrx_word' id='word_1_719' title='bbox 1395 4807 1574 4866; x_wconf 82' lang='lat' dir='ltr'><strong>nullus</strong></span> <span class='ocrx_word' id='word_1_720' title='bbox 1613 4812 1782 4874; x_wconf 67' lang='lat' dir='ltr'><strong>enim&#39;</strong></span> <span class='ocrx_word' id='word_1_721' title='bbox 1806 4827 1859 4874; x_wconf 86' lang='lat' dir='ltr'><strong>te</strong></span> <span class='ocrx_word' id='word_1_722' title='bbox 1908 4820 2210 4894; x_wconf 84' lang='lat' dir='ltr'><strong>intelligere</strong></span> 
     </span>
    </p>
   </div>
   <div class='ocr_carea' id='block_1_95' title="bbox 652 4893 2208 4976">
    <p class='ocr_par' dir='ltr' id='par_1_95' title="bbox 652 4893 2208 4976">
     <span class='ocr_line' id='line_1_95' title="bbox 652 4893 2208 4976; baseline 0.016 -35"><span class='ocrx_word' id='word_1_723' title='bbox 652 4899 881 4957; x_wconf 83' lang='lat' dir='ltr'><strong>poterat,</strong></span> <span class='ocrx_word' id='word_1_724' title='bbox 918 4893 1022 4949; x_wconf 83' lang='lat' dir='ltr'><strong>nisi</strong></span> <span class='ocrx_word' id='word_1_725' title='bbox 1061 4895 1372 4964; x_wconf 82' lang='lat' dir='ltr'><strong>perfruatur</strong></span> <span class='ocrx_word' id='word_1_726' title='bbox 1400 4910 1586 4952; x_wconf 85' lang='lat' dir='ltr'><strong>amore</strong></span> <span class='ocrx_word' id='word_1_727' title='bbox 1616 4901 1718 4957; x_wconf 70' lang='lat' dir='ltr'><strong>tua:</strong></span> <span class='ocrx_word' id='word_1_728' title='bbox 1748 4893 2208 4976; x_wconf 73' lang='lat' dir='ltr'><strong>splendidissima:</strong></span> 
     </span>
    </p>
   </div>
   <div class='ocr_carea' id='block_1_96' title="bbox 650 4980 2212 5061">
    <p class='ocr_par' dir='ltr' id='par_1_96' title="bbox 650 4980 2212 5061">
     <span class='ocr_line' id='line_1_96' title="bbox 650 4980 2212 5061; baseline 0.016 -26"><span class='ocrx_word' id='word_1_729' title='bbox 650 4980 952 5037; x_wconf 77' lang='lat' dir='ltr'><strong>enaritatis.</strong></span> <span class='ocrx_word' id='word_1_730' title='bbox 994 4984 1121 5041; x_wconf 87' lang='lat' dir='ltr'><strong>Scio</strong></span> <span class='ocrx_word' id='word_1_731' title='bbox 1159 4997 1231 5054; x_wconf 83' lang='lat' dir='ltr'><strong>te,</strong></span> <span class='ocrx_word' id='word_1_732' title='bbox 1279 4987 1527 5051; x_wconf 86' lang='lat' dir='ltr'><strong>Domine,</strong></span> <span class='ocrx_word' id='word_1_733' title='bbox 1575 5002 1747 5061; x_wconf 81' lang='lat' dir='ltr'><strong>bene;</strong></span> <span class='ocrx_word' id='word_1_734' title='bbox 1801 5000 1910 5054; x_wconf 82' lang='lat' dir='ltr'><strong>vidi</strong></span> <span class='ocrx_word' id='word_1_735' title='bbox 1958 5002 2104 5056; x_wconf 84' lang='lat' dir='ltr'><strong>enim</strong></span> <span class='ocrx_word' id='word_1_736' title='bbox 2154 5011 2212 5061; x_wconf 83' lang='lat' dir='ltr'><strong>te</strong></span> 
     </span>
    </p>
   </div>
   <div class='ocr_carea' id='block_1_97' title="bbox 651 5071 2206 5150">
    <p class='ocr_par' dir='ltr' id='par_1_97' title="bbox 651 5071 2206 5150">
     <span class='ocr_line' id='line_1_97' title="bbox 651 5071 2206 5150; baseline 0.019 -28"><span class='ocrx_word' id='word_1_737' title='bbox 651 5071 963 5138; x_wconf 85' lang='lat' dir='ltr'><strong>spiritaliter</strong></span> <span class='ocrx_word' id='word_1_738' title='bbox 1006 5076 1156 5145; x_wconf 87' lang='lat' dir='ltr'><strong>prius</strong></span> <span class='ocrx_word' id='word_1_739' title='bbox 1197 5096 1360 5149; x_wconf 87' lang='lat' dir='ltr'><strong>quam</strong></span> <span class='ocrx_word' id='word_1_740' title='bbox 1410 5080 1665 5136; x_wconf 83' lang='lat' dir='ltr'><strong>vidissem</strong></span> <span class='ocrx_word' id='word_1_741' title='bbox 1719 5086 1824 5143; x_wconf 81' lang='lat' dir='ltr'><strong>huc</strong></span> <span class='ocrx_word' id='word_1_742' title='bbox 1865 5091 2067 5149; x_wconf 86' lang='lat' dir='ltr'><strong>lumen.</strong></span> <span class='ocrx_word' id='word_1_743' title='bbox 2122 5094 2206 5150; x_wconf 80' lang='lat' dir='ltr'><strong>Tu</strong></span> 
     </span>
    </p>
   </div>
   <div class='ocr_carea' id='block_1_98' title="bbox 649 5162 2204 5248">
    <p class='ocr_par' dir='ltr' id='par_1_98' title="bbox 649 5162 2204 5248">
     <span class='ocr_line' id='line_1_98' title="bbox 649 5162 2204 5248; baseline 0.019 -37"><span class='ocrx_word' id='word_1_744' title='bbox 649 5162 867 5230; x_wconf 83' lang='lat' dir='ltr'><strong>quidem</strong></span> <span class='ocrx_word' id='word_1_745' title='bbox 898 5167 1167 5226; x_wconf 80' lang='lat' dir='ltr'><strong>exsistens</strong></span> <span class='ocrx_word' id='word_1_746' title='bbox 1195 5172 1248 5226; x_wconf 84' lang='lat' dir='ltr'><strong>in</strong></span> <span class='ocrx_word' id='word_1_747' title='bbox 1279 5174 1615 5243; x_wconf 81' lang='lat' dir='ltr'><strong>ineorporeis</strong></span> <span class='ocrx_word' id='word_1_748' title='bbox 1645 5174 1858 5234; x_wconf 75' lang='lat' dir='ltr'><strong>sinibus</strong></span> <span class='ocrx_word' id='word_1_749' title='bbox 1900 5181 2094 5248; x_wconf 79' lang='lat' dir='ltr'><strong>Patris,</strong></span> <span class='ocrx_word' id='word_1_750' title='bbox 2149 5187 2204 5240; x_wconf 90' lang='lat' dir='ltr'><strong>in</strong></span> 
     </span>
    </p>
   </div>
   <div class='ocr_carea' id='block_1_99' title="bbox 650 5253 2198 5333">
    <p class='ocr_par' dir='ltr' id='par_1_99' title="bbox 650 5253 2198 5333">
     <span class='ocr_line' id='line_1_99' title="bbox 650 5253 2198 5333; baseline 0.016 -28"><span class='ocrx_word' id='word_1_751' title='bbox 650 5253 797 5307; x_wconf 79' lang='lat' dir='ltr'><strong>illius</strong></span> <span class='ocrx_word' id='word_1_752' title='bbox 825 5262 925 5310; x_wconf 79' lang='lat' dir='ltr'><strong>tua:</strong></span> <span class='ocrx_word' id='word_1_753' title='bbox 951 5258 1155 5313; x_wconf 67' lang='lat' dir='ltr'><strong>ancilla:</strong></span> <span class='ocrx_word' id='word_1_754' title='bbox 1197 5273 1250 5316; x_wconf 91' lang='lat' dir='ltr'><strong>et</strong></span> <span class='ocrx_word' id='word_1_755' title='bbox 1291 5266 1483 5321; x_wconf 84' lang='lat' dir='ltr'><strong>matris</strong></span> <span class='ocrx_word' id='word_1_756' title='bbox 1511 5273 1666 5319; x_wconf 82' lang='lat' dir='ltr'><strong>utero</strong></span> <span class='ocrx_word' id='word_1_757' title='bbox 1718 5265 1916 5326; x_wconf 90' lang='lat' dir='ltr'><strong>includi</strong></span> <span class='ocrx_word' id='word_1_758' title='bbox 1960 5275 2198 5333; x_wconf 85' lang='lat' dir='ltr'><strong>voluisti.</strong></span> 
     </span>
    </p>
   </div>
   <div class='ocr_carea' id='block_1_100' title="bbox 648 5345 2205 5424">
    <p class='ocr_par' dir='ltr' id='par_1_100' title="bbox 648 5345 2205 5424">
     <span class='ocr_line' id='line_1_100' title="bbox 648 5345 2205 5424; baseline 0.017 -26"><span class='ocrx_word' id='word_1_759' title='bbox 648 5345 762 5416; x_wconf 77' lang='lat' dir='ltr'><strong>Ego</strong></span> <span class='ocrx_word' id='word_1_760' title='bbox 791 5358 968 5404; x_wconf 78' lang='lat' dir='ltr'><strong>autem</strong></span> <span class='ocrx_word' id='word_1_761' title='bbox 1001 5349 1054 5404; x_wconf 87' lang='lat' dir='ltr'><strong>in</strong></span> <span class='ocrx_word' id='word_1_762' title='bbox 1086 5362 1238 5408; x_wconf 87' lang='lat' dir='ltr'><strong>utero</strong></span> <span class='ocrx_word' id='word_1_763' title='bbox 1265 5354 1532 5412; x_wconf 82' lang='lat' dir='ltr'><strong>Elisabeth</strong></span> <span class='ocrx_word' id='word_1_764' title='bbox 1559 5357 1699 5412; x_wconf 90' lang='lat' dir='ltr'><strong>sicut</strong></span> <span class='ocrx_word' id='word_1_765' title='bbox 1731 5356 1784 5411; x_wconf 92' lang='lat' dir='ltr'><strong>in</strong></span> <span class='ocrx_word' id='word_1_766' title='bbox 1808 5373 2024 5418; x_wconf 87' lang='lat' dir='ltr'><strong>carcere</strong></span> <span class='ocrx_word' id='word_1_767' title='bbox 2044 5377 2205 5424; x_wconf 84' lang='lat' dir='ltr'><strong>natu-</strong></span> 
     </span>
    </p>
   </div>
   <div class='ocr_carea' id='block_1_101' title="bbox 2309 4557 3878 4638">
    <p class='ocr_par' dir='ltr' id='par_1_101' title="bbox 2309 4557 3878 4638">
     <span class='ocr_line' id='line_1_101' title="bbox 2309 4557 3878 4638; baseline 0.013 -27"><span class='ocrx_word' id='word_1_768' title='bbox 2309 4557 2474 4612; x_wconf 86' lang='lat' dir='ltr'><strong>menti</strong></span> <span class='ocrx_word' id='word_1_769' title='bbox 2518 4557 2619 4625; x_wconf 80' lang='lat' dir='ltr'><strong>tui,</strong></span> <span class='ocrx_word' id='word_1_770' title='bbox 2666 4566 2726 4615; x_wconf 88' lang='lat' dir='ltr'><strong>et</strong></span> <span class='ocrx_word' id='word_1_771' title='bbox 2760 4557 3037 4631; x_wconf 74' lang='lat' dir='ltr'><strong>quomodo</strong></span> <span class='ocrx_word' id='word_1_772' title='bbox 3069 4567 3380 4638; x_wconf 85' lang='lat' dir='ltr'><strong>contingam</strong></span> <span class='ocrx_word' id='word_1_773' title='bbox 3420 4582 3674 4629; x_wconf 77' lang='lat' dir='ltr'><strong>sanctum</strong></span> <span class='ocrx_word' id='word_1_774' title='bbox 3718 4583 3878 4630; x_wconf 80' lang='grc' dir='ltr'>ιιιιι</span> 
     </span>
    </p>
   </div>
   <div class='ocr_carea' id='block_1_102' title="bbox 2307 4649 3877 4739">
    <p class='ocr_par' dir='ltr' id='par_1_102' title="bbox 2307 4649 3877 4739">
     <span class='ocr_line' id='line_1_102' title="bbox 2307 4649 3877 4739; baseline 0.011 -37"><span class='ocrx_word' id='word_1_775' title='bbox 2307 4658 2468 4719; x_wconf 82' lang='lat' dir='ltr'><strong>caput</strong></span> <span class='ocrx_word' id='word_1_776' title='bbox 2486 4649 2512 4703; x_wconf 67' lang='lat'><strong>2</strong></span> <span class='ocrx_word' id='word_1_777' title='bbox 2557 4653 2832 4721; x_wconf 84' lang='lat' dir='ltr'><strong>quomodo</strong></span> <span class='ocrx_word' id='word_1_778' title='bbox 2861 4657 3146 4714; x_wconf 73' lang='lat' dir='ltr'><strong>extendam</strong></span> <span class='ocrx_word' id='word_1_779' title='bbox 3179 4659 3460 4718; x_wconf 72' lang='lat' dir='ltr'><strong>dexteram</strong></span> <span class='ocrx_word' id='word_1_780' title='bbox 3489 4679 3659 4736; x_wconf 80' lang='lat' dir='ltr'><strong>super</strong></span> <span class='ocrx_word' id='word_1_781' title='bbox 3684 4673 3762 4734; x_wconf 85' lang='lat' dir='ltr'><strong>ta,</strong></span> <span class='ocrx_word' id='word_1_782' title='bbox 3785 4669 3877 4739; x_wconf 82' lang='lat' dir='ltr'><strong>qni</strong></span> 
     </span>
    </p>
   </div>
   <div class='ocr_carea' id='block_1_103' title="bbox 2307 4742 3878 4831">
    <p class='ocr_par' dir='ltr' id='par_1_103' title="bbox 2307 4742 3878 4831">
     <span class='ocr_line' id='line_1_103' title="bbox 2307 4742 3878 4831; baseline 0.015 -37"><span class='ocrx_word' id='word_1_783' title='bbox 2307 4742 2556 4798; x_wconf 78' lang='lat' dir='ltr'><strong>extendis</strong></span> <span class='ocrx_word' id='word_1_784' title='bbox 2581 4745 2780 4818; x_wconf 67' lang='lat' dir='ltr'><strong>corium</strong></span> <span class='ocrx_word' id='word_1_785' title='bbox 2809 4749 2955 4807; x_wconf 82' lang='lat' dir='ltr'><strong>sicut</strong></span> <span class='ocrx_word' id='word_1_786' title='bbox 2992 4753 3185 4822; x_wconf 84' lang='lat' dir='ltr'><strong>pellem</strong></span> <span class='ocrx_word' id='word_1_787' title='bbox 3209 4754 3236 4810; x_wconf 72' lang='grc' dir='ltr'>τ</span> <span class='ocrx_word' id='word_1_788' title='bbox 3264 4759 3543 4828; x_wconf 90' lang='lat' dir='ltr'><strong>quoodo</strong></span> <span class='ocrx_word' id='word_1_789' title='bbox 3567 4761 3878 4831; x_wconf 73' lang='lat' dir='ltr'><strong>capsulam</strong></span> 
     </span>
    </p>
   </div>
   <div class='ocr_carea' id='block_1_104' title="bbox 2309 4833 3877 4922">
    <p class='ocr_par' dir='ltr' id='par_1_104' title="bbox 2309 4833 3877 4922">
     <span class='ocr_line' id='line_1_104' title="bbox 2309 4833 3877 4922; baseline 0.014 -35"><span class='ocrx_word' id='word_1_790' title='bbox 2309 4833 2540 4891; x_wconf 79' lang='lat' dir='ltr'><strong>serviles</strong></span> <span class='ocrx_word' id='word_1_791' title='bbox 2565 4850 2721 4893; x_wconf 83' lang='lat' dir='ltr'><strong>meos</strong></span> <span class='ocrx_word' id='word_1_792' title='bbox 2744 4839 2944 4911; x_wconf 88' lang='lat' dir='ltr'><strong>digitos</strong></span> <span class='ocrx_word' id='word_1_793' title='bbox 2968 4844 3168 4902; x_wconf 77' lang='lat' dir='ltr'><strong>divino</strong></span> <span class='ocrx_word' id='word_1_794' title='bbox 3189 4856 3285 4904; x_wconf 84' lang='lat' dir='ltr'><strong>tuo</strong></span> <span class='ocrx_word' id='word_1_795' title='bbox 3323 4850 3514 4906; x_wconf 82' lang='lat' dir='ltr'><strong>vertici</strong></span> <span class='ocrx_word' id='word_1_796' title='bbox 3533 4852 3561 4906; x_wconf 70' lang='lat'><strong><em>2</em></strong></span> <span class='ocrx_word' id='word_1_797' title='bbox 3599 4853 3877 4922; x_wconf 74' lang='lat' dir='ltr'><strong>quor-edo</strong></span> 
     </span>
    </p>
   </div>
   <div class='ocr_carea' id='block_1_105' title="bbox 2312 4924 3877 5010">
    <p class='ocr_par' dir='ltr' id='par_1_105' title="bbox 2312 4924 3877 5010">
     <span class='ocr_line' id='line_1_105' title="bbox 2312 4924 3877 5010; baseline 0.01 -32"><span class='ocrx_word' id='word_1_798' title='bbox 2312 4924 2484 4979; x_wconf 88' lang='lat' dir='ltr'><strong>lavem</strong></span> <span class='ocrx_word' id='word_1_799' title='bbox 2511 4926 2918 4987; x_wconf 87' lang='lat' dir='ltr'><strong>immaculatum</strong></span> <span class='ocrx_word' id='word_1_800' title='bbox 2937 4940 2995 4988; x_wconf 88' lang='lat' dir='ltr'><strong>et</strong></span> <span class='ocrx_word' id='word_1_801' title='bbox 3010 4935 3132 4990; x_wconf 84' lang='lat' dir='ltr'><strong>sine</strong></span> <span class='ocrx_word' id='word_1_802' title='bbox 3149 4937 3371 5008; x_wconf 80' lang='lat' dir='ltr'><strong>peccato</strong></span> <span class='ocrx_word' id='word_1_803' title='bbox 3387 4938 3719 4995; x_wconf 71' lang='lat' dir='ltr'><strong>Dominum?</strong></span> <span class='ocrx_word' id='word_1_804' title='bbox 3743 4954 3877 5010; x_wconf 75' lang='lat' dir='ltr'><strong>qua-</strong></span> 
     </span>
    </p>
   </div>
   <div class='ocr_carea' id='block_1_106' title="bbox 2311 5013 3875 5093">
    <p class='ocr_par' dir='ltr' id='par_1_106' title="bbox 2311 5013 3875 5093">
     <span class='ocr_line' id='line_1_106' title="bbox 2311 5013 3875 5093; baseline 0.013 -28"><span class='ocrx_word' id='word_1_805' title='bbox 2311 5013 2474 5068; x_wconf 88' lang='lat' dir='ltr'><strong>modo</strong></span> <span class='ocrx_word' id='word_1_806' title='bbox 2505 5013 2805 5075; x_wconf 86' lang='lat' dir='ltr'><strong>illuminem</strong></span> <span class='ocrx_word' id='word_1_807' title='bbox 2836 5019 3066 5076; x_wconf 72' lang='lat' dir='ltr'><strong>lumen?</strong></span> <span class='ocrx_word' id='word_1_808' title='bbox 3089 5023 3309 5093; x_wconf 79' lang='lat' dir='ltr'><strong>qualem</strong></span> <span class='ocrx_word' id='word_1_809' title='bbox 3343 5023 3543 5082; x_wconf 81' lang='lat' dir='ltr'><strong>faciam</strong></span> <span class='ocrx_word' id='word_1_810' title='bbox 3571 5030 3875 5084; x_wconf 60' lang='lat' dir='ltr'><strong>oration.</strong></span> 
     </span>
    </p>
   </div>
   <div class='ocr_carea' id='block_1_107' title="bbox 2309 5109 3876 5191">
    <p class='ocr_par' dir='ltr' id='par_1_107' title="bbox 2309 5109 3876 5191">
     <span class='ocr_line' id='line_1_107' title="bbox 2309 5109 3876 5191; baseline 0.012 -33"><span class='ocrx_word' id='word_1_811' title='bbox 2309 5119 2474 5174; x_wconf 66' lang='lat' dir='ltr'><strong>super</strong></span> <span class='ocrx_word' id='word_1_812' title='bbox 2498 5115 2570 5171; x_wconf 87' lang='lat' dir='ltr'><strong>te,</strong></span> <span class='ocrx_word' id='word_1_813' title='bbox 2591 5109 2686 5180; x_wconf 87' lang='lat' dir='ltr'><strong>qui</strong></span> <span class='ocrx_word' id='word_1_814' title='bbox 2711 5111 2948 5184; x_wconf 87' lang='lat' dir='ltr'><strong>suscipis</strong></span> <span class='ocrx_word' id='word_1_815' title='bbox 2967 5121 3022 5168; x_wconf 89' lang='lat' dir='ltr'><strong>et</strong></span> <span class='ocrx_word' id='word_1_816' title='bbox 3043 5113 3414 5185; x_wconf 84' lang='lat' dir='ltr'><strong>ignorantium</strong></span> <span class='ocrx_word' id='word_1_817' title='bbox 3438 5117 3876 5191; x_wconf 68' lang='lat' dir='ltr'><strong>obsecratio-es!</strong></span> 
     </span>
    </p>
   </div>
   <div class='ocr_carea' id='block_1_108' title="bbox 2311 5195 3874 5282">
    <p class='ocr_par' dir='ltr' id='par_1_108' title="bbox 2311 5195 3874 5282">
     <span class='ocr_line' id='line_1_108' title="bbox 2311 5195 3874 5282; baseline 0.012 -34"><span class='ocrx_word' id='word_1_818' title='bbox 2311 5195 2463 5250; x_wconf 78' lang='lat' dir='ltr'><strong>Alios</strong></span> <span class='ocrx_word' id='word_1_819' title='bbox 2497 5197 2712 5268; x_wconf 81' lang='lat' dir='ltr'><strong>baptizo</strong></span> <span class='ocrx_word' id='word_1_820' title='bbox 2739 5202 2797 5257; x_wconf 89' lang='lat' dir='ltr'><strong>in</strong></span> <span class='ocrx_word' id='word_1_821' title='bbox 2823 5204 3045 5259; x_wconf 83' lang='lat' dir='ltr'><strong>nomine</strong></span> <span class='ocrx_word' id='word_1_822' title='bbox 3070 5211 3188 5271; x_wconf 90' lang='lat' dir='ltr'><strong>tuo,</strong></span> <span class='ocrx_word' id='word_1_823' title='bbox 3222 5213 3283 5261; x_wconf 92' lang='lat' dir='ltr'><strong>ut</strong></span> <span class='ocrx_word' id='word_1_824' title='bbox 3321 5205 3549 5264; x_wconf 86' lang='lat' dir='ltr'><strong>credant</strong></span> <span class='ocrx_word' id='word_1_825' title='bbox 3576 5209 3633 5264; x_wconf 91' lang='lat' dir='ltr'><strong>in</strong></span> <span class='ocrx_word' id='word_1_826' title='bbox 3659 5218 3739 5277; x_wconf 81' lang='lat' dir='ltr'><strong>te,</strong></span> <span class='ocrx_word' id='word_1_827' title='bbox 3781 5207 3874 5282; x_wconf 80' lang='lat' dir='ltr'><strong>qui</strong></span> 
     </span>
    </p>
   </div>
   <div class='ocr_carea' id='block_1_109' title="bbox 2313 5291 3872 5368">
    <p class='ocr_par' dir='ltr' id='par_1_109' title="bbox 2313 5291 3872 5368">
     <span class='ocr_line' id='line_1_109' title="bbox 2313 5291 3872 5368; baseline 0.015 -33"><span class='ocrx_word' id='word_1_828' title='bbox 2313 5295 2432 5354; x_wconf 83' lang='lat' dir='ltr'><strong>post</strong></span> <span class='ocrx_word' id='word_1_829' title='bbox 2464 5302 2550 5342; x_wconf 79' lang='lat' dir='ltr'><strong>inc</strong></span> <span class='ocrx_word' id='word_1_830' title='bbox 2577 5291 2774 5358; x_wconf 85' lang='lat' dir='ltr'><strong>venis;</strong></span> <span class='ocrx_word' id='word_1_831' title='bbox 2806 5303 2861 5349; x_wconf 85' lang='lat' dir='ltr'><strong>te</strong></span> <span class='ocrx_word' id='word_1_832' title='bbox 2889 5294 3203 5366; x_wconf 73' lang='lat' dir='ltr'><strong>baptizaus,</strong></span> <span class='ocrx_word' id='word_1_833' title='bbox 3237 5297 3395 5368; x_wconf 75' lang='lat' dir='ltr'><strong>cuius</strong></span> <span class='ocrx_word' id='word_1_834' title='bbox 3421 5314 3638 5354; x_wconf 78' lang='lat' dir='ltr'><strong>memor</strong></span> <span class='ocrx_word' id='word_1_835' title='bbox 3659 5315 3782 5367; x_wconf 84' lang='lat' dir='ltr'><strong>ero,</strong></span> <span class='ocrx_word' id='word_1_836' title='bbox 3818 5303 3872 5358; x_wconf 86' lang='lat' dir='ltr'><strong>ia</strong></span> 
     </span>
    </p>
   </div>
   <div class='ocr_carea' id='block_1_110' title="bbox 2310 5374 3871 5456">
    <p class='ocr_par' dir='ltr' id='par_1_110' title="bbox 2310 5374 3871 5456">
     <span class='ocr_line' id='line_1_110' title="bbox 2310 5374 3871 5456; baseline 0.017 -29"><span class='ocrx_word' id='word_1_837' title='bbox 2310 5374 2468 5443; x_wconf 71' lang='lat' dir='ltr'><strong>cuius</strong></span> <span class='ocrx_word' id='word_1_838' title='bbox 2495 5379 2714 5436; x_wconf 90' lang='lat' dir='ltr'><strong>nomine</strong></span> <span class='ocrx_word' id='word_1_839' title='bbox 2741 5392 2794 5438; x_wconf 87' lang='lat' dir='ltr'><strong>te</strong></span> <span class='ocrx_word' id='word_1_840' title='bbox 2825 5385 3138 5456; x_wconf 71' lang='lat' dir='ltr'><strong>baptizem?</strong></span> <span class='ocrx_word' id='word_1_841' title='bbox 3182 5387 3245 5446; x_wconf 86' lang='lat' dir='ltr'><strong>lu</strong></span> <span class='ocrx_word' id='word_1_842' title='bbox 3291 5386 3465 5446; x_wconf 83' lang='lat' dir='ltr'><strong>Patris</strong></span> <span class='ocrx_word' id='word_1_843' title='bbox 3487 5391 3516 5447; x_wconf 70' lang='lat'><strong><em>3</em></strong></span> <span class='ocrx_word' id='word_1_844' title='bbox 3560 5395 3659 5450; x_wconf 81' lang='lat' dir='ltr'><strong>sed</strong></span> <span class='ocrx_word' id='word_1_845' title='bbox 3701 5403 3871 5452; x_wconf 79' lang='grc' dir='ltr'>ισιιιι</span> 
     </span>
    </p>
   </div>
   <div class='ocr_carea' id='block_1_111' title="bbox 717 5461 2209 5569">
    <p class='ocr_par' dir='ltr' id='par_1_111' title="bbox 717 5461 2209 5551">
     <span class='ocr_line' id='line_1_111' title="bbox 717 5461 2209 5551; baseline 0.014 -35"><span class='ocrx_word' id='word_1_846' title='bbox 717 5461 763 5493; x_wconf 72' lang='grc'><strong>³⁸</strong></span> <span class='ocrx_word' id='word_1_847' title='bbox 796 5461 980 5518; x_wconf 78' lang='lat' dir='ltr'><strong>Matth.</strong></span> <span class='ocrx_word' id='word_1_848' title='bbox 1026 5467 1210 5551; x_wconf 76' lang='lat' dir='ltr'><strong>tu,l3.</strong></span> <span class='ocrx_word' id='word_1_849' title='bbox 1285 5470 1327 5502; x_wconf 80' lang='lat'><strong>&quot;</strong></span> <span class='ocrx_word' id='word_1_850' title='bbox 1357 5468 1547 5524; x_wconf 78' lang='lat' dir='ltr'><strong>Matth.</strong></span> <span class='ocrx_word' id='word_1_851' title='bbox 1599 5485 1681 5535; x_wconf 88' lang='lat' dir='ltr'><strong>Ill,</strong></span> <span class='ocrx_word' id='word_1_852' title='bbox 1721 5471 1806 5527; x_wconf 74' lang='grc'><strong>14.</strong></span> <span class='ocrx_word' id='word_1_853' title='bbox 1880 5475 1926 5505; x_wconf 74' lang='grc' dir='ltr'>η</span> <span class='ocrx_word' id='word_1_854' title='bbox 1973 5474 2076 5535; x_wconf 79' lang='lat' dir='ltr'><strong>lsa.</strong></span> <span class='ocrx_word' id='word_1_855' title='bbox 2108 5496 2146 5537; x_wconf 85' lang='grc' dir='ltr'>ι.</span> <span class='ocrx_word' id='word_1_856' title='bbox 2191 5486 2209 5542; x_wconf 80' lang='grc' dir='ltr'>Ξ</span> 
     </span>
    </p>
   </div>
   <div class='ocr_carea' id='block_1_112' title="bbox 2309 5461 3206 5569">
    <p class='ocr_par' dir='ltr' id='par_1_112' title="bbox 2326 5488 3206 5569">
     <span class='ocr_line' id='line_1_112' title="bbox 2326 5488 3206 5569; baseline 0.02 -28"><span class='ocrx_word' id='word_1_857' title='bbox 2326 5488 2515 5543; x_wconf 77' lang='lat' dir='ltr'><strong>Matth.</strong></span> <span class='ocrx_word' id='word_1_858' title='bbox 2553 5506 2641 5557; x_wconf 85' lang='lat' dir='ltr'><strong>m,</strong></span> <span class='ocrx_word' id='word_1_859' title='bbox 2672 5493 2726 5548; x_wconf 79' lang='lat'><strong>5.</strong></span> <span class='ocrx_word' id='word_1_860' title='bbox 2801 5499 2850 5533; x_wconf 71' lang='grc' dir='ltr'><strong>ν</strong></span> <span class='ocrx_word' id='word_1_861' title='bbox 2882 5497 3047 5557; x_wconf 75' lang='lat' dir='ltr'><strong>Joan.</strong></span> <span class='ocrx_word' id='word_1_862' title='bbox 3081 5518 3122 5569; x_wconf 88' lang='grc' dir='ltr'>ι,</span> <span class='ocrx_word' id='word_1_863' title='bbox 3149 5501 3206 5559; x_wconf 85' lang='lat'><strong>9.</strong></span> 
     </span>
    </p>
   </div>
   <div class='ocr_carea' id='block_1_113' title="bbox 719 5571 1502 5648">
    <p class='ocr_par' dir='ltr' id='par_1_113' title="bbox 719 5571 1502 5648">
     <span class='ocr_line' id='line_1_113' title="bbox 719 5571 1502 5648; baseline 0.013 -23"><span class='ocrx_word' id='word_1_864' title='bbox 862 5575 1084 5648; x_wconf 64' lang='lat' dir='ltr'><strong>futues</strong></span> <span class='ocrx_word' id='word_1_865' title='bbox 1111 5576 1206 5648; x_wconf 75' lang='lat' dir='ltr'><strong>Gr.</strong></span> <span class='ocrx_word' id='word_1_866' title='bbox 1236 5578 1502 5648; x_wconf 76' lang='grc' dir='ltr'><strong>ἀκριϐῶς.</strong></span> 
     </span>
    </p>
   </div>
   <div class='ocr_carea' id='block_1_114' title="bbox 720 5643 1455 5713">
    <p class='ocr_par' dir='ltr' id='par_1_114' title="bbox 720 5643 1455 5713">
     <span class='ocr_line' id='line_1_114' title="bbox 720 5643 1455 5713; baseline 0.019 -23"><span class='ocrx_word' id='word_1_867' title='bbox 720 5643 838 5708; x_wconf 71' lang='grc' dir='ltr'><strong>(ιῦ)</strong></span> <span class='ocrx_word' id='word_1_868' title='bbox 862 5643 968 5698; x_wconf 79' lang='lat' dir='ltr'><strong>Pro</strong></span> <span class='ocrx_word' id='word_1_869' title='bbox 995 5647 1136 5698; x_wconf 75' lang='lat' dir='ltr'><strong>iit-na</strong></span> <span class='ocrx_word' id='word_1_870' title='bbox 1153 5643 1455 5713; x_wconf 62' lang='lat' dir='ltr'><strong>dipluiiletn.</strong></span> 
     </span>
    </p>
   </div>
   <div class='ocr_carea' id='block_1_115' title="bbox 2375 5597 3131 5667">
    <p class='ocr_par' dir='ltr' id='par_1_115' title="bbox 2375 5597 3131 5667">
     <span class='ocr_line' id='line_1_115' title="bbox 2375 5597 3131 5667; baseline 0.016 -12"><span class='ocrx_word' id='word_1_871' title='bbox 2375 5599 2395 5655; x_wconf 77' lang='lat' dir='ltr'><strong>i</strong></span> <span class='ocrx_word' id='word_1_872' title='bbox 2405 5599 2490 5653; x_wconf 79' lang='lat' dir='ltr'><strong>l7i</strong></span> <span class='ocrx_word' id='word_1_873' title='bbox 2505 5597 2651 5658; x_wconf 80' lang='lat' dir='ltr'><strong>Puto&#39;</strong></span> <span class='ocrx_word' id='word_1_874' title='bbox 2671 5617 2739 5660; x_wconf 78' lang='lat' dir='ltr'><strong>ex</strong></span> <span class='ocrx_word' id='word_1_875' title='bbox 2779 5603 2873 5664; x_wconf 78' lang='lat' dir='ltr'><strong>Gr.</strong></span> <span class='ocrx_word' id='word_1_876' title='bbox 2904 5609 3131 5667; x_wconf 72' lang='grc' dir='ltr'><strong>οῑκεῐον.</strong></span> 
     </span>
    </p>
   </div>
  </div>
