4024 6340
1013 497 1024 508 .
1069 452 1164 512 DE
1204 453 1577 515 BAPTISMO
1601 457 1910 521 CHRISTI
1964 462 2220 527 SERMO
2246 468 2295 528 Ι.

72 552 305 606 Patrem
357 551 410 606 in
455 563 508 609 te
550 551 735 617 habes,
769 563 823 611 et
851 564 1000 614 totus
1027 562 1242 616 cxsistis
1278 563 1349 629 in
1381 563 1562 621 Patre.
1595 565 1650 620 In
1681 578 1720 629 Α
1755 567 2058 639 chislator
2087 592 2234 641 sum,
2261 589 2313 635 et
2359 579 2705 653 Legislatoris
2740 585 2932 652 Filius,
2986 599 3041 644 et
3097 603 3311 663 Oportet

73 639 250 663 mm.
294 643 386 663 --ι
433 661 531 663 ,ης
718 647 750 663 ..
804 662 811 663 ,
966 659 975 663 -
1072 660 1080 663 -
1249 661 1254 663 Α
1368 654 1400 663 ..
1480 655 1577 663 ..-η

70 639 250 696 Filii?
289 643 388 700 sed
432 661 540 701 non
570 655 656 702 cst
683 647 826 702 alius
851 659 1044 718 praeter
1068 660 1123 706 te
1169 654 1436 710 naturalis
1479 655 1652 712 Filius

70 729 199 787 Dei.
237 731 306 789 In
332 734 572 804 Spiritus
596 740 810 793 sancti?
837 740 931 795 sed
955 749 1137 796 tecum
1159 751 1246 798 est
1269 759 1481 814 semper
1507 748 1652 802 sicut

69 825 572 884 consubstantialis
615 843 710 883 seu
745 831 1110 900 omnipotens,
1158 831 1322 889 simul
1369 845 1423 891 et
1473 843 1652 893 tccutn

68 915 319 984 suscipit
361 919 608 973 omnium
636 922 931 976 orationes.
974 920 1192 993 Baptiza
1230 925 1344 994 jam
1380 943 1486 993 me,
1517 930 1566 984 si
1594 938 1652 983 tn

69 1003 178 1070 vis,
214 1005 474 1075 Domine,
502 1010 714 1080 baptiza
746 1012 1328 1085 baptistatn,regenera
1357 1032 1517 1087 quem
1550 1035 1653 1073 na-

67 1095 148 1148 sci
185 1093 400 1162 fecisti,
427 1099 605 1154 exime
634 1101 927 1156 terribilem
959 1113 1106 1158 tuam
1148 1105 1447 1172 dexteram,
1490 1124 1652 1177 quam

69 1197 127 1238 tu
161 1186 392 1243 tibimet
414 1189 708 1258 perfecisti,
738 1203 792 1247 et
819 1209 1020 1249 corona
1045 1197 1241 1265 palmis
1263 1213 1444 1256 meum
1467 1212 1650 1273 caput,

70 1287 130 1331 ut
155 1291 298 1335 ante
329 1289 480 1334 tuum
505 1297 734 1339 currens
762 1300 1012 1355 regnum,
1036 1287 1176 1343 sicut
1196 1304 1501 1358 praecursor
1523 1295 1654 1349 solis

69 1383 123 1426 te
150 1377 530 1447 evangeliaem
558 1381 958 1447 peccatoribus,
988 1382 1232 1439 clamans
1260 1385 1341 1442 eis
1369 1396 1424 1441 ct
1444 1387 1651 1446 dicens:

68 1463 210 1519 Ecce
229 1469 418 1537 Agnus
433 1469 550 1533 Dei,
574 1487 689 1526 ecce
705 1473 962 1542 qui'tollit
990 1487 1203 1542 peccatu
1233 1477 1415 1530 mundi
1433 1478 1500 1533 ³⁸.
1533 1478 1654 1535 Jor-

1754 676 1838 716 me
1861 664 2095 732 primum
2121 672 2368 726 omnium
2399 689 2497 742 per
2520 677 2965 735 constitutionem
3008 682 3210 750 venire,
3256 696 3314 740 ct

1706 792 1709 794 -
1751 762 1881 808 tunc
1937 749 2250 829 praeponere
2301 764 2386 820 eis
2437 782 2580 823 onus
2626 772 2897 845 praecepti.
2952 749 3312 844 Oportetrmc

1749 846 2043 914 adimplere
2073 850 2262 920 legem,
2294 863 2351 909 et
2370 864 2503 912 tunc
2528 858 2733 915 donare
2779 862 3033 931 gratiam.
3089 864 3312 936 Oportet

1751 954 1832 993 me
1869 944 2078 997 umbrae
2107 943 2400 1015 imaginem
2432 949 2713 1019 repellere,
2742 960 2798 1007 ct
2843 965 2970 1009 tunc
2995 953 3190 1013 oderre
3217 974 3312 1014 ve-

1752 1032 1988 1089 ritatem.
2012 1033 2239 1105 Oportet
2275 1052 2361 1092 me
2397 1036 2577 1095 facere
2606 1045 2944 1112 requiescere
2971 1043 3140 1103 Vetus
3201 1048 3314 1105 Te-

1748 1132 2102 1192 stamentum,
2133 1136 2189 1182 et
2223 1136 2352 1186 tunc
2379 1129 2588 1187 Novum
2613 1131 2840 1201 dictare,
2865 1147 2921 1191 et
2951 1138 3005 1193 in
3032 1138 3314 1196 hominum

1751 1215 2010 1271 cordibus
2038 1218 2282 1276 scribere
2306 1220 2471 1275 etiam
2497 1235 2620 1276 meo
2665 1226 2948 1294 sanguine,
3005 1236 3062 1284 et
3099 1229 3317 1300 signare

1754 1303 1980 1374 Spiritu.
2011 1306 2238 1377 Oportet
2261 1325 2352 1364 e
2373 1310 2426 1364 iu
2455 1325 2672 1368 crucem
2705 1318 3020 1384 ascendere,
3057 1328 3114 1374 et
3149 1321 3318 1376 clavis

1750 1395 1969 1466 conﬁgi,
2008 1407 2063 1451 et
2080 1398 2214 1467 pati,
2244 1409 2300 1456 et
2325 1399 2549 1456 vulnera
2595 1417 2814 1467 sanare,
2861 1416 2917 1460 et
2971 1423 3068 1477 per
3109 1409 3315 1479 lignum

1751 1501 1934 1542 emere
1953 1503 2097 1553 eam,
2119 1505 2243 1559 qua:
2276 1505 2374 1560 per
2409 1491 2541 1562 ligni
2583 1499 3078 1564 transgressionem
3137 1500 3317 1556 homi-

65 1558 234 1613 danis
265 1559 468 1617 ﬂuvius
494 1564 760 1620 comitare
797 1581 1035 1631 meeum,
1063 1578 1118 1625 et
1160 1570 1324 1624 simul
1357 1573 1572 1628 exsulta
1602 1585 1658 1629 et
1754 1581 1918 1636 nibus
1942 1580 2082 1636 facta
2110 1558 2215 1649 est,
2239 1558 2476 1654 plagam:
2503 1582 2728 1656 Oportet
2743 1558 2852 1642 ⁷ωε
2888 1590 3217 1648 descendere
3248 1596 3304 1649 in

65 1667 372 1710 commove
423 1658 712 1728 vigilanter
741 1663 1034 1731 vertigines
1061 1665 1517 1733 quemadmodum
1558 1683 1654 1724 es-

67 1745 443 1803 snltationcs:
471 1761 598 1805 tuus
627 1753 770 1806 enim
803 1753 983 1822 opilex
1010 1755 1230 1811 assistct
1262 1757 1360 1811 tibi
1379 1773 1504 1812 cum
1528 1774 1652 1814 cor-

65 1852 225 1907 pore.
277 1839 480 1897 Vidisti
527 1842 689 1898 Israel
721 1860 819 1914 per
866 1854 919 1898 te
964 1854 1333 1904 transeuntem
1369 1861 1424 1904 et
1463 1848 1654 1923 μὶ]τί-

65 1933 296 1988 dentem
344 1944 466 1992 tuas
510 1953 705 2006 aquas,
749 1948 802 1993 et
848 1940 1050 1996 stetisti
1102 1944 1288 2012 populi
1333 1956 1652 2015 exspectans

63 2026 370 2082 transitum
394 2045 409 2082 :
446 2043 593 2082 nunc
625 2037 807 2084 autem
835 2031 1116 2087 eﬂ'nnd‘ere
1146 2032 1378 2089 validius
1400 2045 1462 2090 et
1485 2035 1651 2093 ﬂuere

61 2122 117 2166 et
141 2105 560 2189 circntnsepere
581 2120 950 2177 immaculatis
974 2123 1235 2180 membris
1261 2126 1401 2193 ejus.
1431 2128 1496 2181 Et
1519 2137 1650 2184 tunc

65 2207 342 2266 llebrasus
382 2214 773 2270 translrctavit.
805 2214 1017 2272 Montes
1054 2227 1110 2272 et
1146 2219 1332 2286 colles,
1375 2219 1651 2292 vallesque

61 2311 117 2353 et
144 2310 448 2368 torrentes,
477 2320 629 2362 mare
657 2317 713 2362 et
733 2307 983 2371 numina,
1001 2307 1300 2367 benedicite
1326 2312 1644 2380 Dominum,

60 2392 158 2461 qui
192 2395 450 2449 ascendit
481 2396 706 2453 lluviutn
733 2417 748 2453 :
797 2400 916 2470 ipse
941 2403 1088 2455 enim
1133 2400 1309 2461 llerns
1338 2404 1517 2460 laticis
1547 2421 1644 2461 su-

59 2489 343 2555 permittit
372 2491 716 2547 sanctitatem
749 2491 838 2548 bis
867 2494 1046 2563 aquis.

129 2579 188 2635 3.
232 2578 574 2648 Respondeas
609 2582 766 2637 Jesns
796 2583 936 2636 dixit
965 2584 1037 2639 ad
1080 2599 1199 2639 eum
1224 2601 1246 2639 :
1293 2585 1422 2642 Sine
1467 2591 1643 2659 modo,

56 2671 138 2724 sic
173 2673 328 2725 enim
371 2684 571 2738 oportet
609 2678 707 2729 nos
754 2675 971 2743 implere
1016 2693 1220 2731 omnem
1265 2679 1541 2749 justitiam
1575 2683 1640 2739 ³⁸.
1677 2678 1682 2683 ’

59 2762 198 2815 Sino
233 2763 444 2828 modo;
484 2764 744 2831 cncede,
781 2764 1045 2836 Baptista,
1081 2771 1340 2837 temporis
1364 2787 1500 2828 mem
1527 2773 1638 2828 dis-

59 2852 410 2920 pensationis
435 2853 736 2910 silentium.
765 2857 924 2912 Disce
949 2857 1004 2912 id
1027 2860 1175 2927 quod
1198 2875 1300 2930 ego
1320 2861 1463 2927 volo,
1489 2863 1640 2920 disce

55 2943 446 3012 obtemperare
470 2946 538 3000 ad
563 2961 627 3000 ea
651 2962 773 3018 qua:
795 2962 976 3019 cogor,
1004 2958 1059 3005 et
1084 2965 1190 3004 non
1219 2949 1492 3022 inquirere
1518 2969 1643 3023 qua:

54 3046 157 3102 ego
201 3034 414 3104 cogito.
468 3034 599 3092 Sine
646 3038 834 3105 modo,
879 3041 1119 3094 nondum
1155 3057 1332 3098 meam
1378 3046 1640 3114 prmdices

57 3122 359 3187 Deitatem,
394 3126 635 3181 nondum
664 3127 920 3184 decantes
954 3129 1114 3185 labiis
1151 3147 1335 3187 meum
1384 3150 1636 3206 regulus,

1753 1671 1934 1740 ipsum
1971 1671 2298 1742 profundum
2329 1675 2552 1744 inferni,
2584 1677 2676 1733 ubi
2714 1685 2772 1733 tu
2801 1679 2965 1736 debes
2993 1697 3078 1736 me
3103 1698 3320 1740 annun-

1752 1763 1889 1819 tiare
1903 1772 2126 1835 propter
2147 1778 2244 1821 eos
2269 1766 2358 1836 qui
2383 1767 2584 1825 ibidem
2615 1778 2864 1827 tenentur
2893 1777 3118 1830 mortui-
3143 1778 3321 1848 Opor-

1753 1862 1830 1908 tet
1853 1868 1942 1908 me
1995 1856 2160 1912 tertia
2185 1857 2275 1912 die
2297 1857 2650 1916 defunctione
2676 1864 2860 1919 carnis
2888 1880 3019 1920 uicae
3039 1866 3316 1924 destruere

1750 1943 2008 2013 longave
2051 1950 2246 2003 mortis
2288 1949 2616 2018 potentiam.
2671 1951 2899 2022 Oportet
2944 1973 3030 2011 me
3071 1963 3321 2029 corporis

1751 2038 1860 2110 mei
1887 2038 2166 2094 lucernam
2197 2041 2495 2096 accendere
2522 2041 2610 2097 bis
2648 2045 2744 2114 qui
2775 2046 2830 2100 iu
2854 2051 3094 2106 tenebris
3120 2063 3173 2107 et
3197 2069 3323 2109 um-

1749 2125 1850 2182 bra
1864 2127 2062 2184 mortis
2081 2128 2272 2185 sedent
2295 2131 2362 2183 ³³.
2407 2130 2632 2201 Oportet
2683 2148 2772 2189 me
2818 2140 3113 2194 ascendere
3155 2157 3325 2198 carne

1748 2219 1841 2275 ubi
1868 2235 1992 2276 sum
2018 2219 2246 2278 Deitate.
2271 2219 2496 2291 Oportet
2517 2237 2605 2278 me
2623 2221 2818 2281 oderre
2840 2225 2986 2284 Patri
3005 2229 3118 2301 (Si)
3143 2232 3315 2288 Adam

1747 2309 1804 2364 in
1836 2302 1922 2366 me
1944 2322 2282 2384 regnantem.
2323 2314 2548 2385 Opertet
2572 2331 2658 2370 me
2687 2315 2802 2373 haec
2832 2322 3014 2376 omnia
3039 2324 3319 2393 perﬁcere,

1745 2417 1848 2472 pro
1875 2403 1978 2457 hoc
1998 2404 2142 2458 enim
2186 2404 2324 2458 meis
2373 2406 2521 2459 astiti
2572 2405 2820 2463 fac-luris.
2852 2408 3074 2481 Oportet
3101 2429 3189 2470 me
3230 2418 3326 2471 ba-

1743 2492 1936 2562 ptizari
1963 2507 2107 2547 nunc
2130 2492 2232 2547 hoc
2262 2491 2552 2564 baptismo,
2574 2507 2627 2551 et
2660 2502 3006 2567 postmodum
3032 2519 3157 2560 cum
3189 2521 3322 2561 con-

1744 2585 2107 2642 substantiale
2135 2583 2400 2641 Trinitate
2432 2585 2760 2657 baptismum
2811 2593 3070 2651 omnibus
3114 2597 3322 2654 donare

1745 2659 2081 2731 hominibus.
2115 2673 2322 2731 Funera
2361 2678 2428 2732 ad
2474 2689 2795 2748 praesentem
2841 2692 2991 2740 tuam
3040 2686 3319 2745 dexteram

1740 2766 2226 2836 dispensationem,
2263 2769 2406 2825 sicut
2439 2771 2573 2826 mihi
2608 2774 2878 2829 mutuavit
2935 2777 3002 2831 ad
3053 2779 3315 2835 nativita-

1742 2868 1850 2914 tem
1881 2860 2102 2914 vulvam
2128 2867 2324 2913 mater.
2362 2857 2628 2932 Demerge
2656 2881 2742 2920 me
2765 2862 3074 2924 Jordanicis
3102 2870 3322 2928 liuentis

1739 2948 1850 3011 bis,
1897 2948 2354 3018 quemadmodum
2413 2965 2536 3018 quae
2590 2968 2676 3007 me
2732 2956 2919 3024 genuit
2970 2957 3344 3019 infantilibus

1740 3038 1970 3094 involvit
1997 3039 2178 3109 panis.
2211 3038 2286 3096 Da
2319 3038 2452 3094 mihi
2475 3040 2830 3112 baptismum,
2851 3047 2992 3101 sicut
3011 3050 3174 3120 Virgo
3202 3053 3309 3109 lac.

1737 3129 1886 3185 'l‘ene
1919 3144 2100 3184 meum
2129 3137 2317 3201 caput,
2360 3145 2525 3201 quem
2587 3132 2779 3188 colunt
2827 3132 3116 3207 Seraphim
3151 3158 3165 3195 :
3196 3152 3319 3198 tene

56 3227 122 3270 ut
149 3232 271 3270 non
296 3218 544 3276 sentiens
575 3228 842 3289 tyrannus
873 3220 1132 3293 cﬂugiat;
1163 3224 1259 3280 scd
1299 3241 1512 3282 mecum
1542 3243 1637 3285 cu-

1743 3221 1914 3294 digito
1937 3210 2055 3293 (2'5)
2081 3222 2318 3278 dexterae
2367 3230 2519 3279 tua:
2560 3232 2688 3280 tene
2744 3241 2872 3282 eum
2929 3229 3024 3299 qui
3080 3233 3320 3292 retinere

52 3310 135 3377 pit
157 3309 512 3366 committere
539 3310 761 3366 bellum.
784 3313 1016 3369 Dimitte
1056 3315 1336 3372 diabolum
1383 3321 1452 3374 ad
1495 3336 1636 3390 pra-

51 3414 184 3454 setis
214 3399 356 3454 mibi
399 3400 555 3458 adire
579 3410 636 3455 et
685 3401 891 3458 bellare
921 3414 977 3458 et
1001 3409 1250 3476 accipere
1299 3409 1631 3468 lenissima.

51 3491 302 3559 plaga.
343 3489 564 3544 Dimitte
594 3491 819 3561 implere
843 3494 1135 3562 intentum,
1162 3513 1260 3568 pro
1288 3514 1398 3570 quo
1437 3503 1630 3560 adveni

50 3595 224 3651 super
257 3588 487 3635 terram.
531 3580 849 3663 Hysterium
879 3586 982 3640 hoc
1013 3587 1158 3658 quod
1201 3587 1365 3646 hodie
1408 3591 1464 3646 in
1504 3591 1629 3650 Jor-

49 3671 559 3744 daneﬁnitnrﬂS),
589 3686 860 3732 secretum
889 3676 1023 3734 mihi
1062 3691 1119 3735 et
1147 3681 1286 3738 meis
1310 3686 1629 3756 mysterium

46 3772 134 3822 est
157 3783 178 3822 :
218 3779 342 3822 non
368 3779 551 3822 meum
592 3780 733 3836 opus
761 3767 1086 3839 adimplens,
1136 3773 1234 3828 sed
1282 3777 1627 3834 sanationem

47 3857 358 3915 vulneratis
380 3856 662 3914 adhibeas.
693 3857 1014 3932 Mysterium
1035 3865 1218 3935 magni
1252 3869 1496 3938 mysterii
1520 3870 1624 3925 mei

46 3949 258 4005 lavacri
289 3962 590 4019 procurant
639 3958 698 4005 et
733 3952 1038 4023 auspicium
1059 3964 1146 4011 est
1169 3960 1514 4029 mysterium.
1563 3960 1624 4015 In

46 4040 134 4096 bis
157 4040 332 4109 aquis
359 4039 705 4110 perscribens
725 4041 1013 4100 hominum
1044 4048 1483 4117 regenerationes
1507 4065 1623 4107 ete-

42 4129 204 4186 lestis
233 4128 436 4185 laticis.
469 4126 603 4186 Sine
645 4131 831 4188 modo.
872 4131 1105 4199 Quando
1146 4149 1236 4189 me
1268 4136 1471 4194 videris
1509 4138 1625 4195 Deo

40 4216 352 4273 deeibiliter
367 4216 480 4288 (l9)
494 4217 554 4272 iu
571 4219 710 4274 meis
725 4217 952 4274 iacturis
973 4218 1121 4289 quod
1141 4221 1272 4276 mibi
1293 4222 1468 4292 placet
1488 4238 1623 4298 ope-

41 4319 264 4366 rantem
295 4347 317 4377 ,
386 4320 517 4367 tunc
559 4311 617 4367 in
671 4310 901 4367 iacturis
957 4311 1194 4384 hymnos
1242 4320 1618 4392 compagina:

1734 3313 1990 3384 permisit
2018 3323 2188 3370 :tene
2205 3327 2332 3369 eum
2353 3314 2570 3386 quipro
2603 3315 2918 3386 huiusmodi
2979 3323 3094 3394 (24)
3139 3325 3320 3386 factus

1731 3408 1835 3466 est,
1873 3409 1930 3456 et
1964 3400 2131 3458 habet
2172 3399 2437 3472 Spiritum
2472 3421 2488 3458 :
2531 3412 2657 3459 tene
2685 3421 2867 3461 meum
2917 3421 3103 3480 caput,
3151 3430 3319 3484 quem

1731 3492 1780 3548 si
1811 3491 1937 3562 quis
1964 3493 2054 3562 pie
2082 3493 2339 3560 tenuerit,
2381 3511 2660 3565 nunquam
2693 3500 2900 3570 patitur
2945 3503 3316 3576 naufragium.

1729 3583 1952 3656 Baptiza
1973 3598 2080 3652 me,
2107 3586 2201 3656 qui
2234 3584 2451 3643 iuturus
2475 3603 2600 3645 sum
2630 3589 2748 3660 (25)
2775 3591 3052 3662 baptizare
3081 3599 3312 3654 creden-

1730 3684 1814 3733 tes
1841 3677 1897 3731 in
1927 3691 2070 3747 aqua
2096 3686 2151 3734 et
2172 3675 2377 3748 Spiritu
2399 3687 2456 3734 et
2477 3679 2586 3751 igni
2610 3697 2626 3747 ;
2667 3697 2809 3752 aqua
2838 3683 3053 3741 valente
3079 3703 3313 3759 purgare

1727 3777 2076 3836 peccatorum
2105 3767 2323 3838 sordes,
2350 3769 2563 3841 Spiritu
2592 3773 2804 3829 valente
2829 3783 3079 3834 terrenos
3132 3779 3314 3837 ὡρε-

1725 3875 1788 3914 re
1817 3860 1930 3930 (26)
1957 3860 2248 3930 spiritales,
2292 3862 2402 3932 igni
2449 3861 2741 3923 incendere
2778 3867 3084 3941 iniquitatis
3115 3873 3316 3932 rham-

1723 3951 1976 4024 noslS‘T).

1794 4133 1853 4190 4.
1881 4130 2039 4190 nunc
2087 4133 2322 4192 audiens
2381 4134 2626 4209 Baptista
2673 4153 3010 4208 sermonem,
3052 4143 3305 4214 prabens

1725 4236 1964 4284 entem
1991 4235 2050 4283 et
2075 4241 2282 4285 cavens
2297 4227 2413 4300 (ΞΒ)
2431 4231 2751 4301 mysterio
2779 4235 2924 4305 quod
2949 4237 3180 4307 accepit,
3207 4240 3311 4294 mi-

1725 4319 1978 4376 nistravit
1993 4317 2183 4375 divino
2212 4329 2502 4390 praecepto.
2537 4319 2673 4376 Erat
2697 4324 2850 4380 enim
2893 4325 3189 4398 religiosus
3226 4331 3304 4385 si-

40 4407 267 4476 quando
294 4420 383 4462 me
422 4406 627 4463 videris
657 4407 903 4478 leprosos
944 4408 1324 4481 mundantem,
1372 4425 1503 4471 tunc
1533 4435 1621 4476 me
1727 4412 1841 4468 mul
1867 4421 1924 4468 et
1947 4412 2221 4479 clemens;
2243 4421 2298 4467 et
2325 4428 2487 4467 suam
2507 4413 2789 4473 dexteram
2818 4422 3127 4481 extendens
3142 4423 3308 4482 simul

37 4499 364 4565 Creatorem
392 4507 601 4554 natura
622 4515 992 4558 commemora
1015 4522 1031 4558 :
1057 4507 1280 4575 quando
1314 4525 1402 4563 me
1425 4511 1624 4569 videris

1740 4511 2178 4568 contrementem,
2211 4502 2380 4559 Deum
2403 4504 2721 4576 baptizavit.
2754 4510 3119 4570 Prasentium
3173 4530 3306 4571 vero

35 4593 270 4647 claudos
297 4606 557 4648 cursores
578 4591 968 4662 perﬁcientem,
1000 4605 1132 4654 tunc
1156 4603 1618 4658 commoventium
1723 4593 2038 4652 linteorum
2067 4597 2257 4667 procul
2289 4597 2483 4670 positis
2508 4602 2863 4683 cogitantium
2915 4607 2970 4660 in
2997 4621 3060 4664 se
3087 4607 3224 4676 ipsis
3251 4622 3306 4665 et

36 4686 238 4750 pedum
262 4684 401 4758 (20),
432 4695 490 4740 et
519 4693 579 4740 tu
605 4686 674 4740 ad
697 4700 804 4748 me,
834 4686 1048 4754 claude,
1073 4689 1281 4760 lingua.
1315 4691 1612 4750 articulose
1724 4689 1792 4744 ad
1817 4689 2052 4747 invicem
2071 4688 2367 4745 dicentium
2395 4708 2410 4745 :
2441 4689 2698 4764 Nunquid
2726 4712 2864 4751 vane
2881 4697 3090 4767 opinati
3110 4715 3304 4759 sumus

35 4788 381 4834 commoveto
400 4778 555 4850 (2t):
589 4778 809 4849 quando
831 4795 918 4835 me
947 4781 1150 4837 videris
1196 4795 1440 4843 mortuos
1469 4803 1500 4844 a
1531 4805 1619 4846 se-

1740 4777 1991 4836 loannem
2009 4780 2269 4849 majorem
2299 4793 2425 4837 esse
2440 4780 2610 4839 Iesu?
2635 4786 2884 4856 nunquid
2907 4802 3046 4844 vane
3077 4791 3304 4860 putaba-

35 4871 246 4937 pulcris
273 4870 624 4936 resuscitare,
655 4881 786 4925 tunc
816 4887 904 4927 me
932 4887 1060 4930 cum
1103 4880 1456 4948 surgentibus
1499 4883 1614 4953 glo-

34 4963 192 5017 riﬁca
233 4961 379 5016 sicut
425 4963 548 5041 vitae
591 4962 938 5020 tributorem.
997 4965 1228 5034 Quando
1283 4988 1373 5027 me
1405 4975 1610 5031 videris

33 5054 318 5108 sedentem
353 5069 386 5109 a
429 5053 636 5110 dextris
673 5051 876 5132 Patris,
924 5069 1054 5114 tunc
1097 5077 1184 5115 me
1232 5065 1407 5120 Deum
1448 5083 1603 5131 voca,

31 5147 171 5200 sicut
227 5146 588 5217 syntlttonum
614 5156 670 5204 et
697 5161 1028 5211 «maternum
1058 5151 1226 5208 Patri.
1277 5155 1403 5211 Sine
1431 5162 1606 5226 modo,

27 5239 290 5294 sic'eniut
326 5250 532 5311 oportet
580 5257 678 5295 nos
729 5242 1016 5312 adimplere
1072 5261 1276 5299 omnem
1313 5248 1606 5314 justitiam.

96 5398 141 5428 ³ο
168 5394 335 5453 Joan.
369 5412 410 5464 t,
433 5395 528 5454 29.
599 5399 644 5437 "
675 5397 869 5455 Matth.
904 5417 987 5468 tn,
1024 5403 1112 5460 15.
1187 5405 1235 5447 ⁸³
1257 5407 1397 5466 Luc.
1433 5427 1474 5476 ι,
1504 5412 1594 5469 79.

89 5509 213 5582 (18)
239 5509 380 5582 fcto
400 5527 466 5567 ex
484 5510 582 5582 Gr.
611 5513 937 5582 τελειοῦται.

239 5579 381 5656 futo
402 5597 474 5656 ex.
490 5581 586 5639 Gr.
630 5581 973 5656 θεοπρεπῶς.

87 5650 207 5720 (20)
239 5649 318 5706 lla
353 5652 474 5709 cod.
511 5649 792 5709 enclose:

96 5721 214 5790 (et)
247 5721 382 5778 (ἰθύ.
410 5723 668 5777 commovi
706 5734 788 5780 tu.

95 5789 214 5865 (ἐξ)
407 5796 600 5865 patris.

92 5861 209 5936 (2³.5)
241 5861 381 5920 Cod.
407 5861 668 5922 mendose
685 5878 898 5937 rogata.
933 5869 1141 5944 Scripsi
1174 5873 1486 5936 dubitanter
1521 5876 1605 5932 di-

1727 4886 1851 4927 mus
1883 4872 2033 4926 illum
2070 4870 2350 4928 meliorem
2377 4872 2484 4930 hoc
2510 4875 2680 4932 esse?
2714 4877 3032 4948 nonneipse
3086 4880 3300 4953 hamis.

1723 4981 1846 5020 mus
1874 4962 2301 5019 meliorationem
2330 4963 2582 5036 baptista:
2604 4966 2923 5036 signiﬁcat?
2951 4983 3136 5026 nonne
3191 4973 3296 5030 iste

1719 5058 1938 5128 quidem
1967 5056 2209 5127 baptizat
2229 5059 2374 5113 sicut
2393 5058 2827 5129 supereminens,
2851 5061 2942 5116 illc
2961 5077 3091 5119 vero
3115 5065 3296 5137 bapti-

1720 5159 1873 5206 zatur
1894 5150 2036 5206 sicut
2061 5148 2332 5206 deterior?
2353 5151 2480 5206 talia
2503 5154 2906 5208 susurrantinm
2955 5157 3052 5226 qui
3074 5157 3297 5229 ignora—

1720 5244 1846 5299 bant
1876 5243 2301 5313 dispensationis
2333 5243 2678 5317 mysterium,
2725 5247 2878 5305 solus
2914 5245 3182 5312 Dominus
3234 5262 3293 5311 et

1706 5501 2066 5597 gitopARecole
2094 5538 2149 5597 p.
2187 5523 2314 5591 535,
2342 5523 2450 5581 col.
2483 5525 2538 5579 1.
2580 5543 2582 5545 ·

1781 5592 1895 5664 (ibi)
1925 5595 2000 5648 lta
2025 5592 2149 5649 cod.

1768 5663 1884 5738 (25)
1910 5663 2047 5738 Puto
2084 5682 2157 5738 ex
2174 5664 2266 5720 Gr.
2305 5664 2589 5738 μέλλοντα.

1777 5735 1888 5806 (26)
1920 5735 2050 5806 (270d.
2073 5737 2236 5805 efﬁci.

1777 5805 1893 5873 (27’)
1932 5805 2070 5861 Cod.
2102 5825 2160 5860 ra
2170 5826 2281 5862 nos.

1776 5877 1889 5952 (‘28)
1917 5877 2052 5934 Cod.
2092 5881 2298 5935 cubans.
