4024 6340
199 515 330 583 187⁸1

1190 514 1291 578 DE
1317 513 1695 578 BAPTISMO
1721 513 2035 577 CHRISTI
2061 515 2321 579 SERMO
2343 517 2429 579 II.

3292 517 3428 585 1878

187 627 394 702 νηθείς·
429 626 530 682 οὐκ
552 626 700 680 ἔστιν
722 625 878 690 ἄλλος
900 625 930 678 6
948 623 1293 696 βαπτισθεὶς,
1319 627 1417 681 καὶ
1446 626 1602 690 ἄλλος
1621 627 1654 681 6
1685 624 1761 697 μὴ

1874 624 2113 696 baptismi
2160 640 2354 696 expers
2396 645 2410 680 :
2466 626 2565 683 sed
2617 627 2706 683 hic
2759 635 2843 683 est
2887 625 3058 682 Filius
3107 641 3257 682 meus
3291 645 3303 682 :
3336 629 3426 683 hic

207 718 541 782 Ξαπτισθείςο
570 718 686 774 ἀλλ’
713 712 864 781 οὗτός
887 719 1041 802 ἐστιν..
1064 719 1094 772 6
1121 717 1250 784 Υἱός
1283 735 1408 791 μου,
1425 714 1594 783 ,οὗτος
1620 721 1649 773 6
1683 715 1763 784 εἷς

185 813 218 864 6
241 810 532 880 νοούμενος
561 811 654 864 καὶ
687 809 1035 880 βλεπόμενος·
1069 807 1150 874 εἷς
1178 812 1209 864 ό
1236 811 1467 882 ἀόρατος
1501 811 1594 864 καὶ
1625 811 1762 881 cpta.

188 915 356 980 μενος
396 900 527 978 παρ’
553 898 728 970 ὑμῶν·
763 900 794 953 ό
823 899 992 962 ἀΐδιος
1025 899 1120 952 καὶ
1151 899 1506 970 πρόσκαιρος·
1538 903 1566 954 6
1603 901 1761 964 αὐτὸς

1867 716 2008 770 unus
2032 715 2122 785 qui
2144 723 2198 769 et
2221 724 2400 770 mente
2426 717 2716 787 cogitatur,
2749 725 2803 772 et
2831 717 2948 770 visu
2978 716 3216 772 cernitur
3242 733 3256 769 :
3285 732 3426 772 unus

1867 806 2122 875 idemque
2148 806 2458 872 invisibilis.
2494 817 2548 863 et
2575 824 2606 862 a
2634 809 2788 863 vobis
2823 811 2970 864 risus
2997 826 3010 863 :
3041 810 3425 876 setnpiternus.

1863 907 1918 953 et
1947 899 2308 968 temporalis:
2345 898 2485 953 idem
2534 899 3012 954 consubstantialis
3062 899 3191 952 mihi
3230 899 3434 952 divini-~

185 989 476 1060 όμοούσιος
523 991 653 1061 ἐμοὶ
684 993 752 1062 τῇ
795 990 1034 1062 θεότητι,
1066 990 1163 1044 καὶ
1189 991 1472 1062 όμοούσιος
1517 993 1646 1064 ὑμῖν
1693 995 1760 1064 τῇ

1874 998 1996 1053 tate,
2021 998 2075 1044 et
2101 987 2586 1044 consulismntialis
2609 989 2766 1043 vobis
2783 990 3115 1044 humanitate
3133 1005 3226 1059 per
3248 991 3426 1044 omnia

186 1080 572 1153 ἀνθρωπότητι
593 1079 736 1134 κατά
760 1079 936 1134 πάντα
957 1081 1126 1152 χωρὶς
1153 1081 1446 1153 ἁμαρτίας.
1476 1082 1570 1153 Μὴ
1599 1083 1764 1152 ζητὴ-

188 1189 325 1243 σητε
357 1172 460 1241 τῆς
491 1172 694 1244 σαρκὸς
717 1170 882 1228 αὐτοῦ
909 1173 1123 1244 πατέρα
1150 1174 1244 1227 ἐπὶ
1259 1174 1360 1244 τῆς
1385 1175 1510 1244 γῆς,
1533 1174 1763 1245 ἀπάτωρ

187 1264 302 1336 γὰρ
333 1251 505 1318 κάτωο
545 1265 620 1336 μὴ
651 1265 924 1336 ζητήσητε
953 1265 1053 1336 τῆς
1080 1263 1332 1335 θεότητος
1357 1264 1522 1319 αύωῦ
1554 1266 1765 1336 μητέρα

191 1355 253 1407 ὲν
283 1357 401 1418 τοῖς
431 1355 700 1425 οὐρανοῖς,
726 1355 959 1426 ἀμήτωρ
989 1353 1099 1426 γὰρ
1116 1355 1249 1408 ἄνωο
1270 1353 1350 1425 μὴ
1377 1355 1638 1426 μερίσητε
1669 1355 1764 1426 τὴν

191 1443 426 1512 θεότητα
445 1443 610 1497 αὐτοῦ
635 1442 742 1496 ἀπὸ
771 1442 872 1513 τῆς
899 1441 1317 1514 ἀνθρωπότητος
1343 1443 1529 1497 αὐτοῦ’
1563 1445 1639 1518 μὴ
1670 1448 1764 1515 γέ-

192 1531 364 1600 νησθε
407 1533 517 1586 τῶν
563 1532 873 1604 ἀμερίστων
905 1535 1067 1588 κακοὶ
1114 1535 1389 1606 μερισταῑο
1442 1536 1521 1607 μὴ
1555 1535 1767 1609 διέλητε

188 1617 296 1687 τὴν
334 1615 734 1689 ἀνθρωπότητα
775 1619 940 1673 αὐτοῦ
987 1619 1096 1674 ἀπὸ
1134 1623 1236 1691 τῆς
1278 1621 1532 1692 θεότητος
1577 1623 1761 1677 αὑτοῦ·

190 1707 507 1778 ἀδιαίρετος
549 1708 661 1780 γὰρ
689 1709 828 1780 αὕτη
863 1711 960 1764 καὶ
983 1710 1292 1781 ἀσύγχυτος
1337 1711 1474 1784 μετὰ
1501 1713 1600 1785 τὴν
1631 1716 1768 1769 ἔνω-

191 1813 305 1850 σινο
340 1799 414 1869 μὴ
440 1798 713 1870 χωρίσητε
733 1798 804 1852 τά
828 1800 888 1853 εν
917 1799 1088 1870 αὐτῷ,
1124 1801 1261 1855 ἀλλὰ
1287 1801 1594 1875 γνωρίσατε
1621 1804 1688 1858 τά
1711 1808 1769 1859 ἐν

188 1887 366 1957 αὐτῷ’
390 1888 465 1960 μὴ
493 1890 759 1960 ποιήσητε
782 1888 874 1943 δύο
896 1889 1163 1960 πρόσωπα
1187 1890 1249 1945 τὸ
1273 1892 1333 1947 ἓν
1357 1895 1649 1964 πρόσωπον
1671 1896 1767 1950 τοῦ

187 1959 460 2047 Χριστοῦέ
497 1979 574 2050 μὴ
605 1959 1026 2052 χειροτονήσητε
1060 1982 1157 2036 δύο
1193 1959 1507 2054 μονογενετς
1551 1986 1644 2040 τὸν
1669 1987 1767 2041 ἕνα
1799 1959 1843 2014 Β

189 2063 502 2138 Ηονογενῆο
529 2067 606 2139 μὴ
625 2070 858 2140 στήσητε
890 2069 995 2124 άνὰ
1024 2071 1190 2143 μέρος
1210 2073 1303 2126 τὸν
1331 2074 1464 2144 ἐμὸν
1494 2075 1642 2141 Υξδν,
1671 2078 1768 2131 καὶ

189 2157 302 2210 ἀνὰ
335 2159 501 2230 μέρος
526 2160 587 2212 τὸ
617 2158 820 2231 ληφθὲν
859 2161 991 2233 παρ’
1014 2162 1200 2216 αύτοῧο
1232 2162 1309 2236 μὴ
1339 2165 1647 2238 τολμήσητε
1685 2168 1766 2221 δι-

189 2242 341 2329 ελεῖν
378 2243 477 2314 τὴν
520 2244 824 2318 ἀσύγχυτον
851 2247 1068 2315 ἕνωσιν,
1096 2251 1164 2322 ἣν
1191 2252 1530 2324 διαιρεθῆναι
1569 2257 1766 2312 ἀδύνα-

190 2347 308 2386 τον·
349 2333 486 2404 μήτε
526 2333 660 2389 Θεὸν
689 2336 916 2407 γυμνὸν,
959 2339 1088 2394 οὔτε
1128 2342 1414 2410 ἄνθρωπον
1457 2345 1610 2415 ψιλὸν
1666 2347 1768 2400 ὐπ-

189 2423 508 2495 οπτεύσητε
530 2425 622 2479 τὸν
649 2427 1145 2502 ὲνανθρωπήσαντα
1174 2433 1398 2504 Κύριον.
1442 2436 1601 2492 Ἀλλὰ
1637 2439 1769 2493 Θεὸν

190 2513 322 2584 ἅμα
367 2516 462 2569 καὶ
518 2515 804 2587 ἄνθρωπον
846 2520 1173 2574 πιστεύσατε
1201 2523 1294 2576 τὸν
1327 2526 1511 2588 αύτόνο
1539 2530 1627 2583 ἀεὶ
1668 2531 1768 2602 μὲν

188 2605 334 2657 ὄντα
361 2604 456 2658 καὶ
480 2607 716 2677 προόντα
744 2607 897 2675 Θεὸν,
929 2609 1028 2663 οὐκ
1051 2611 1139 2665 ἀεὶ
1164 2612 1223 2666 δὲ
1254 2614 1350 2667 καὶ
1373 2616 1682 2688 ἄνθρωπον·
1709 2622 1768 2691 ἐξ

193 2694 412 2748 ἐκείνου
437 2694 497 2749 δι
533 2698 824 2767 γενόμενον
850 2699 948 2754 καὶ
982 2701 1269 2776 ἄνθρωπον
1298 2707 1392 2760 καὶ
1419 2706 1567 2773 ὄντα,
1597 2709 1660 2776 ἐξ
1681 2707 1772 2767 οὗ-

191 2799 310 2855 περ
339 2782 572 2854 θελήσας
599 2786 892 2842 ἐπελάϐετο
912 2788 1008 2845 τοῦ
1039 2792 1356 2864 σπέρματος
1391 2797 1660 2870 Ἀϐραάμ.

268 2874 343 2939 ζ’.
371 2873 491 2930 Κᾶν
524 2874 672 2946 ιδητε
714 2878 906 2934 τοῦτον
941 2881 1034 2936 τὸν
1067 2884 1202 2952 ἐμὸν
1235 2885 1365 2940 Υἱὸν
1409 2889 1697 2956 πεινῶντα,
1732 2893 1766 2962 ἢ

186 2962 458 3032 διψῶντα,
488 2965 523 3036 ἦ
555 2967 900 3031 καθεύδοντα.
923 2971 960 3042 ἢ
1005 2970 1308 3042 βαδίζοντα,
1338 2975 1372 3046 ἢ
1407 2977 1700 3042 κοπιῶντα,
1733 2979 1767 3050 ἢ

192 3055 623 3127 μαστιζόμενον,
672 3058 706 3130 ἦ
767 3063 1168 3135 σταυρούμενον
1226 3065 1512 3131 ἑκουσίως,
1566 3067 1600 3137 ἢ
1657 3071 1770 3136 τοῖς

188 3143 354 3213 ἣλοις
386 3148 757 3218 κατεχόμενον
785 3151 895 3204 άπὸ
926 3152 1174 3224 γνώμης,
1201 3152 1235 3225 ἢ
1263 3155 1622 3226 νεκρούμενον
1657 3158 1771 3230 ἰδίῳ

188 3234 487 3306 θελήματι,
517 3238 552 3309 ἢ
576 3241 982 3312 φρουρούμενον
1004 3243 1084 3308 ὡς
1111 3232 1388 3318 νεκρὺνὲν
1409 3250 1674 3319 μνήματι,
1699 3254 1766 3320 τῇ

1865 1079 2070 1150 absque
2096 1089 2321 1150 peccato
2343 1081 2408 1131 ³⁸.
2433 1078 2509 1133 Ne
2528 1080 2784 1150 quaeratis
2806 1088 3012 1148 patrem
3034 1080 3150 1146 eius
3169 1080 3222 1132 in
3250 1089 3426 1144 terra;
3477 1119 3488 1131 ,

1866 1180 1948 1225 est
1972 1171 2118 1224 enim
2145 1171 2402 1224 deorsum
2437 1171 2609 1238 patris
2641 1184 2855 1239 expers.
2887 1168 2966 1223 Ne
2995 1170 3253 1240 quzeratis
3285 1168 3426 1222 divi-

1871 1266 2062 1321 nitatis
2093 1266 2212 1336 ejus
2239 1274 2468 1321 matrem
2526 1265 2578 1318 in
2626 1265 2813 1332 emlis;
2865 1275 2946 1321 est
2997 1267 3143 1320 enim
3202 1265 3430 1333 desuper

1867 1359 2075 1426 alisque
2113 1368 2309 1416 matre.
2349 1357 2429 1414 Ne
2459 1359 2723 1430 separetis
2769 1359 2942 1429 ipsius
2991 1359 3321 1414 divinitatem
3362 1359 3430 1412 al.»

1866 1450 2108 1518 ejusdem
2163 1450 2542 1506 humanitate:
2573 1466 2642 1505 ne
2674 1450 3088 1505 indivisihiiium
3129 1449 3254 1504 mali
3300 1449 3432 1502 diri-

1869 1555 2024 1596 σοι-οε
2056 1541 2219 1594 liatis.
2257 1540 2336 1595 Ne
2382 1541 2717 1598 abstrahatis
2765 1540 3155 1595 humanitatem
3198 1542 3316 1610 ejus
3363 1539 3432 1595 ah

1866 1630 2109 1699 ejusdem
2142 1628 2466 1693 divinitate;
2497 1637 2580 1684 est
2612 1628 2755 1682 enim
2787 1627 2900 1682 haec
2939 1625 3323 1696 inseparabilis
3357 1625 3430 1680 si-

1869 1722 2090 1790 mulque
2124 1718 2411 1775 ineonfusa
2446 1728 2573 1790 post
2595 1719 2874 1774 unionem.
2926 1716 3005 1772 Ne
3046 1718 3181 1773 duas
3222 1733 3289 1772 ex
3328 1732 3430 1770 una

1867 1809 2069 1866 Christi
2117 1823 2379 1879 personas
2411 1806 2646 1862 faciatis.
2681 1805 2759 1863 Ne
2787 1808 2922 1862 duos
2965 1805 3274 1876 unigenitos
3299 1820 3432 1858 con-

1871 1902 2132 1965 stituatis,
2189 1916 2316 1955 cum
2373 1899 2445 1955 sit
2501 1885 2648 1953 unus.
2685 1896 3022 1968 Unigenitus.
3061 1893 3138 1950 Ne
3186 1893 3469 1950 seorsum‘

1872 1993 2086 2063 ponatis
2143 1989 2338 2045 Filium
2416 2003 2636 2053 meum,
2712 1987 2950 2057 itemque
3020 1998 3265 2040 seorsum
3331 1985 3429 2037 ho-

1873 2080 2076 2135 minem
2136 2078 2206 2134 ab
2266 2092 2334 2134 eo
2370 2083 2734 2144 assumptum.
2767 2073 2846 2128 Ne
2888 2072 3230 2128 inconlusam
3276 2071 3427 2123 unio-

1873 2187 1997 2227 nem
2029 2171 2212 2227 velitis
2244 2183 2553 2232 secernere,
2587 2181 2750 2239 quam
2781 2165 3068 2235 seiungere
3101 2161 3435 2232 impossibile

1873 2273 1977 2318 est.
2002 2249 2200 2333 Neque
2225 2261 2431 2317 nudum
2461 2259 2654 2325 Deum,
2702 2270 2882 2326 neque
2914 2255 3219 2326 simplicem
3259 2253 3434 2308 homi-
3542 2283 3546 2286 -

1875 2367 1998 2406 nem
2028 2367 2151 2407 esse
2181 2349 2533 2419 suspieemini
2575 2350 2933 2401 humanatum
2975 2342 3300 2408 Dominum;
3342 2341 3434 2396 sed

1873 2442 2122 2497 cmndem
2149 2440 2318 2494 Deum
2343 2438 2507 2494 simul
2532 2446 2588 2492 et
2607 2437 2881 2490 hominem
2907 2434 3199 2490 creditote:
3226 2447 3438 2501 semper

1875 2534 2092 2604 quidem
2116 2532 2467 2587 exsistentem
2496 2537 2548 2582 et
2579 2528 3040 2597 prerexsistentem
3070 2524 3264 2589 Deum,
3294 2522 3436 2578 haud

1876 2639 2056 2679 tamen
2091 2637 2307 2691 semper
2330 2619 2642 2684 hominem;
2668 2617 2764 2672 sed
2790 2631 2858 2671 ex
2880 2629 2948 2670 eo
2970 2623 3212 2684 tempore
3237 2615 3436 2668 factum

1877 2716 2152 2772 hominem
2182 2722 2347 2783 atque
2373 2711 2448 2766 ita
2472 2709 2846 2774 exsistentem,
2888 2720 2956 2762 ex
2998 2719 3106 2776 quo
3143 2704 3436 2759 Ahrahami

1874 2823 2058 2864 semen
2087 2802 2492 2875 apprehendere
2514 2801 2707 2856 voluit.

1943 2896 2001 2950 7.
2032 2892 2262 2949 Etiamsi
2299 2903 2430 2946 vero
2458 2889 2708 2944 videritis
2747 2886 2945 2942 Filium
2982 2898 3164 2940 meum
3194 2882 3439 2938 esurien-

1875 2997 2008 3050 tem,
2049 2992 2143 3038 aut
2173 2982 2474 3045 sitientem,
2505 2987 2601 3033 aut
2624 2977 3011 3041 dormientem,
3039 2983 3133 3030 aut
3161 2973 3440 3029 ambulan-

1876 3086 2007 3143 tem,
2046 3084 2142 3130 aut
2169 3073 2478 3143 fatigatum,
2505 3078 2599 3124 aut
2625 3067 2852 3138 ﬂagellis
2883 3081 3109 3130 caesum,
3139 3072 3232 3118 aut
3251 3071 3442 3132 sponte

1877 3163 2223 3225 cruciﬁxum,
2256 3159 2357 3214 'vel
2396 3157 2565 3212 clavis
2604 3156 2748 3212 haud
2801 3156 2936 3210 citra
2989 3166 3311 3208 consensum
3358 3165 3440 3204 re-

1878 3263 2112 3319 tentum,
2147 3259 2240 3305 aut
2267 3265 2377 3304 non
2409 3249 2530 3304 sine
2563 3247 2780 3318 propria
2812 3246 3091 3299 voluntate
3131 3251 3402 3298 mortuum
3426 3283 3440 3304 ,

193 3325 373 3395 σαρκὶ
395 3326 558 3380 αὐτοῦ
576 3327 748 3382 ταῦτα
770 3331 1158 3400 προσνείμιιτε⁶
1183 3336 1276 3389 καὶ
1301 3337 1482 3400 πάλιν,
1505 3339 1600 3390 ἐάν
1625 3339 1769 3409 ἴδητε

1875 3351 1970 3398 aut
2031 3350 2298 3410 tauquam
2357 3348 2633 3392 mortuum
2688 3337 2740 3389 in
2797 3337 3050 3404 sepulcro
3086 3333 3439 3394 custoditum.

192 3413 399 3469 τοῦτον
438 3415 530 3470 τὸν
576 3417 706 3487 ἐμὸν
756 3419 903 3482 Υξὺν,
935 3422 1144 3493 λέπραν
1191 3425 1490 3491 ἀποξέοντα
1543 3432 1765 3502 ῥήματι,

193 3505 454 3576 πήρωσιν
483 3505 749 3577 ὀμμάτων
798 3511 957 3583 πηλῷ
1010 3511 1400 3586 θεραπεύοντα,
1461 3519 1559 3590 τὴν
1609 3521 1770 3590 φύσιν

191 3595 511 3652 πλάττοντα
538 3598 788 3670 νεύματι,
819 3602 883 3654 ἐκ
913 3604 1074 3657 πέντε
1101 3607 1280 3676 ἄρτων
1303 3611 1773 3680 πεντακισχιλίους

190 3686 552 3756 κορεννύντα,
588 3688 681 3743 καὶ
733 3692 854 3754 ταῖς
904 3692 1184 3762 παλάμαις
1237 3697 1345 3751 τῶν
1397 3698 1656 3769 μαθητῶν
1697 3701 1773 3763 ὡς

190 3775 472 3846 ἀρούραις
516 3778 932 3849 ὲγγεωργούντα
977 3781 1140 3850 κόρον
1177 3785 1526 3857 αὐτοσχέδιον
1557 3787 1773 3859 άγεὼρο-
1814 3809 1819 3814 ·

190 3881 394 3933 γητον,
429 3865 530 3934 τὴν
573 3866 850 3923 θάλασσαν
887 3872 1217 3946 μαινομένην
1273 3878 1371 3931 καὶ
1424 3879 1771 3949 μιμουμένην

189 3955 305 4020 τὰς
359 3954 470 4009 τῶν
500 3955 673 4027 ὀρέων
701 3959 947 4031 κορυφὰς
974 3963 1359 4034 ἐξομαλὶζοντα
1402 3973 1469 4039 τῇ
1509 3973 1681 4040 φωνῇ,
1713 3972 1773 4023 τὸ

193 4047 447 4116 πέλαγος
499 4048 575 4114 ὼς
621 4048 813 4118 ἔδαφος
856 4054 1174 4122 πεζεύοντα,
1231 4063 1344 4122 τοῖς
1393 4059 1643 4130 δαίμοσιν
1696 4063 1772 4126 ὼς

191 4140 564 4212 ἀνδραπόδοις
586 4142 920 4210 δεσποτικῶς
949 4147 1320 4214 ἐπιτάττοντα,
1344 4154 1407 4222 τῇ
1443 4152 1654 4222 θεότητι
1677 4156 1770 4208 αύ-

192 4230 303 4285 τοῦ
333 4231 503 4286 ταῦτα
525 4232 861 4303 προσάψατε.
893 4236 984 4309 Μὴ
1003 4239 1160 4293 ἄλλου
1188 4240 1332 4304 τινος
1364 4242 1432 4295 τὰ
1466 4244 1642 4313 ὑψηλὰ
1667 4246 1774 4300 τῶν

194 4325 576 4394 πραγμάτων,
610 4325 773 4381 ἄλλου
800 4327 859 4381 δέ
891 4346 1035 4392 τινος
1063 4327 1132 4382 τὰ
1167 4333 1399 4386 ταπεινά
1431 4334 1536 4390 τῶν
1556 4339 1774 4408 γινομέ-

195 4431 318 4471 νων
351 4415 627 4485 νομίσητε,
656 4417 796 4472 ἀλλά
820 4417 939 4482 ἑνὸς
962 4420 1056 4472 καὶ
1084 4419 1180 4475 τοῦ
1211 4423 1398 4491 αὐτοῦ,
1421 4427 1647 4482 κάκεῖνα
1679 4429 1775 4482 καὶ

197 4505 387 4562 ταῦτα
413 4507 724 4577 λογίσασθε·
759 4507 924 4567 αὑτοῦ
951 4510 1064 4582 γάρ
1098 4511 1170 4566 τὰ
1212 4513 1331 4568 θεῖα
1369 4517 1568 4582 πάντα,
1608 4516 1772 4570 αὑτοῦ

197 4596 282 4650 τὰ
309 4596 626 4669 ἀνθρώπινα
651 4601 854 4686 πάντα,
881 4599 1047 4655 αὐτοῦ
1073 4603 1142 4658 τὰ
1171 4593 1647 4686 δημιουργήματα,
1677 4610 1776 4663 αὑ-

1878 3435 1990 3490 hzec
2026 3431 2206 3487 omnia
2261 3430 2315 3485 in
2350 3443 2569 3485 carnem
2600 3427 2720 3497 ejus
2773 3427 3036 3480 conferte.
3079 3424 3337 3477 Prmterca
3393 3423 3441 3477 si

1878 3529 2023 3582 hunc
2082 3523 2281 3579 Filium
2328 3535 2508 3575 meum
2558 3517 2804 3574 videritis
2846 3517 3049 3587 lepram
3102 3515 3266 3570 verbo
3314 3528 3442 3582 pur-

1877 3625 2118 3690 gantem,
2171 3613 2456 3669 oculorum
2508 3607 2733 3664 emeitati
2789 3607 2906 3661 luto
2959 3605 3282 3670 medentem,
3345 3619 3443 3656 na-

1880 3720 2055 3764 turam
2087 3716 2222 3761 nutu
2257 3702 2647 3760 reformantem
2671 3739 2686 3765 ,
2729 3699 2970 3769 quinque
3013 3695 3238 3767 panibus
3277 3693 3439 3764 quin-

1878 3813 1984 3866 que
2004 3795 2289 3851 hominum
2317 3792 2488 3847 millia
2513 3797 2870 3855 saturantem,
2899 3785 3442 3857 manibusquedisci-

1879 3886 2127 3957 pulorum
2154 3894 2411 3952 tanquam
2440 3881 2587 3936 arvis
2609 3881 2873 3935 colentem
2903 3878 3267 3946 extemporale
3300 3877 3442 3928 triti-

1877 3991 1998 4033 cum
2027 3975 2402 4039 illaboratum;
2430 3985 2580 4026 mare
2615 3983 2815 4024 sman
2846 3979 2896 4021 et
2921 3967 3186 4020 montium
3213 3966 3444 4021 vertices

1881 4069 2134 4125 ﬂuetibus
2163 4066 2409 4130 imitans,
2441 4075 2571 4116 voce
2605 4059 3064 4128 tranquillantem,
3091 4056 3308 4126 pelagus
3345 4071 3440 4111 ceu

1881 4161 2253 4231 pavimentum
2288 4154 2560 4226 quoddam
2595 4151 2824 4218 pedibus
2873 4149 3203 4214 calcantem;
3242 4149 3441 4221 (Ιειιιειο-

1880 4253 2044 4311 nibus
2103 4264 2200 4305 ceu
2257 4245 2544 4315 mancipiis
2590 4241 2833 4296 heriliter
2873 4239 3254 4307 imperantem;
3310 4240 3442 4303 hmo,

1881 4344 2125 4413 inquam,
2170 4338 2355 4394 omnia
2418 4334 2700 4392 divinitati
2729 4331 2850 4401 ejus
2901 4332 3200 4387 attribuito.
3252 4330 3444 4384 Cavete

1879 4433 2177 4506 quominus
2204 4430 2428 4487 alterius
2450 4423 2735 4496 cujusdam
2758 4423 3008 4480 sublimia
3035 4436 3216 4491 opera.
3240 4427 3292 4474 et
3316 4419 3442 4473 item

1881 4524 2113 4581 alterius
2155 4519 2439 4590 cujusdam
2478 4514 2704 4569 humilia
2754 4529 2876 4570 esse
2929 4511 3286 4574 existimetis;
3350 4511 3445 4564 sed

1886 4616 1981 4671 uni
2009 4614 2295 4679 eidemque
2339 4618 2393 4662 et
2433 4606 2548 4660 hzee
2585 4615 2639 4658 et
2676 4605 2766 4659 illa
2803 4605 3083 4673 imputate.
3133 4598 3264 4668 Ejus
3299 4601 3443 4653 enim

195 4688 308 4743 τοῦ
337 4689 412 4743 τὰ
436 4689 754 4760 παθήματαο
791 4685 874 4754 εἷς
901 4692 1012 4764 γάρ
1062 4696 1156 4751 καὶ
1205 4699 1235 4752 6
1271 4700 1434 4763 αὐτός
1471 4701 1625 4753 ἐστιν
1652 4701 1771 4768 Υἱὸς

1884 4713 2015 4763 sunt
2042 4701 2224 4756 divina
2277 4696 2495 4761 omnia,
2551 4697 2781 4766 ejusque
2837 4695 2963 4747 item
3019 4699 3148 4744 sunt
3207 4691 3442 4744 luunana

193 4781 369 4851 ἐμὸς,
390 4781 460 4835 τὰ
485 4783 587 4852 τῆς
613 4781 802 4836 ἑαυτοῦ
826 4784 1076 4857 θεότητος
1104 4787 1467 4858 ἐργαζόμενος
1492 4788 1648 4861 ἔργα,
1680 4796 1775 4846 καὶ

1884 4787 2067 4852 omnia
2105 4809 2119 4845 :
2160 4789 2280 4857 ejus
2315 4795 2444 4841 sunt
2479 4787 2796 4849 ereationes,
2821 4782 2943 4850 ejus
2977 4781 3103 4834 item
3141 4780 3442 4850 passiones.

195 4873 282 4926 τά
308 4871 412 4943 τῆς
441 4871 635 4926 ἑαυτοῦ
666 4873 871 4944 σαρκὸς
896 4876 1266 4950 οἰκειούμενος
1305 4881 1544 4935 ἅπαντα.
1589 4880 1771 4951 οὗτός

1883 4886 2035 4942 Unus
2068 4881 2270 4952 quippe
2308 4877 2564 4947 idemque
2591 4886 2674 4932 est
2709 4874 2881 4929 Filius
2914 4886 3086 4939 meus,
3113 4873 3202 4942 qui
3243 4881 3296 4927 et
3335 4887 3448 4927 suae

195 4967 388 5020 ἐστιν
427 4968 464 5020 ό
511 4967 644 5033 Υἱός
686 4986 806 5038 μου
910 4971 1235 5043 ἀγαπητὸς,
1264 4972 1337 5027 ἐν
1377 4967 1425 5041 ᾧ
1455 4975 1771 5044 εὐδόκησα.

1879 4971 2183 5029 divinitatis
2223 4983 2383 5039 opera
2443 4962 2593 5035 facit,
2634 4976 2688 5022 et
2723 4962 2908 5017 omnia
2954 4977 3076 5032 qum
3121 4964 3303 5018 carnis
3335 4980 3447 5019 sua:

197 5049 386 5120 οὗτός
416 5058 564 5112 ἐστιν
593 5060 856 5130 ἄμπελος,
872 5049 979 5120 ὀιαὶ
1014 5063 1154 5134 θύρα
1190 5064 1298 5115 τῶν
1329 5062 1469 5126 τέως
1493 5065 1771 5138 πλανωμέ-

1881 5074 2052 5131 sunt,
2103 5061 2205 5117 sibi
2235 5059 2452 5130 propria
2485 5058 2636 5112 facit.
2674 5055 2777 5108 llic
2813 5061 2888 5107 est
2920 5052 3096 5107 Filius
3127 5070 3269 5108 meus
3313 5054 3446 5108 dile-

195 5167 322 5204 νων
374 5150 683 5221 προϐάτων·
722 5153 966 5223 ἄμπελος
1007 5155 1042 5226 ἡ
1071 5154 1130 5207 ἐν
1166 5153 1415 5224 οὐρανοῖς
1444 5155 1645 5227 ἔχουσα
1681 5159 1771 5227 ei)»

1883 5169 2021 5221 ctus,
2051 5159 2108 5210 in
2134 5170 2236 5224 quo
2268 5153 2395 5206 mihi
2430 5153 2553 5204 bene
2580 5146 2894 5215 complacui.
2936 5145 3034 5200 llic
3062 5157 3146 5201 est
3169 5146 3313 5210 vitis,
3359 5145 3447 5198 hic

203 5239 396 5311 ῥίζαν,
426 5241 522 5294 ἐπὶ
550 5242 653 5314 γῆς
683 5241 741 5297 δὲ
766 5245 836 5299 τά
871 5245 1144 5314 κλήματα·
1171 5243 1417 5313 ἄμπελος
1448 5247 1771 5316 κλαδευομὲ-

1879 5245 2044 5314 janua
2071 5240 2372 5298 errantium
2395 5247 2556 5295 antea
2580 5236 2760 5292 ovium
2790 5253 2803 5287 :
2831 5233 2960 5289 vitis
2989 5235 3194 5290 habens
3220 5235 3271 5289 in
3296 5234 3446 5288 cmlis

196 5347 278 5402 νη
315 5330 382 5384 τὸ
413 5331 590 5404 σῶμα.
626 5335 744 5389 ἀλλ’
769 5337 834 5389 ού
861 5335 1226 5409 ξηραινομὲνη
1251 5338 1352 5411 τὴν
1385 5338 1563 5410 ῥίζανο
1608 5340 1771 5409 ἄμπε-

1885 5334 2100 5389 radices
2123 5370 2140 5397 ,
2196 5331 2250 5385 in
2293 5340 2437 5386 terra
2485 5336 2663 5383 autem
2712 5324 2962 5394 palmites
2995 5344 3008 5381 :
3043 5325 3169 5379 vitis
3203 5322 3446 5390 corporis

193 5425 304 5487 ito;
339 5424 480 5492 μετὰ
524 5425 716 5495 τρίτην
749 5426 968 5498 ἡμέραν
1005 5427 1101 5483 τοῦ
1131 5429 1509 5501 κλαδευθῆναι,
1556 5430 1771 5502 βλαστά·

1881 5424 2054 5480 ramis
2097 5421 2416 5492 amputatis,
2463 5418 2554 5474 sed
2595 5416 2739 5470 haud
2776 5425 3055 5472 arescente
3081 5415 3294 5469 radice:
3324 5412 3447 5465 ritis

193 5529 383 5567 νουσα
423 5513 514 5569 τὸν
548 5514 741 5584 βότρυν
787 5516 887 5586 τῆς
939 5519 1310 5595 ἀναστάσεως.
1339 5516 1511 5588 Οὗτός
1556 5521 1704 5574 ἐστιν
1745 5521 1771 5590 ἦ

1877 5531 2004 5588 quae
2031 5523 2156 5585 post
2184 5515 2408 5570 tertium
2437 5525 2466 5564 a
2501 5508 2782 5578 putatione
2828 5509 2992 5573 diem,
3033 5504 3447 5559 resurreetionis

194 5602 378 5674 υύρτ
411 5605 483 5658 δι’
510 5604 677 5662 αὑτοῦ
699 5606 810 5679 γάρ
831 5609 865 5662 6
892 5612 1164 5667 πιστεύων
1182 5611 1488 5684 εἰσέρχεται
1521 5613 1655 5686 πρός
1686 5629 1771 5681 με.

1880 5622 2162 5664 racemum
2205 5601 2548 5675 germinavit.
2605 5597 2702 5654 llic
2750 5609 2834 5655 est
2889 5601 3088 5666 janua;
3124 5610 3217 5664 per
3269 5595 3446 5664 ipsum

194 5688 385 5758 οὗτός
431 5696 584 5751 ἐστιν
630 5698 857 5770 μεσίτης
900 5700 1034 5773 ἐμὸς
1074 5704 1170 5758 καὶ
1214 5704 1322 5758 τῶν
1349 5683 1771 5760 δούλωνούτοῦ·

1883 5698 2032 5754 enim
2061 5697 2158 5768 qui
2185 5693 2356 5748 credit
2393 5691 2458 5745 ad
2485 5706 2572 5746 me
2604 5690 2920 5760 ingreditur.
2951 5686 3050 5740 llic
3075 5695 3162 5740 est
3184 5683 3447 5739 mediator

198 5788 476 5843 συνάπτει
511 5789 620 5859 γάρ
661 5806 753 5860 μοι
798 5789 926 5857 τοὺς
969 5795 1479 5868 προσκεκρουκότας
1522 5797 1581 5849 ἐν
1610 5795 1771 5866 αὐτῷ.

1890 5804 2045 5847 meus
2097 5784 2539 5852 famulorumque
2593 5786 2846 5846 suorum;
2877 5776 3073 5833 ctenim
3115 5790 3210 5847 per
3247 5784 3446 5833 semet-

275 5879 329 5912 ³⁸
356 5874 525 5934 ﬂcbr.
561 5892 636 5945 ιν,
674 5878 760 5934 15.
1745 5887 1747 5889 ’
