4024 6340
154 449 288 519 1881

1136 451 1236 511 DE
1267 450 1638 515 BAPTISMO
1660 450 1980 515 CHRISTI
2006 450 2257 514 SERMO
2284 452 2369 515 II.

3237 454 3375 527 1882

150 563 227 615 λιν
253 562 438 630 κρῖναι
474 559 682 623 ζῶντας
714 565 809 614 καὶ
849 561 1095 630 νεκροὺς,
1129 562 1218 615 ἶνα
1254 564 1340 635 ι’δῃ
1367 563 1567 628 Ἰούδας
1590 564 1712 619 τινα

1817 578 2086 629 mortuos,
2109 575 2168 619 ut
2195 564 2362 619 Judas
2394 560 2616 633 aspiciat
2639 578 2799 637 quem
2832 567 3133 624 vendiderit
3159 567 3372 627 Domini

153 653 435 719 πέπρακεν
458 652 570 713 τοῖς
602 651 1008 721 Κυριοκτόνοις,
1031 650 1117 704 ἵνα
1138 651 1436 715 θεάσωνται
1476 653 1713 708 Ἰουδαῖοι

151 744 307 794 ποίαν
333 740 574 812 κεφαλήν
601 744 719 805 ταῖς
748 737 1009 804 ἀκάνθαις
1040 742 1443 812 ἐστεφάνωσαν,
1476 744 1562 797 ἵνα
1586 744 1713 798 ὅταν

152 837 333 886 ίδωσιν
356 834 518 887 αὐτὸν
559 835 652 887 ἐπὶ
687 835 780 887 τοῦ
813 835 1124 889 δικαστικοῦ
1152 836 1342 907 θρόνου
1385 839 1712 910 καθήμενον,

152 928 242 980 καὶ
276 928 345 980 τὰ
373 928 652 997 Χερουϐὶμ
693 929 834 999 μετὰ
866 929 1031 997 φόϐου
1068 929 1164 983 καὶ
1194 930 1397 1001 τρόμου
1440 930 1713 998 παριστά-

154 1033 311 1083 μενα,
358 1018 452 1099 και
493 1017 739 1070 εἴπωσιν
780 1020 966 1088 Ἡμεῖς
1002 1018 1187 1072 τοῦτον
1232 1018 1331 1071 ούκ
1364 1018 1714 1089 ἐσταυρώσα-

153 1123 272 1173 μεν,
298 1104 432 1160 ἀλλά
452 1122 572 1159 τινα
604 1106 808 1177 Ἰησοῦν
832 1109 1158 1179 Ναζωρηνὸν
1187 1108 1555 1179 Βηθλεεμίτην
1584 1125 1717 1163 κατ-

150 1194 460 1264 εκρίναμεν,
494 1196 760 1261 ὑποδείξει
788 1198 971 1262 αὐτοῖς
999 1197 1098 1269 τὴν
1123 1199 1382 1269 πλευρὰν,
1416 1199 1511 1254 καὶ
1535 1199 1717 1253 ίδωσιν

149 1286 225 1346 ei;
259 1283 322 1338 ὃν
346 1284 726 1357 ἐξεκέντησαν,
762 1288 857 1343 καὶ
888 1288 1339 1361 προσκυνήσωσιν
1376 1289 1467 1343 καὶ
1512 1288 1590 1359 μὴ
1622 1289 1716 1342 θέ-

149 1375 355 1439 λοντες.
424 1396 429 1399 ‘

220 1488 270 1539 ι’.
314 1486 424 1557 (39)
453 1485 542 1557 [Τί
568 1487 749 1543 τοίνυν
787 1488 848 1541 τὸ
887 1488 1162 1554 πιστεύειν
1202 1488 1429 1557 ἀφέντες
1457 1487 1707 1558 τεχνολοο

151 1575 354 1644 γοῦμεν
386 1576 485 1646 τὴν
513 1577 728 1642 πιστινς
754 1577 819 1629 Τί
836 1576 1159 1646 .πληροῦμεν
1182 1578 1279 1646 τὴν
1300 1576 1596 1645 ἐπιθυμίαν
1621 1574 1716 1628 τοῦ

152 1665 329 1718 κοινοῦ
376 1666 705 1736 δυσμενοῦς;
738 1667 1108 1737 Λογισὰμενος
1161 1667 1270 1736 γὰρ
1316 1669 1345 1720 6
1405 1665 1648 1728 διάϐολος
1687 1664 1719 1717 6

152 1757 327 1817 κοινὸς
368 1757 465 1825 τῆς
514 1756 929 1827 ἁνθρωπότητος
982 1756 1215 1828 λυμεὼν,
1255 1756 1335 1809 ὅτι
1374 1756 1616 1825 γαλήνης
1660 1756 1719 1807 έν

151 1849 282 1915 ἡμῖν
313 1846 755 1915 πολιτευομένης.
784 1846 851 1899 τὰ
887 1848 984 1916 τῆς
1019 1845 1297 1907 εὐσεϐείας
1329 1844 1498 1909 ἀνθεῖ,
1536 1846 1637 1913 τῆς
1654 1843 1714 1896 δὲ

152 1938 389 2000 πίστεως
418 1936 736 2006 λαμπούσης
791 1936 903 2006 (40)
953 1938 1153 2001 εύζωῒα
1203 1937 1411 2005 κρατεϊο
1441 1933 1713 1998 πολιτείας

150 2028 203 2079 δὲ
234 2026 513 2094 θεοφιλοῦς
545 2026 1001 2097 κατορθουμένης,
1034 2024 1428 2096 μακαριότητος
1451 2023 1507 2075 δὲ
1541 2038 1717 2092 μεσα-

151 2113 351 2185 ζούσης
402 2114 535 2185 (41),
590 2116 733 2182 φίλοι
780 2114 873 2167 τοῦ
924 2114 1269 2185 Δημιουργοῦ
1327 2111 1716 2185 καθιστάμενοι

152 2206 286 2275 πρὸς
322 2205 414 2258 τὸν
453 2205 783 2274 ποθούμενον
811 2206 1181 2276 ἁνατρέχομεν
1208 2204 1342 2273 (42),
1374 2204 1462 2256 ἵνα
1498 2204 1573 2273 μὴ
1625 2202 1719 2254 ἁν-

150 2295 396 2366 έὶθωμεν
425 2296 536 2366 (43)
558 2296 679 2348 ὅθεν
711 2298 913 2359 ἐκεῖνος
948 2297 1269 2358 κατέπεσεν,
1312 2295 1475 2362 ὁρᾶτε
1523 2292 1575 2344 τί
1616 2308 1717 2343 πε-

150 2386 397 2456 ποίηκεν,
434 2386 529 2440 καὶ
547 2386 662 2449 πῶς
696 2386 1020 2457 πανούργως
1054 2387 1148 2439 καὶ
1182 2383 1413 2452 δολερῶς
1447 2382 1559 2450 (44)
1594 2380 1715 2434 καθ’

150 2477 308 2547 ἡμῶν
348 2476 667 2549 ἑραψῴδησε
710 2477 964 2546 πόλεμον,
1007 2477 1036 2527 6
1078 2472 1459 2544 μηχανοράφος
1483 2470 1590 2523 τῶν
1618 2486 1717 2524 κα·

149 2562 282 2628 κῶν,
318 2564 415 2615 καὶ
442 2563 601 2630 σοφὸς
638 2564 698 2616 ὲν
721 2563 975 2628 ἀπάταις,
1007 2562 1103 2615 καὶ
1138 2560 1377 2621 ποικίλος
1408 2561 1467 2612 ὲν
1493 2558 1715 2611 ὲπιϐουέ

149 2652 286 2720 λατς,
316 2653 412 2707 κα)⁸
438 2653 689 2717 πλούσιος
723 2656 780 2706 ὲν
804 2656 915 2716 τοῖς
937 2655 1128 2715 κακοῖς
1158 2655 1541 2723 μηχανήμασι;
1570 2650 1718 2720 Παρ-

149 2744 447 2798 εσκεύασέν
489 2743 601 2814 (45)
641 2762 794 2808 τινας
829 2748 884 2798 ἐν
913 2745 1259 2813 προσχήματι
1298 2742 1398 2812 τῆς
1437 2738 1715 2801 εὐσεϐείας

146 2835 560 2907 στρατεύεσθαι,
608 2840 700 2891 καὶ
745 2840 845 2907 τῆς
894 2838 1126 2904 πίστεως
1166 2836 1266 2907 τὴν
1309 2836 1536 2906 ζήτησιν
1573 2833 1718 2886 κατὰ

146 2928 245 2996 τῆς
277 2927 515 2990 πίστεως
545 2928 779 2981 ὥπλισεν
811 2928 944 2998 (44),
987 2925 1089 2979 και
1110 2927 1243 2979 πᾶσι
1278 2927 1389 2987 τοῖς
1437 2922 1717 2976 εύσεϐέσιν

147 3018 212 3070 δι’
239 3017 420 3071 αὐτῶν
445 3016 670 3087 ἄκαιρον
702 3017 1032 3087 φιλονεικίας
1053 3016 1146 3069 καὶ
1169 3014 1509 3084 ψυχοφθόρον
1540 3012 1719 3065 ἐνέϐα-

147 3108 203 3161 λε
242 3108 499 3177 πόλεμον,
538 3110 634 3163 καὶ
663 3110 765 3178 τῆς
803 3107 1126 3177 Ἐκκλησίας
1147 3105 1215 3158 τὰ
1243 3104 1379 3175 μέλη
1402 3104 1521 3158 κατ’
1550 3102 1715 3172 ἀλλή-

1820 652 2105 713 hemicidis
2129 673 2144 722 ;
2173 666 2233 712 ut
2259 656 2428 711 Jndtei
2463 658 2679 711 videant.
2706 659 2977 727 quodnam
3004 672 3165 729 caput
3200 665 3373 734 spinis

1813 750 2221 815 coronaver’nt;
2247 748 2497 819 denique,
2529 760 2587 803 ut
2602 765 2726 803 cum
2753 750 3006 805 videlmnt
3036 753 3087 806 in
3118 754 3374 811 tribunali

1816 840 2122 904 sedentem,
2154 848 2208 894 et
2240 839 2580 893 Clierubinos
2608 854 2673 893 ac
2700 838 3029 910 Serapliinos
3074 858 3195 898 cum
3227 856 3374 902 metu

1815 942 1979 1002 atque
2021 940 2227 987 terrore
2254 939 2513 996 astantes,
2576 930 2864 1002 diceutque
2897 950 2911 988 :
2944 932 3052 989 Nos
3080 936 3222 990 hunc
3262 952 3372 991 non

1814 1020 2208 1085 cruciﬁximus,
2260 1019 2354 1075 sed
2402 1018 2583 1076 Jesum
2617 1022 2904 1089 quemdam
2938 1022 3270 1079 Nazarenum
3304 1027 3373 1081 de

1818 1101 2092 1164 Beilileem
2126 1108 2632 1165 condemuavimus:
2664 1124 2780 1178 ipse
2811 1110 2952 1164 latus
2985 1111 3065 1165 eis
3103 1113 3369 1177 ostendat,

1816 1202 2140 1271 videamque
2184 1200 2238 1256 in
2273 1213 2436 1272 quem
2472 1198 2877 1267 transfixerint,
2916 1211 2974 1258 et
3012 1202 3095 1258 vel
3129 1205 3371 1259 nolentes

1817 1288 2066 1348 adorent.
3145 1288 3151 1295 ’

1888 1493 1978 1549 10.
2025 1493 2134 1549 Cur
2162 1493 2341 1563 itaque
2375 1492 2693 1549 credulitate
2735 1494 2961 1564 abiecta,
3001 1494 3268 1564 quoddam
3309 1492 3374 1547 tl-

1816 1586 1901 1640 dei
1934 1584 2217 1640 artiﬁcium
2245 1581 2652 1651 excogitamus?
2677 1583 2787 1638 Cur
2823 1583 3025 1637 inimici
3066 1581 3373 1637 communis

1817 1684 1946 1727 voto
1974 1671 2258 1726 favemus?
2283 1670 2648 1725 Considerans
2693 1671 2839 1726 enim
2870 1670 3174 1725 communis
3198 1669 3375 1723 immi—

1818 1779 1949 1817 num
1985 1762 2155 1832 pestis
2199 1762 2471 1824 diabolus,
2508 1760 2664 1815 nobis
2705 1777 2828 1817 cum
2878 1778 3009 1832 pace
3038 1760 3370 1821 viventibus,

1823 1855 1937 1909 fore
1969 1862 2027 1908 ut
2060 1851 2244 1919 religio
2264 1851 2517 1916 ﬂoreret;
2548 1859 2608 1904 ut
2638 1850 2876 1919 fulgente
2915 1851 3037 1915 fide,
3071 1857 3272 1903 rectum
3298 1847 3373 1898 vi-

1817 1955 1884 2000 tae
1914 1959 2085 2014 genus
2114 1941 2544 2005 convalesceret;
2578 1941 2853 2009 gratisque
2888 1942 2994 1993 Deo
3031 1936 3372 1993 ntoribusin-

1817 2036 2046 2097 stitutis,
2094 2033 2396 2087 bealitatem
2449 2017 2738 2099 quamdam
2778 2031 2978 2100 adepti,
3027 2040 3080 2084 et
3124 2025 3370 2083 Creatori

1813 2128 1923 2196 jam
1952 2125 2123 2189 cliari,
2151 2124 2217 2177 ad
2238 2131 2479 2192 Optatum
2505 2122 2663 2176 linem
2689 2122 3136 2185 decurreremus;
3172 2132 3240 2171 ne
3267 2130 3371 2170 nos

1817 2218 1944 2271 illuc
1987 2214 2369 2279 ascendamus,
2418 2212 2561 2267 unde
2593 2212 2709 2282 ipse
2757 2212 2990 2275 excidit,
3023 2210 3200 2265 videte
3243 2206 3373 2276 quid

1812 2301 2077 2371 egerit,ct
2115 2315 2278 2370 quam
2331 2299 2600 2353 malitiose
2639 2298 2932 2368 doloseque
2970 2296 3228 2350 adversus
3274 2309 3375 2348 nos

1816 2396 2017 2450 bellum
2044 2392 2360 2449 conﬂaverit
2390 2392 2477 2445 hic
2503 2389 2831 2444 artiﬁciosus
2866 2390 3133 2442 malorum
3172 2383 3373 2453 opifex,

1817 2486 1884 2540 ad
1917 2483 2156 2539 fraudem
2196 2481 2443 2543 callidus,
2469 2481 2522 2533 in
2555 2477 2766 2533 insidiis
2797 2485 3061 2541 versatus,
3088 2475 3377 2545 improbis-

1816 2592 1924 2647 que
1970 2554 2341 2630 molitionibus
2376 2571 2545 2625 dives.
2582 2567 2812 2637 Operam
2845 2564 3009 2630 dedit,
3039 2574 3097 2617 ut
3128 2563 3375 2617 nonnulli

1817 2668 1921 2722 sub
1962 2665 2170 2735 pietatis
2199 2664 2421 2716 obtentu
2462 2660 2708 2712 militiam
2761 2656 3119 2723 susciperent,
3150 2660 3204 2705 et
3252 2650 3375 2705 lidei

1816 2758 2145 2827 quaestiones
2167 2752 2425 2806 adversus
2462 2749 2620 2802 ﬁdem
2648 2746 2896 2809 armavit,
2936 2742 3257 2811 cunctisque
3280 2754 3374 2794 or-

1818 2846 2069 2901 tliodoxis
2103 2858 2195 2913 per
2235 2842 2332 2895 hos
2371 2840 2738 2908 importunum
2768 2834 3160 2906 animabusque
3194 2829 3381 2883 esttio-

1817 2954 1937 2994 smn
1978 2934 2259 2989 discordia:
2289 2931 2485 2985 bellum
2516 2929 2721 2997 injecit,
2756 2936 2810 2981 et
2851 2928 2905 2980 in
2926 2923 3175 2979 Ecclesia:
3210 2935 3381 2973 mem-

1816 3029 1929 3084 bris
1982 3024 2290 3078 intestinam
2327 3034 2557 3090 pugnam
2602 3017 2915 3071 commovit.
2952 3014 3071 3079 Quo
3102 3013 3262 3074 facto,
3302 3009 3380 3062 al-

1819 3128 1929 3171 tum
1951 3114 2143 3169 attollit
2164 3111 2516 3173 cachinnum,
2546 3109 2733 3163 videns
2754 3106 2847 3175 qui
2879 3105 2993 3159 suis
3012 3102 3252 3157 consiliis
3282 3114 3378 3168 pa-

146 3200 253 3253 ).ων
276 3201 653 3269 ἐστράτευσεν·
691 3197 807 3253 εἶτα
832 3198 966 3270 γελᾷ
990 3196 1195 3251 πλατὺν
1239 3194 1468 3263 γέλωτα,
1506 3193 1712 3263 βλέπων

1819 3210 2039 3258 ruerant
2076 3200 2386 3259 subversos,
2421 3204 2583 3263 atque
2611 3209 2677 3248 ex
2707 3208 2895 3246 eorum
2939 3190 3145 3244 mutuis
3165 3187 3379 3240 damnis

146 3294 271 3354 τοὺς
318 3291 676 3361 πειθομένους
712 3290 861 3359 αὐτῷ
911 3292 1032 3351 ταῖς
1078 3288 1292 3357 βουλαῖς
1349 3284 1718 3357 τερπομένους

148 3384 277 3453 παρ’
321 3381 510 3449 αὑτοῦ,
542 3383 637 3436 καὶ
661 3380 960 3451 τέρποντας
997 3379 1158 3433 αὐτὸν
1191 3372 1273 3441 οἷς
1315 3377 1435 3429 κατ’
1472 3374 1718 3444 ἀλλήλων

145 3472 492 3545 ἐργάζονται,
529 3473 625 3526 καὶ
669 3472 790 3525 οὐδὲ
835 3471 973 3540 μετὰ
1000 3472 1099 3539 τὴν
1136 3471 1332 3539 πεῖραν
1367 3467 1475 3519 τῶν
1507 3465 1716 3518 κακῶν.

145 3565 477 3636 Στρέφωμεν
518 3564 629 3637 (47)
656 3562 835 3616 τοίνυν
866 3560 1007 3615 κατὰ
1047 3561 1145 3631 τῆς
1190 3557 1428 3629 πονηροῦ
1481 3555 1719 3625 κεφαλῆς

144 3650 306 3703 τοῦτο
335 3651 402 3720 δὴ
427 3650 487 3703 τὸ
518 3650 700 3719 σοφὸν,
733 3650 825 3702 καὶ
851 3649 950 3719 τήν
974 3646 1315 3718 εὐφροσύνην
1345 3644 1513 3698 αὐτοῦ
1550 3659 1716 3713 μετα-

147 3740 409 3812 ϐάλωμεν
442 3743 524 3804 είς
551 3741 744 3808 ὀδύνην
782 3739 877 3791 κα)⁷
904 3738 1096 3801 πένθος
1128 3736 1595 3806 ἀπαρηγόρευτον⁹
1625 3733 1719 3786 καὶ

144 3832 477 3902 ποθήσωμεν
503 3830 609 3900 τὴν
636 3830 889 3900 εἰρήνην,
926 3829 994 3899 ἢν
1022 3830 1237 3890 ἐκεῖνος
1275 3830 1440 3898 μισεῖ·
1470 3824 1721 3879 καταλεί-

143 3920 341 3990 πωμεν
367 3920 429 3972 τδ
450 3921 800 3989 ζυγοστατεῖν
830 3918 940 3991 (48)
964 3919 1057 3971 κα)⁷
1083 3918 1400 3987 σταθμίζειν
1418 3918 1516 3978 τὰς
1545 3914 1718 3977 λέξεις

141 4012 235 4065 τοῦ
258 4012 552 4081 δόγματοςσ
579 4010 915 4081 παυσώμεθα
945 4008 1041 4062 τοῦ
1071 4008 1245 4061 θέλειν
1273 4005 1411 4061 εἶναι
1438 4006 1545 4060 τῶν
1574 4005 1709 4059 διδαι

142 4102 365 4155 σκὰλων
397 4101 725 4156 διδάσκαλοι·
776 4103 1095 4170 μισήσωμεν
1141 4098 1202 4152 τὺ
1254 4098 1576 4167 λογομαχεῖν
1626 4095 1719 4149 ἐπὶ

142 4197 499 4265 καταστροφῇ
525 4194 635 4247 τῶν
658 4193 980 4247 ἀκουόντων·
1018 4189 1401 4258 πιστεύσωμεν
1429 4188 1504 4251 ὼς
1531 4190 1578 4241 oi
1605 4189 1717 4242 Παι-

140 4285 301 4355 τέρες
328 4285 487 4355 ήμῶν
515 4286 857 4357 παρέδωκανο
888 4282 989 4335 οὐκ
1019 4281 1187 4351 ἐσμὲν
1214 4280 1323 4333 τῶν
1353 4278 1613 4351 Πατέρων
1637 4294 1720 4331 σο-

142 4377 407 4449 φώτεροι·
440 4378 539 4446 οὐκ
584 4374 747 4444 ἐσμὲν
775 4375 884 4428 τῶν
920 4374 1255 4427 διδασκάλοιν
1284 4373 1442 4442 ήμῶν
1491 4369 1714 4438 ἀκριϐέ-

141 4485 349 4538 στεροι·
402 4468 500 4520 οὐκ
546 4466 712 4535 ἐσμὲν
754 4465 863 4518 τῶν
906 4465 1179 4534 ποιμένων
1241 4461 1520 4531 ποιμένες,
1584 4457 1717 4510 ἀλλὰ

1819 3294 2053 3347 fructum
2084 3287 2321 3355 capiens,
2356 3285 2450 3353 qui
2490 3299 2556 3337 ne
2583 3291 2706 3352 post
2738 3282 2908 3350 ipsam
2949 3279 3166 3348 quidem
3202 3276 3378 3329 malo-

1818 3397 1939 3436 rum
1975 3377 2360 3448 experientiam
2416 3382 2655 3428 cessant.
2707 3370 3083 3439 Torqueamus
3123 3366 3281 3435 igitur
3323 3364 3379 3417 in

1816 3479 1982 3540 caput
2014 3469 2132 3538 ejus
2163 3467 2303 3520 lianc
2335 3464 2505 3533 ipsius
2534 3461 2811 3526 astutiam,
2848 3458 3211 3528 gaudiumque
3234 3453 3380 3522 ejus-

1818 3563 1939 3618 dem
1966 3562 2019 3616 iu
2040 3561 2282 3615 dolorem
2310 3558 2623 3626 luctumque
2645 3562 2957 3621 perpetuum
2979 3554 3377 3603 convertamus.

1818 3652 2037 3717 Pacem,
2065 3664 2227 3720 quam
2259 3648 2374 3716 ipse
2422 3645 2554 3707 odit,
2587 3653 2868 3712 optemus:
2906 3637 3216 3694 desinamus
3247 3647 3383 3701 pon-

1816 3743 2007 3797 derare
2028 3746 2082 3794 et
2108 3739 2174 3792 ad
2198 3738 2405 3791 lancem
2430 3736 2645 3805 exigere
2669 3732 2939 3803 dogmatis
2962 3725 3244 3782 vocabula.
3274 3721 3380 3776 No-

1816 3833 1981 3887 limus
2002 3842 2122 3884 esse
2141 3827 2527 3895 magistrorum
2551 3824 2793 3892 magistri
2822 3838 2835 3873 :
2861 3833 3070 3889 pugnas
3091 3814 3381 3870 verborum

1816 3924 2082 3984 vitemus,
2135 3917 2334 3987 quibus
2384 3914 2660 3968 auditores
2694 3905 3301 3980 pervertuntur:ﬁdem
3348 3916 3379 3955 a

1816 4012 2063 4084 patribus
2101 4009 2302 4063 nostris
2332 4004 2585 4060 traditam
2617 4012 2918 4056 teneamus.
2946 3995 3198 4050 Patr-ibus
3221 3992 3382 4061 quip-

1817 4080 1884 4172 pe
1916 4098 2117 4154 nostris
2145 4094 2500 4164 Sapientiores
2530 4105 2636 4145 non
2674 4101 2886 4149 sumus,
2926 4097 3025 4137 nec
3064 4080 3380 4135 doctoribus

1818 4190 2022 4246 nostris
2064 4185 2458 4254 ingeniosiores
2481 4199 2498 4237 :
2522 4191 2799 4251 pastorum
2834 4190 2939 4230 non
2979 4188 3168 4227 sumus
3200 4180 3378 4240 pasto-

1816 4296 1923 4342 res,
1958 4276 2054 4332 sed
2084 4288 2211 4329 oves
2250 4291 2263 4327 :
2294 4286 2457 4343 porro
2497 4272 2564 4325 ab
2602 4270 2792 4324 ovibus
2844 4281 2949 4319 nou
2996 4274 3257 4334 reguntur
3286 4276 3379 4330 pa-

1819 4379 2017 4429 stores,
2050 4366 2143 4421 sed
2176 4380 2207 4419 a
2229 4363 2536 4433 pastoribus
2573 4374 2719 4413 oves.
2745 4357 2824 4410 Ad
2859 4371 3043 4425 pacem
3074 4371 3174 4409 nos
3206 4354 3370 4412 Deus,

1817 4474 1925 4512 non
1950 4458 2017 4511 ad
2066 4471 2323 4526 pugnam,
2382 4449 2609 4504 vocavit.
2651 4447 2963 4501 Maueamus
3003 4446 3054 4499 in
3101 4442 3382 4496 vocatione

139 4559 415 4629 πρόϐατα·
446 4559 507 4610 ού
565 4556 838 4626 ποιμαίνει
877 4557 943 4608 τὰ
986 4555 1231 4623 πρόϐατα
1255 4552 1379 4613 τοὺς
1426 4549 1709 4618 ποιμένας,

1816 4558 2024 4603 nostra.
2066 4546 2341 4616 Mysticam
2390 4554 2629 4594 mensam
2669 4553 2794 4593 cum
2846 4547 3073 4592 tremore
3126 4544 3375 4585 reverea-

137 4648 255 4701 ἀλλ’
284 4650 337 4702 οἱ
375 4647 630 4716 ποιμένες
682 4646 750 4697 τὰ
797 4644 1062 4715 πρόϐατα.
1101 4642 1189 4694 Ἐν
1220 4642 1410 4711 εἰρήνῃ
1451 4640 1563 4708 (49)
1612 4638 1706 4690 κέ-

136 4738 346 4808 κληκεν
375 4738 485 4805 (50)
513 4737 660 4805 ἡμᾶς
698 4737 725 4787 6
752 4733 904 4797 Θεὸς,
926 4732 1025 4785 οὐκ
1074 4733 1133 4785 ὲν
1163 4733 1328 4802 μάχῃο
1369 4731 1444 4793 ὡς
1476 4728 1713 4798 ἐκλήθη-

137 4848 261 4900 μεν,
297 4829 474 4889 οὕτως
502 4825 867 4911 ἐμμείνωμεν.
906 4823 1188 4897 Φρίξωμεν
1223 4826 1333 4894 (51)
1376 4824 1474 4892 τὴν
1517 4838 1710 4891 μυστι-

205 4961 324 5032 (59)
351 4959 702 5040 Sequenlem,
736 4959 909 5082 usqﬁtie
927 4959 991 5013 ad
1027 4961 1187 5013 verba
1229 4958 1322 5011 καὶ
1341 4955 1445 5019 ἔξω
1468 4955 1703 5024 φιλόνει-

205 5049 246 5082 ι.
281 5039 520 5082 tractum
546 5030 830 5082 versrculor
884 5044 935 5081 m
974 5028 1066 5082 47.
1103 5026 1286 5082 laudat
1316 5024 1553 5080 Joannes
1588 5041 1703 5079 mo-

135 5024 246 5095 κοι,
281 5024 520 5084 tractum
546 5024 935 5083 versiculoﬁrm
974 5028 1066 5093 47,
1103 5026 1286 5082 laudat
1316 5024 1704 5095 Joannesimo-

137 5094 353 5156 nachus
387 5099 501 5167 (qui
531 5097 758 5167 Heraclii
820 5099 952 5166 imp.
1006 5112 1122 5167 aevo
1154 5096 1307 5167 vixit)
1340 5096 1392 5147 in
1424 5094 1703 5167 Parallelis

135 5163 927 5245 riipefucaldiriis_a__Ler|uinio
946 5175 1074 5245 post
1108 5166 1197 5217 illa
1242 5163 1557 5242 Damasceni

136 5231 227 5297 tis'.
263 5248 307 5291 ι.
349 5234 415 5296 ll,
449 5250 521 5303 ρ.
568 5234 691 5294 775.
736 5231 843 5290 non
915 5231 1031 5288 sine
1062 5242 1238 5286 tamen
1291 5231 1455 5303 variis
1492 5231 1702 5303 mendis

136 5317 309 5374 atque
334 5300 750 5374 omissionibus.
772 5303 909 5374 _Sed
963 5310 1166 5374 tamen
1206 5300 1460 5374 notabilis
1485 5300 1587 5374 _ibi_
1617 5309 1700 5374 est

140 5368 398 5452 [τι-ιιυῆΙῇ
428 5387 603 5452 θετον,
635 5374 727 5452 qui
759 5370 1019 5438 Gregorio
1044 5370 1383 5449 Antiocheno
1414 5368 1699 5452 substituit

136 5438 673 5521 ϐεὸβοεῇηῌχξεοιιί
709 5454 979 5521 ’ρωποιιᾷ
1018 5438 1174 5521 cujus
1210 5452 1449 5516 errorem
1477 5446 1698 5521 seruitus

137 5520 222 5565 est
245 5504 304 5563 in
334 5504 672 5564 Bibliotheca
705 5507 887 5563 Graeca
938 5504 1241 5569 Fabricius,
1273 5505 1365 5574 qui
1432 5506 1573 5559 inter
1600 5504 1697 5558 de-

138 5577 355 5648 perdita
382 5576 612 5648 Nysseui
666 5576 867 5648 scripta
917 5583 1164 5648 recenset
1196 5575 1696 5648 hunc__sermonem

137 5641 205 5700 Ile
245 5647 360 5701 illis
392 5641 570 5700 verbis
603 5646 745 5699 :Hic
778 5641 877 5696 est
921 5641 1097 5695 Filius
1138 5659 1277 5696 meus
1303 5642 1545 5706 dilectus,
1590 5650 1693 5695 etc.

138 5713 497 5769 .‘iloriitionem
515 5714 656 5769 hanc
673 5713 771 5768 etsi
798 5726 896 5780 ego
917 5710 1043 5763 alibi
1067 5712 1243 5765 oblata
1278 5713 1564 5766 occasione
1580 5711 1696 5780 jam

140 5784 409 5852 feceram,
442 5782 689 5842 eamdem
728 5778 906 5839 tamen
951 5780 1055 5836 hoc
1104 5781 1277 5852 magis
1320 5781 1543 5851 proprio
1578 5778 1697 5834 loco

1816 4655 1957 4703 mur,
1997 4637 2138 4707 apud
2181 4648 2341 4703 quam
2388 4628 2629 4684 caelestia
2669 4628 2921 4699 mysteria
2957 4623 3373 4693 participanius,

1817 4730 1894 4783 Ne
1922 4728 2092 4783 simus
2118 4719 2309 4775 eodem
2347 4726 2589 4785 tempore
2611 4719 2869 4778 conviva},
2905 4723 2956 4766 et
2987 4709 3215 4764 invicem
3242 4708 3372 4759 insi«

1825 4819 2059 4873 diatores
2088 4830 2102 4865 :
2131 4824 2199 4865 ne
2244 4809 2333 4863 hic
2363 4806 2763 4862 communionis
2806 4802 2958 4866 socii,
3003 4812 3156 4854 extra
3192 4806 3371 4851 autem

1814 4951 2063 5007 omittere
2089 4961 2195 4998 non
2236 4943 2422 4999 debui.

1901 5016 1990 5084 40)
2028 5014 2123 5066 Ed.
2160 5008 2405 5084 Lequinii
2438 5011 2764 5084 κρατούσης.

1901 5020 1968 5071 40
2028 5020 2123 5066 Ed.
2160 5020 2405 5083 Lequinii
2438 5020 2764 5079 κρατούσης.

1876 5020 1990 5155 (41)
2024 5083 2227 5155 Desunt.
2248 5063 2489 5155 quinque
2512 5076 2989 5155 superior-mvelim
3018 5074 3069 5127 in
3102 5073 3192 5128 ed.

1876 5146 1989 5219 (42)
2011 5154 2203 5206 Adhuc
2232 5146 2334 5204 tria
2384 5146 2544 5207 verba
2581 5146 2775 5201 desunt
2805 5148 2858 5199 iu
2890 5146 2980 5200 ed.

1880 5224 1991 5291 (45)
2023 5221 2119 5291 βό.
2154 5220 2391 5291 deterius
2431 5219 2762 5291 ἐπέλθωμεν.

1877 5287 1989 5360 (44)
2026 5290 2184 5343 Deest
2221 5290 2276 5342 in
2310 5291 2396 5343 ed.
2420 5287 2668 5358 δολερῶς.

1814 5370 1817 5371 ⁷
1872 5362 1985 5430 (45)
2013 5360 2111 5430 Ιξιί.
2133 5359 2561 5430 παρασκευάζει.

1879 5425 1990 5497 (46)
2016 5425 2234 5497 Desunt
2253 5428 2307 5481 iu
2330 5428 2419 5483 ed.
2469 5425 2627 5497 verba
2655 5438 2769 5497 se}.

1873 5494 1984 5569 (47)
2015 5495 2219 5569 Qesunt
2254 5498 2307 5550 in
2332 5494 2622 5569 ed._verba
2663 5494 2756 5548 2:2.

1872 5563 1984 5633 (48)
2017 5564 2115 5635 Erl.
2149 5563 2494 5635 ζυγομαχεῖν.

1870 5632 1984 5707 (49)
2012 5632 2307 5707 ροευηις-ιιὶ
2346 5632 2430 5686 ed.
2463 5632 2630 5687 verba
2663 5634 2763 5701 ,13.

1873 5703 1987 5772 (50)
2011 5704 2113 5757 Ed.
2137 5703 2392 5772 ἐκάλεσεν

1874 5770 1985 5845 (51)
2010 5772 2108 5830 Ed.
2141 5770 2576 5842 προσμείνωμεν.
