4024 6340
140 400 263 470 1889

154 486 1806 536 __________________________

1433 370 2029 441 POENITENTIALE.

3191 352 3325 417 1890

1861 461 3306 498 ’Μ

905 596 1294 655 ΛΚΟΔΟΥΘΙΛ
1323 592 1442 646 ΚΑΙ
1481 586 1684 643 ΤΑΞΙΣ
1708 584 1820 638 ΕΠΙ
1853 574 2548 634 ΕΞΟΜΟΛΟΓΟΥΜΕΝΩΝ

1361 765 1365 769 ,
1552 698 1883 765 Συνταγεῖσα

799 829 942 885 Ἀπὸ
970 827 1078 882 τοῦ
1121 823 1296 879 ὁσίου
1323 786 1555 885 Πατρός
1587 810 1753 882 ἡμῶν
1785 807 2116 864 ιΩΑΝΝοΥ
2134 802 2241 858 τοῦ
2276 797 2642 871 Νηστευτοῦ.

581 1001 1108 1073 CONSEQUENTIA
1153 999 1240 1054 ET
1287 994 1476 1053 0RDO
1516 993 1700 1048 ERGA
1740 987 1871 1044 EOS
1901 983 2018 1051 QUI
2056 978 2370 1038 PECCATA
2397 972 2880 1032 CONFlTENTUR

1349 1117 1678 1163 (ιουῐιοειτυει
1703 1116 1771 1154 ΕΤ
1803 1108 2120 1151 ικετιτιςτυε

1064 1224 1108 1276 Λ
1144 1235 1323 1278 sancto
1354 1219 1514 1273 Patre
1533 1228 1713 1270 nostra
1748 1209 2049 1266 JOANA’E
2071 1206 2401 1276 Jejunator‘e.

198 1339 472 1412 Δαμϐἁνει
494 1341 523 1394 6
550 1339 726 1408 ἱερεὺς
755 1338 846 1391 τὸν
875 1335 1132 1407 μέλλοντα
1167 1330 1681 1404 ἐξομολογήσασθαι,
1716 1356 1726 1386 Α

1859 1319 2099 1375 Assnmit
2133 1317 2391 1371 sacerdos
2433 1318 2650 1382 peccata
2677 1306 3071 1370 confessurum,
3111 1312 3161 1358 et
3199 1303 3342 1360 sistit

137 1435 223 1490 καὶ
249 1435 373 1505 ἱστᾷ
418 1432 578 1487 αὐτὸν
623 1430 926 1501 ἔμπροσθεν
969 1428 1063 1481 τοῦ
1108 1422 1528 1494 Θυσιαστηρεου,
1593 1419 1688 1472 καὶ

135 1524 315 1594 ψάλλει
344 1522 460 1594 μετ’
493 1520 654 1574 αὐτοῦ
691 1520 752 1572 τὸ
776 1520 1054 1589 τρισάγιον
1072 1556 1087 1578 ,
1120 1517 1212 1570 καὶ
1240 1513 1452 1586 ψαλμὸν
1485 1511 1645 1564 ἕκτον
1667 1525 1683 1541 ·

137 1618 324 1683 Κύριε,
366 1615 453 1684 μὴ
490 1612 570 1679 τῷ
612 1612 776 1681 θυμῷ
824 1629 938 1666 σου
979 1610 1232 1680 ἐλέγξῃς
1263 1625 1362 1678 με,
1412 1607 1505 1660 καὶ
1545 1605 1684 1675 ψαλ-

139 1706 230 1774 μδν
267 1706 346 1757 κδ’
377 1721 390 1734 ·
440 1704 592 1772 Πρὸς
629 1703 724 1763 σὲ.
761 1703 958 1767 Κύριε,
987 1696 1100 1770 ἦρα
1137 1699 1252 1766 τὴν
1294 1696 1504 1766 ψυχήν
1544 1709 1683 1763 μουο

136 1794 225 1847 καὶ
256 1793 470 1863 ψαλμὸν
495 1791 558 1856 ν’,
590 1791 882 1859 Ἐλέησόν
893 1807 988 1859 με,
1021 1793 1054 1843 ὀ
1078 1791 1240 1854 Θεὸς,
1265 1787 1412 1841 κατὰ
1442 1783 1688 1858 τὺμέγα

133 1883 318 1947 ἕλεος.
355 1884 464 1936 Καὶ
499 1880 728 1947 δοξάζει.
764 1875 896 1933 Εἶτα
925 1878 1072 1946 λέγει
1098 1877 1307 1948 ψαλμὸν
1337 1874 1418 1928 λα’
1442 1891 1459 1907 ·
1489 1873 1688 1928 Μακά-

133 1993 241 2044 ριοι
285 1971 376 2043 ὧν
420 1975 735 2045 ἀφέθησαν
777 1974 838 2026 al
881 1970 1117 2040 ἀνομίαι
1149 1985 1165 2001 ο
1212 1969 1305 2022 καὶ
1339 1967 1549 2038 ψαλμὸν
1588 1961 1688 2032 ξο’,

145 2066 205 2121 '0
235 2067 382 2134 Θεὸς
423 2069 509 2138 εις
535 2062 956 2132 τὴν-,βοήθειάν
970 2078 1086 2129 μου
1120 2061 1403 2128 πρόσχεςο
1431 2057 1524 2111 καὶ
1550 2056 1688 2125 ψαλ-

137 2159 231 2230 μδν
257 2165 364 2231 pa’,
418 2159 614 2227 Κύριε,
641 2155 1005 2210 εἰσάκουσον
1031 2153 1141 2222 τῆς
1160 2149 1508 2219 προσευχῆς
1529 2165 1648 2218 μου
1671 2185 1690 2210 ,

134 2251 228 2305 καὶ
263 2251 305 2318 ἠ
359 2248 585 2317 κραυγή
635 2263 774 2315 μου.
806 2245 982 2309 Δόξα.
1043 2243 1151 2297 Καὶ
1206 2240 1353 2310 λέγει
1381 2239 1692 2310 Τῳπὰριον

133 2343 264 2414 ἤχου
296 2341 344 2394 δ’
379 2357 393 2372 °
433 2341 550 2407 Τὴν
585 2337 877 2404 ταπεινήν
902 2353 1020 2404 μου
1058 2332 1270 2402 ψυχὴν
1301 2329 1689 2385 ἐπισκέπτου.

139 2433 296 2487 ’Δλλο
326 2448 343 2462 ο
395 2430 700 2485 Διαπλέων
724 2428 790 2482 τὸ
816 2427 1094 2495 πέλαγος.
1138 2423 1214 2490 Τῇ
1249 2422 1509 2484 Θεοτόκῳ
1535 2420 1693 2472 ἐκτε-

134 2523 250 2591 νῶς
301 2523 786 2592 προσδρὰμωμεν.
832 2518 986 2572 Μετὰ
1032 2517 1090 2568 δὲ
1125 2498 1297 2568 ταῦτα
1336 2512 1575 2578 ἐπιλέγει
1600 2509 1690 2563 καὶ

134 2615 232 2687 τὴν
267 2613 708 2683 ὑποτεταγμένην
740 2609 924 2678 εὐχήν.
1268 2637 1272 2640 ~

203 2705 379 2777 Κύριε
411 2706 440 2758 6
458 2705 596 2771 836;
624 2701 798 2772 ήμῶν,
827 2701 855 2751 ὁ
882 2698 1101 2751 πάντων
1131 2695 1338 2765 Πατὴρ,
1371 2693 1462 2746 καὶ
1489 2693 1694 2745 Δεσπό-

135 2813 255 2869 της,
301 2797 401 2851 καὶ
457 2796 632 2850 πάντα
669 2790 994 2854 ἐπιϐλέπων,
1041 2787 1136 2840 καὶ
1195 2787 1307 2847 τοῖς
1352 2785 1484 2853 πρὸς
1517 2783 1573 2834 σὲ
1610 2782 1698 2835 διὰ

139 2888 426 2962 μετανοίας
456 2889 518 2940 ἐκ
541 2873 650 2939 τῶν
682 2882 824 2938 [δίων
849 2879 1130 2951 ἁμαρτιῶν
1158 2875 1569 2945 ἐπιστρέφουσι,
1599 2874 1698 2940 τὴν

137 2980 344 3036 τούτων
373 2979 564 3047 ἄφεσιν
593 2973 978 3048 φιλανθρώπως
1007 2967 1361 3041 δωρούμενος,
1389 2968 1416 3020 6
1437 2966 1526 3019 τὸν
1540 2963 1700 3018 Δαυῖδ

137 3069 606 3142 πλημμελήσαντα
662 3066 730 3120 δι’
773 3062 1204 3134 ὲξομολογὴσεως
1259 3058 1503 3128 ἐλεήσας,
1552 3059 1580 3110 6
1627 3055 1703 3125 τῷ

150 3161 370 3231 Ἐζεκίᾳ
423 3158 772 3230 δακρύσαντι,
842 3154 933 3208 καὶ
987 3155 1086 3222 τὴν
1143 3151 1241 3220 σὴν
1306 3147 1704 3217 εὐσπλαγχνξαν

138 3249 584 3316 ἑκδυσωπήσαντι
611 3245 754 3316 ζωὴν
805 3242 1174 3311 ἐπιμετρήσας
1201 3257 1216 3272 ο
1241 3238 1270 3289 6
1296 3237 1389 3290 τοῦ
1440 3235 1704 3304 Μανασσῆ

136 3337 237 3408 τὴν
303 3335 592 3409 μετάνοιαν
640 3331 1087 3403 προσδεξάμενος,
1133 3327 1226 3378 καὶ
1275 3325 1386 3377 τῶν
1433 3323 1704 3376 τοσούτων

140 3430 325 3484 κακῶν
369 3423 677 3489 ἀπαλλάξας
729 3437 743 3452 ο
792 3423 821 3474 ὁ
871 3418 948 3489 τῷ
997 3415 1360 3489 Πέτρῳ,’καὶ
1399 3415 1574 3487 πόρνῃ
1617 3413 1706 3466 διὰ

138 3523 392 3596 δακρύων
420 3523 518 3594 τὴν
564 3517 906 3589 συγχώρησιν
934 3513 1348 3583 παρασχόμενος
1373 3527 1388 3542 ο
1417 3512 1446 3564 6
1471 3510 1705 3580 τελώνην

139 3621 478 3688 στενάξαντα
521 3614 815 3677 δικαιώσας
850 3629 864 3644 ·
891 3613 920 3666 6
946 3611 1023 3681 τῷ
1067 3610 1261 3678 ἀσώτῳ
1297 3606 1394 3669 τὰς
1437 3605 1708 3674 πατρικὰς

140 3713 440 3781 ὑπανοεξας
474 3709 714 3779 ἀγκάλας
747 3724 763 3740 ο
792 3707 821 3758 6
865 3705 1070 3765 πάντας
1101 3703 1271 3755 θέλων
1320 3698 1577 3768 σωθῆναι,
1614 3698 1709 3749 καὶ

139 3982 238 4047 τοΊ
253 3982 602 4058 ἀμαρτωλοῦ,
615 3975 1094 4049 ώςιτδὲπιστρέψαι
1109 3976 1203 4030 καὶ
1217 3975 1316 4045 ζῇν
1329 3973 1508 4035 αὐτὸν,
1529 3970 1710 4034 αὐτὸς,

142 4076 463 4158 ὺπξράγαθε
491 4074 690 4142 Σῶτερ,
717 4072 812 4125 καὶ
843 4070 942 4140 τῆς
979 4069 1114 4139 ἐμῆς
1145 4065 1450 4125 ἐπακούσας
1477 4063 1711 4130 δεήσεως

140 4151 249 4229 τοῦ.
301 4167 524 4235 ἀναξίου
573 4165 668 4220 καὶ
719 4163 938 4234 ἀχρείου
995 4160 1178 4214 δούλου
1214 4174 1324 4219 σου,
1373 4155 1432 4215 ὃς
1472 4153 1571 4204 οὐκ
1597 4151 1710 4219 εἰμὶ

141 4262 298 4328 ἄξιος
338 4259 404 4314 τὸ
451 4257 543 4310 σὺν
585 4253 956 4309 ἐπικαλεῖσθαι
1003 4247 1263 4314 πανάγιον
1304 4243 1470 4312 ὄνομα
1517 4239 1605 4294 διὰ
1650 4237 1711 4290 τὺ

141 4353 356 4424 πλῆθος
388 4349 499 4404 τῶν
541 4346 689 4418 ἐμῶν
716 4343 971 4414 ἀνομιῶν,
1012 4338 1144 4395 ἀλλά
1181 4335 1242 4389 τὸ
1277 4335 1376 4406 τῆς
1419 4331 1714 4404 ἱερωσύνης

141 4440 532 4518 περικείμενος
555 4437 789 4508 ἀξίωμα,
810 4436 903 4489 καὶ
923 4431 1061 4486 κατά
1083 4429 1181 4499 τὴν
1211 4426 1310 4497 σὴν
1338 4424 1714 4496 φιλάνθρωπον

141 4515 373 4604 ivroth
390 4531 518 4593 τοὺς
537 4522 1053 4598 ἑξομολογουμένους
1075 4535 1158 4573 σοι
1179 4517 1247 4570 τὰ
1273 4518 1449 4570 οἰκεῖα
1469 4515 1718 4584 πλημμε-

141 4625 374 4699 λήματα
427 4620 852 4694 προσδεχόμενος
874 4652 890 4679 ,
953 4611 1088 4699 μετά
1145 4609 1312 4680 φόϐου
1336 4608 1456 4699 ~scatit
1511 4606 1714 4699 τρόμου

143 4688 493 4770 καθικετεύω
527 4725 608 4762 σε.
626 4688 993 4758 νἘπάκουσον
1019 4693 1111 4753 οὖν
1139 4715 1244 4769 μου
1269 4694 1365 4749 τοῦ
1391 4688 1716 4764 ἁμαρτωλού

142 4805 292 4860 κατὰ
331 4803 401 4856 τὸ
429 4796 632 4868 πλῆθος
659 4795 755 4850 τοῦ
785 4792 966 4856 ἐλέους
998 4806 1116 4854 σου,
1160 4787 1255 4842 καὶ
1288 4782 1579 4856 πρόσδεξαι
1626 4778 1727 4831 τὸν.

141 4895 337 4950 δοῦλόν
398 4907 493 4945 σου
553 4887 644 4942 τὸν
703 4886 752 4943 δ.
805 4878 1314 4953 ὲξομολογούμενον.
1381 4871 1490 4926 Καὶ
1539 4870 1594 4923 εἴ
1661 4887 1716 4923 τι

143 4980 624 5056 πεπλημμέληται
675 4957 824 5046 αὐτῷ
879 4971 1121 5027 ἑκούσιον
1166 4969 1199 5038 ἢ
1249 4964 1497 5020 ἀκούσιον
1539 4962 1719 5031 ἀμάρ-

141 5051 422 5148 τημαξὲν
442 5071 601 5142 λόγῳ,
631 5068 666 5140 ἢ
687 5063 907 5140 ἔργῳ,ἢ
942 5061 1080 5116 κατά
1108 5059 1341 5114 διάνοιαν
1367 5093 1382 5118 ,
1413 5051 1486 5115 ώς
1518 5051 1720 5118 ἀγαθὸς

145 5143 378 5242 πάριδεο
444 5164 510 5218 σὺ
562 5161 671 5232 γὰρ
728 5160 887 5230 μόνος
944 5156 1084 5224 ἔχεις
1147 5147 1389 5214 ἐξουσίαν
1446 5143 1720 5212 ἁμαρτίας

143 5231 401 5330 ἀφιέναι,
436 5253 531 5308 καὶ
561 5231 647 5305 συῒ
673 5247 1100 5317 προσπίπτομεν,
1137 5241 1233 5293 καὶ
1269 5236 1329 5289 σε
1374 5231 1720 5305 παρακαλοῦ-

1787 1425 1907 1466 eum
1945 1421 2126 1464 curam
2152 1405 2329 1467 altari,
2358 1410 2646 1470 cantatque
2690 1413 2811 1452 cum
2849 1411 2916 1450 eo
2957 1394 3214 1464 trisag‘ion
3239 1433 3256 1458 ,
3286 1401 3343 1447 et

1789 1501 2050 1570 psalmum
2083 1505 2292 1552 sextum
2320 1511 2332 1546 :
2364 1493 2602 1554 Domine,
2631 1506 2692 1543 ue
2723 1490 2777 1541 in
2821 1487 2996 1556 furore
3028 1497 3119 1540 tuo
3148 1499 3342 1554 arguas

1789 1565 1890 1653 ine,
1913 1599 1967 1642 et
1987 1585 2255 1656 psalmum
2274 1579 2438 1635 XXIV
2462 1581 2573 1634 :Ad
2588 1589 2654 1643 te,
2682 1577 2916 1637 Domine,
2934 1574 3098 1628 levavi
3113 1565 3346 1628 animant

1789 1693 1986 1740 meam;
2006 1687 2056 1731 et
2087 1675 2355 1746 psalmum
2375 1673 2414 1725 L
2433 1687 2449 1724 :
2469 1670 2717 1724 Miserere
2743 1670 2862 1730 mei,
2880 1668 3038 1727 Deus,
3061 1667 3346 1718 secundum

1789 1784 2039 1838 magnam
2068 1765 2502 1830 misericordiam.
2544 1759 2729 1831 Kyrie,
2759 1759 2969 1812 eleison.
3001 1754 3200 1809 Deinde
3231 1754 3348 1823 glo-

1791 1860 1985 1914 rilicat.
2016 1855 2205 1910 Postea
2231 1855 2421 1908 recitat
2439 1851 2703 1922 psalmum
2727 1848 2896 1902 XXXI
2926 1866 2940 1902 :
2963 1845 3110 1900 Beati
3126 1859 3347 1914 quorum

1790 1950 2021 2002 remissa!
2047 1956 2169 2000 sunt
2202 1945 2536 2014 iniquitates;
2567 1951 2621 1996 et
2654 1941 2919 2011 psalmum
2951 1937 3112 1993 LXIX
3142 1955 3156 1992 :
3183 1937 3346 2002 Deus,

1788 2040 1841 2091 in
1872 2038 2197 2107 adjutorium
2227 2050 2397 2088 meum
2435 2033 2640 2086 intende
2665 2047 2684 2095 ,'
2713 2041 2768 2086 et
2805 2031 3071 2101 psalmum
3098 2027 3164 2084 Cl
3189 2047 3202 2082 :
3236 2027 3346 2080 Do-

1790 2130 1948 2194 mine,
1965 2127 2157 2182 exaudi
2183 2125 2476 2178 orationem
2502 2139 2690 2187 meam,
2723 2131 2776 2176 et
2813 2122 3012 2174 clamor
3036 2135 3202 2172 meus.
3232 2116 3353 2172 Glo-

1791 2222 1894 2274 ria.
1922 2219 1988 2272 Et
2005 2217 2203 2273 dicitur
2222 2214 2550 2286 Troparium
2579 2213 2691 2268 toni
2718 2211 2919 2281 quarti,
2943 2209 3208 2263 Humilem
3234 2207 3355 2261 nni-

1790 2327 1928 2364 suam
1961 2323 2127 2362 meam
2155 2306 2329 2360 visita.
2366 2305 2545 2366 Aliud,
2579 2303 2851 2372 Narigans
2877 2303 3110 2371 pelagus.
3147 2299 3227 2353 Ad
3261 2297 3355 2351 Dei

1792 2400 2104 2456 Genitricem
2128 2397 2308 2450 sedulo
2330 2412 2465 2448 nunc
2497 2395 2882 2464 confugiamus.
2910 2392 3096 2448 Postea
3127 2388 3362 2460 sequam

1793 2505 1899 2547 tem
1925 2493 2112 2546 recitat
2137 2487 2441 2544 orationem
2817 2503 2820 2506 ’

1729 2655 1769 2708 Β
1868 2669 2093 2722 Domine
2117 2665 2257 2722 Dens
2288 2673 2496 2728 noster,
2525 2664 2618 2734 qui
2647 2661 2890 2717 omnium
2923 2656 3081 2712 Pater
3101 2670 3160 2711 es
3179 2663 3231 2708 et
3255 2652 3358 2707 Do-
3442 2698 3444 2700 τ

1799 2763 2000 2822 minus,
2026 2760 2116 2828 qui
2153 2759 2335 2813 omnia
2366 2755 2614 2826 inspicis,
2641 2760 2694 2807 et
2724 2752 2792 2806 iis
2823 2750 2916 2819 qui
2949 2749 3014 2803 ad
3039 2759 3091 2802 te
3125 2760 3220 2817 per
3248 2758 3362 2814 pm-

1775 2850 2082 2905 -nitentiam
2121 2862 2150 2900 a
2183 2845 2418 2916 peccatis
2456 2841 2688 2913 prepriis
2723 2845 3137 2900 convertuntur,
3169 2849 3232 2888 ea
3269 2834 3362 2888 be-

1801 2941 1961 3010 nigne
1990 2949 2044 2994 et
2071 2947 2315 2992 amanter
2345 2930 2723 3000 remittis,-qui
2758 2928 2975 2989 Davidis
3006 2925 3363 2994 praevarican-

1803 3033 1872 3087 tis
1903 3031 2163 3086 misertus
2192 3043 2250 3084 es
2283 3042 2378 3098 per
2408 3025 2830 3085 confessionem,
2864 3019 2956 3089 qui
2999 3017 3243 3071 Ezechiae
3279 3013 3363 3067 la-

1803 3123 2088 3196 crymanti,
2109 3130 2162 3175 et
2179 3119 2495 3175 facilitatem
2517 3127 2664 3172 tuam
2693 3116 2746 3168 in
2769 3110 3110 3168 clementiam
3132 3107 3363 3162 ﬂectenti

1803 3225 1855 3270 et
1881 3214 2126 3268 exoranti
2156 3213 2319 3265 vitam
2344 3207 2783 3278 superaddidisti,
2814 3203 2904 3273 qui
2935 3201 3216 3256 Manassen
3251 3213 3368 3268 pte-

1805 3305 2084 3359 nitentiam
2136 3303 2444 3369 amplexum
2497 3298 2660 3352 tantis
2714 3297 2870 3350 malis
2919 3292 3216 3356 liberasti;
3271 3289 3365 3358 qui

1805 3395 1964 3450 Petro
1993 3404 2048 3448 et
2071 3392 2340 3448 meretrici
2375 3406 2471 3460 per
2509 3389 2779 3458 lacrymas
2809 3384 3020 3437 veniam
3051 3381 3366 3451 praebuisti:

1806 3488 1898 3557 qui
1928 3485 2275 3557 publicanum
2310 3488 2606 3552 gementem
2635 3474 2984 3545 justilicasti:
3019 3472 3111 3541 qui
3139 3470 3370 3540 prodigo

1808 3581 1965 3633 ulnas
1994 3587 2244 3647 paternas
2278 3572 2536 3644 aperuisti
2563 3588 2578 3625 :
2608 3569 2701 3640 qui
2731 3561 2924 3622 Omnes
2953 3563 3034 3619 vis
3065 3563 3284 3626 salvari,
3313 3570 3370 3616 at

1809 3670 1876 3723 ad
1909 3667 2156 3723 veritatis
2175 3665 2554 3735 cognitionem
2585 3659 2810 3715 venire:
2852 3655 2944 3726 qui
2981 3653 3181 3708 laetaris
3207 3667 3372 3722 super

1810 3768 2092 3840 peccatore
2118 3759 2434 3825 poenitente,
2463 3763 2518 3807 et
2541 3768 2646 3805 non
2681 3752 2763 3806 vis
2793 3757 3024 3812 mortem
3052 3745 3372 3816 peccatoris,

1811 3863 1871 3910 ut
1921 3859 2274 3908 convertatur
2322 3857 2378 3902 et
2429 3847 2574 3900 vivat
2611 3865 2626 3900 :
2659 3845 2797 3913 ipse.
2827 3843 3031 3912 optime
3078 3841 3372 3904 Servator,

1738 3963 1788 4024 (ς’
1812 3946 2005 4001 exaudi
2039 3942 2470 4014 deprecationem
2514 3951 2713 3997 meam,
2748 3931 3180 4003 deprecationem
3229 3929 3372 3981 indi-
3478 3963 3481 3965 -

1816 4038 1906 4109 gni
1937 4046 1991 4091 et
2027 4036 2237 4092 inutilis
2267 4032 2408 4090 servi
2438 4030 2542 4096 tui,
2579 4028 2673 4099 qui
2714 4035 2931 4097 propter
2970 4019 3372 4076 multitudinem

1817 4129 2166 4200 iniquitatum
2204 4140 2443 4181 mearum
2492 4122 2690 4192 dignus
2721 4134 2824 4172 non
2858 4131 2976 4170 sum
3007 4112 3098 4180 qui
3130 4112 3374 4165 invocem

1818 4221 2223 4279 sanctissimum
2257 4231 2456 4271 nomen
2489 4222 2665 4268 tuum.
2699 4208 2893 4261 Verum
2923 4205 3050 4274 quia
3091 4202 3375 4258 sacerdotii

1819 4312 2079 4382 dignitate
2126 4307 2385 4377 praeditus
2425 4319 2546 4360 sum
2569 4340 2584 4364 ,
2614 4307 2668 4354 et
2699 4293 2998 4352 secundum
3029 4291 3377 4362 benignitatis

1821 4413 1925 4459 tua:
1954 4400 2266 4455 mandatum
2289 4397 2604 4454 conﬁtentes
2635 4389 2727 4443 tibi
2756 4387 2973 4458 propria
3002 4393 3223 4456 peccata
3254 4395 3378 4436 sus-

1821 4494 1978 4563 cipis,
1999 4507 2121 4547 cum
2159 4491 2351 4544 timore
2380 4497 2433 4541 et
2466 4496 2701 4539 tremore
2731 4480 2828 4533 tibi
2867 4479 3137 4548 supplico.
3172 4471 3376 4526 Exaudi

1822 4585 1984 4656 igitur
2020 4599 2106 4637 me
2139 4587 2476 4652 peecatorem
2510 4574 2806 4630 secundum
2839 4566 3239 4625 multitudinem
3277 4562 3380 4615 mi«

1822 4655 2129 4731 scricordize
2161 4682 2284 4733 tu:e,
2320 4678 2374 4724 et
2404 4666 2618 4735 suscipe
2655 4679 2870 4721 servum
2907 4672 3055 4715 tuum
3107 4657 3171 4709 Ν.
3212 4655 3382 4709 conti-

1826 4777 2048 4823 tentem.
2089 4766 2151 4817 Et
2179 4764 2223 4816 si
2253 4759 2469 4831 aliquod
2502 4759 2570 4814 ab
2599 4773 2665 4812 eo
2699 4764 2973 4826 peceatum
3013 4757 3381 4820 perpetratum

1824 4869 1926 4924 est,
1952 4859 2063 4914 sive
2092 4853 2456 4911 voluntarium
2483 4850 2598 4905 sive
2626 4845 3069 4905 involuntarium,
3087 4839 3170 4893 vel
3193 4838 3382 4904 verbo,

1827 4952 1906 5006 vel
1937 4963 2118 5019 Opere,
2152 4947 2231 5001 vel
2265 4942 2610 5014 cogitatione,
2644 4949 2706 4995 ut
2731 4938 2992 5006 benignus
3016 4932 3145 4986 illud
3177 4946 3243 4985 ue
3296 4946 3384 4984 re-

1826 5042 1994 5112 spice.
2026 5037 2107 5091 Tu
2145 5037 2289 5090 enim
2325 5034 2475 5088 solus
2503 5039 2820 5102 potestatem
2857 5025 3022 5078 habes
3051 5029 3268 5092 peccata
3296 5036 3383 5074 rc-

1827 5129 2090 5191 mittendi,
2124 5139 2176 5182 et
2204 5127 2297 5180 tibi
2330 5124 2648 5186 accidimus,
2681 5131 2836 5188 teque
2865 5129 3137 5185 rogamus,
3169 5121 3225 5167 et
3266 5112 3386 5167 lau-

1826 5225 2020 5277 damus
2058 5218 2439 5290 glorificantes,
2479 5232 2603 5288 cum
2638 5212 2815 5276 Patre,
2846 5214 2899 5264 et
2937 5214 3126 5263 sancto
3151 5202 3380 5276 Spiritu,

148 5302 416 5422 Si;
803 5302 1110 5402 δοξάζοντες
1139 5329 1234 5382 σὺν
1263 5327 1438 5418 Πατρὶ
1457 5302 1555 5377 Ἴκαὶ
1581 5324 1721 5392 ἁγίῳ
1753 5302 1798 5358 ι’)
1825 5328 1989 5379 nunc,
2025 5321 2130 5368 etc.

146 5439 463 5508 Πνεύματι,
491 5435 608 5500 νῦν,
647 5448 704 5486 κ.
733 5447 784 5483 τ.
809 5430 860 5482 λ.

218 5527 389 5584 Μετὰ
422 5525 594 5578 ταῦτα
620 5515 1020 5592 παρασκευάζει
1057 5510 1219 5566 αὑτὸν
1261 5508 1490 5562 ἀσκεπεί
1518 5508 1586 5576 τῇ
1626 5522 1722 5557 κε-

148 5621 299 5692 φαλῇ
317 5618 472 5688 τρεῖς
491 5611 832 5684 γονυκλισίας
852 5608 1044 5669 ποιεῖν,
1068 5603 1238 5656 ποιῶν
1255 5602 1346 5654 καὶ
1371 5600 1530 5664 αὐτὸς
1550 5595 1723 5652 ώσαύσ

147 5727 282 5778 τως,
313 5707 417 5764 καὶ
443 5705 747 5768 ἀναστάντα
776 5699 998 5768 κατηχεῐ
1026 5694 1196 5763 λέγων
1219 5692 1408 5755 οὕτως·

1895 5493 2086 5546 Postea
2131 5487 2304 5556 ipsum
2329 5483 2575 5554 disponit
2603 5489 2654 5534 et
2685 5463 2871 5532 menet
2901 5481 2964 5531 ut
2993 5480 3178 5544 aperto
3207 5465 3383 5534 capite

1828 5593 1939 5639 tres
1968 5580 2369 5652 genuﬂexiones
2404 5575 2583 5638 faciat,
2618 5571 2779 5624 toties
2807 5570 2920 5638 ipse
2945 5564 3103 5621 simul
3143 5557 3381 5630 genuﬂe-

1832 5649 2002 5733 mcns,
2035 5679 2090 5723 et
2126 5677 2409 5737 postquam
2442 5661 2720 5726 surrexit,
2753 5660 2831 5714 sic
2859 5673 2981 5714 eum
3027 5649 3257 5707 instituit
3279 5687 3293 5710 ,
3330 5655 3384 5700 et

1827 5759 2139 5817 catecbizat.
