4024 6340
587 519 596 527 _
642 427 781 494 1895

1545 425 1864 487 IOANNIS
1903 389 2413 487 JEJUNATORIS
2444 429 2552 489 (ΖΡ.
2590 430 2942 490 ARCHIEP.

3726 431 3858 495 1896

636 536 806 606 patris
845 532 1292 590 concubinarum.
1342 531 1570 597 Quidam
1621 533 1689 586 ad
1734 533 1983 603 preprias
2025 547 2198 601 usque

2297 551 2416 586 τινα
2443 535 2552 588 τῶν
2599 536 2691 589 τοῦ
2733 537 2939 606 πατρὸς
2979 537 3290 590 παλλακῶν.
3337 537 3602 591 Φοάνουσι
3640 538 3696 591 δέ
3740 551 3874 596 τινες

636 635 840 680 matres
883 623 1220 693 procedunt.f
1249 621 1406 676 Aliud
1457 611 1652 676 iterum
1680 637 1807 676 cum
1840 623 2054 692 propria
2095 624 2199 676 lilia

636 711 930 782 spirituali.
955 719 1008 766 et
1038 709 1182 764 aliud
1211 724 1334 763 cum
1367 725 1472 778 qua
1500 709 1662 763 ﬁliam
1689 709 1742 763 in
1784 710 2050 779 baptismo
2079 726 2204 764 sus-

638 805 801 874 cepit.
840 800 1031 857 Scelus
1055 801 1272 871 quidem
1296 801 1664 855 masculorum
1694 802 2015 856 concubitus
2043 802 2197 856 multi

637 895 799 948 etiam
831 907 952 947 cum
989 891 1312 946 mulieribus
1340 891 1471 960 ipsis
1501 881 1806 960 perﬁciunt.

710 981 802 1037 Sic
849 982 1012 1036 etiam
1048 979 1320 1048 inquirere
1380 993 1504 1033 eum
1552 988 1764 1046 oportet
1810 979 1876 1032 de
1917 979 2060 1031 caede
2109 993 2202 1030 vo-

638 1069 871 1125 luntaria
899 1077 952 1122 et
987 1067 1366 1120 involunturia.
1403 1066 1458 1120 Si
1495 1067 1714 1134 injuria,
1754 1077 1848 1120 aut
1875 1067 2199 1121 contumelia

636 1167 890 1228 parentes
912 1155 1224 1224 aﬂ'ecitJaut
1251 1156 1570 1218 verberavit,
1599 1155 1682 1208 vel
1714 1156 1975 1209 conviciis
2004 1165 2055 1208 et
2078 1170 2200 1223 pro-

639 1247 756 1304 bris
785 1248 1075 1303 insectatus
1101 1255 1202 1300 est.
1237 1246 1294 1299 Si
1324 1254 1606 1315 postquam
1634 1245 1785 1308 bibit,
1825 1257 1917 1299 aut
1945 1247 2199 1309 comedit,

637 1337 1081 1402 communicavit,
1117 1345 1211 1388 aut
1241 1336 1294 1388 in
1327 1337 1742 1405 quadragesima
1776 1351 1834 1390 se
1864 1337 2076 1406 polluit,
2107 1345 2202 1390 aut

638 1427 856 1482 mulieri
878 1425 1197 1480 eonnnistus
1219 1424 1535 1479 indifferens
1561 1434 1615 1479 et
1643 1426 1790 1494 parvi
1816 1428 2074 1480 momenti
2098 1425 2202 1480 hoc

639 1519 958 1574 existimans
984 1524 1171 1573 sancta
1197 1514 1451 1584 mysteria
1481 1515 1728 1582 sumpsit;
1752 1525 1844 1568 aut
1866 1515 2201 1570 clandestino

640 1610 989 1663 matrimonio
1012 1609 1236 1676 junctus
1262 1616 1381 1671 est;
1412 1616 1506 1660 aut
1537 1607 1804 1674 impudica
1833 1607 2038 1672 oscula,
2070 1621 2198 1660 eon-

640 1699 1094 1766 trcctationesque
1121 1696 1270 1761 fecit,
1295 1696 1470 1764 ipsum
1497 1711 1625 1764 vero
1649 1710 1784 1765 opus
1820 1713 1926 1750 non
1953 1695 2197 1766 perfecit;

638 1799 732 1844 aut
760 1805 881 1845 cum
910 1789 1093 1857 pueris
1119 1803 1236 1842 sese
1267 1789 1528 1856 corrupit,
1562 1796 1656 1840 aut
1685 1789 1918 1856 aliquem
1952 1789 2198 1844 mercede

638 1880 952 1943 frustravit;
983 1888 1074 1932 aut
1101 1877 1468 1934 maledicentia
1508 1879 1642 1934 laesit
1669 1896 1683 1944 ;
1724 1890 1816 1932 aut
1848 1879 2045 1948 injuste
2071 1895 2198 1934 con-

642 1969 858 2022 tumelia
885 1968 1091 2034 aﬁecit;
1128 1978 1222 2022 aut
1249 1971 1588 2037 sanguinem,
1621 1977 1713 2022 aut
1739 1966 2080 2046 suﬂocatum,
2104 1977 2197 2022 aut

636 2075 667 2113 a
702 2059 894 2114 belluis
927 2068 1140 2128 captum
1163 2098 1176 2122 ,
1224 2067 1278 2112 et
1320 2058 1648 2127 discerptum
1688 2068 1783 2112 aut
1821 2059 2192 2123 morticinum,

636 2158 733 2204 aut
760 2151 826 2203 ab
868 2149 1057 2205 avibus
1089 2164 1408 2221 percussum
1456 2150 1730 2215 comedit,
1762 2159 1856 2203 aut
1899 2151 1953 2204 in
1987 2151 2196 2204 divina-

638 2239 893 2303 tioni‘bus,
927 2247 1019 2291 aut
1048 2239 1260 2307 magiis,
1288 2247 1384 2291 aut
1406 2237 1678 2292 veneﬁciis
1703 2239 2067 2307 deprehensus
2089 2248 2194 2296 est.

639 2329 816 2397 Atque
840 2328 1001 2382 etiam
1031 2327 1072 2382 si
1099 2333 1165 2382 de
1194 2329 1389 2393 haeresi
1405 2329 1578 2397 ipsum
1604 2331 1856 2398 cogitatio
1879 2331 2061 2400 etrapit.
2083 2332 2196 2386 sive

638 2416 838 2472 invidia
875 2425 928 2470 et
971 2417 1094 2470 mali
1135 2417 1338 2486 accepti
1383 2408 1757 2472 reCordatione
1802 2422 2061 2474 adversus
2094 2421 2195 2474 ali-

635 2522 794 2575 quem
827 2509 1053 2574 Iaborat,
1091 2509 1204 2564 sive
1244 2510 1521 2579 pejeravit,
1567 2511 1681 2565 sive
1717 2511 1929 2567 furatus
1970 2523 2071 2576 est,
2102 2521 2199 2568 aut

2304 621 2400 673 καὶ
2436 621 2600 692 μέχρι
2634 622 2742 674 τῶν
2780 622 2924 675 ίδίων
2975 626 3244 694 μηύρων.
3287 625 3447 678 ’Άλλο
3487 628 3648 679 πάλιν
3689 628 3758 678 τὸ
3803 631 3872 687 εἰς

2300 711 2398 780 τὴν
2453 711 2592 766 ίδίαν
2640 713 2949 777 σύντεκνον,
2995 715 3088 767 καὶ
3134 715 3260 766 ἄλλο
3314 717 3364 766 ιδ
3415 717 3495 779 εἰς
3539 717 3609 786 ἣν
3658 717 3874 780 ἐδέξατο

2301 799 2596 870 θυγατέρα.
2617 801 2688 852 Τὸ
2723 803 2906 872 μέντοι
2935 802 3035 872 τῆς
3058 805 3464 872 ἀρσενοκοιτίας
3495 805 3666 874 μῦσος
3688 807 3872 860 πολλοὶ

2302 888 2392 939 καὶ
2423 888 2557 956 μετὰ
2579 888 2687 940 τῶν
2719 889 2996 957 γυναικῶν
3027 892 3206 945 αὐτῶν
3231 893 3555 948 ἐκτελοῦσιν.

2381 975 2469 1037 Ὠς
2517 975 2573 1027 δὲ
2630 977 2721 1028 καὶ
2781 977 2909 1044 περὶ
2951 979 3114 1047 φόνου
3170 981 3419 1034 ἑκουσίου
3474 983 3565 1035 καὶ
3617 985 3869 1038 ἀκςυσξιυ

2299 1062 2577 1133 διερευνᾷν
2606 1077 2622 1092 ⁸
2668 1065 2762 1116 καὶ
2808 1068 2856 1117 εί
2889 1067 2998 1135 ἄρα
3029 1065 3219 1136 ὕϐρισε
3265 1071 3461 1136 γονεῖς,
3495 1070 3528 1139 ἢ
3565 1072 3776 1138 ἔτυψεν
3798 1112 3812 1134 ,
3839 1074 3868 1140 ῆ

2301 1153 2644 1223 ἐλοιδόρησεο
2697 1156 2793 1208 καὶ
2845 1156 2894 1207 εί
2945 1157 3133 1225 φαγὼν
3182 1158 3215 1228 ἢ
3261 1159 3400 1212 πιὼν
3440 1160 3800 1231 ἐκοινώνησε,
3839 1163 3870 1231 ἢ

2299 1241 2530 1310 ἐμιάνθη
2593 1243 2660 1312 τῇ
2742 1247 3193 1315 τεσσαρακοστῇ,
3261 1246 3295 1318 ἢ
3366 1247 3584 1316 γυναικὶ
3657 1249 3872 1318 μιχθεὶς

2301 1331 2606 1402 ἀδιαφόρως
2680 1332 2974 1401 μετέλαϐεν
3022 1349 3038 1365 °
3096 1336 3130 1408 ἢ
3185 1336 3556 1407 λαθρογαμίαν
3622 1339 3870 1407 ἐποίησε,

2301 1420 2333 1489 ἢ
2388 1420 2711 1490 ἀσπασμοὺς
2761 1422 2857 1476 καὶ
2910 1423 3128 1492 ὲπαφὰς
3181 1426 3432 1496 ἐποίησε,
3493 1427 3553 1480 τὸ
3604 1426 3661 1478 δὲ
3710 1426 3870 1498 ἔργον

2300 1515 2664 1569 οὐκετέλεσε
2746 1532 2763 1548 ⁶
2818 1517 2852 1588 ἢ
2903 1518 3382 1591 ὲπαιδοφθόρησεν,
3429 1523 3463 1590 ἡ
3517 1521 3706 1590 μισθόν
3733 1538 3871 1583 τινος

2299 1602 2668 1673 ἀπεστέρησεν
2692 1644 2707 1666 ,
2747 1605 2780 1676 ἢ
2831 1606 3166 1676 κατελάλησὲ
3221 1609 3352 1662 ποτέ
3395 1627 3536 1672 τινα,
3582 1610 3617 1680 ἦ
3666 1609 3868 1671 ἀδίκως

2301 1691 2539 1761 ὕϐρισεν,
2573 1694 2851 1765 ἠδίκησεν,
2877 1696 2909 1767 ἢ
2942 1692 3100 1767 αἷμα,
3128 1699 3161 1768 ἢ
3186 1702 3432 1764 πνικτὸν,
3455 1701 3487 1770 ἢ
3510 1699 3869 1771 Θηριάλωτον,

2301 1782 2333 1852 ἢ
2376 1782 2710 1854 θνησιμαῖον,
2741 1785 2774 1855 ἥ
2804 1787 3232 1854 ὁρνεοπάτακτον
3259 1789 3482 1858 ἔφαγεν,
3529 1790 3560 1859 ἢ
3604 1791 3686 1852 εἰς
3735 1807 3868 1858 μαν-

2297 1873 2462 1937 τείας,
2497 1875 2529 1944 ἢ
2554 1878 2632 1939 εἰς
2646 1876 2896 1945 μαγείας,
2927 1879 2960 1948 ἢ
2990 1879 3070 1941 εἰς
3090 1881 3435 1949 φαρμακείας
3468 1880 3801 1948 εὐρέῢη·καὶ
3821 1881 3868 1932 εἱ

2297 1963 2405 2034 ἄρα
2432 1966 2691 2034 λογισμὸς
2712 1961 2874 2036 ἦλθεν
2904 1968 3043 2038 αὐτῷ
3071 1970 3197 2039 περὶ
3226 1967 3506 2042 αἱρέσεως.
3536 1971 3659 2022 Εἴτε
3677 1970 3868 2038 φθόνον

2297 2054 2390 2106 καὶ
2445 2056 2807 2124 μνησικακίαν
2837 2056 2950 2127 ἔχει
2975 2059 3119 2112 κατά
3143 2076 3292 2123 τινος
3316 2100 3334 2126 ,
3362 2060 3472 2112 εἴτε
3498 2059 3867 2129 ἐπιώρκησεν,

2295 2143 2327 2213 ἢ
2358 2143 2610 2212 ἔκλεψεν,
2643 2144 2676 2215 ἢ
2709 2145 2984 2217 ἀλλότριον
3017 2150 3245 2220 πρᾶγμα
3270 2151 3534 2219 ἥρπασεν,
3559 2150 3593 2220 ἦ
3622 2167 3868 2220 παρακα-

2294 2234 2542 2303 ταθήκην
2579 2233 2725 2296 τινος
2755 2233 2934 2288 λαϐὼν
2968 2239 3278 2308 ἠρνήσατο..
3326 2240 3360 2309 ἢ
3393 2238 3867 2308 ψευδομαρτυρίαν

2310 2323 2644 2394 ὲποίησεν,ἢ
2678 2323 2902 2394 ὕϐρισεν
2936 2327 3103 2396 ίερέα,
3135 2328 3168 2397 ἣ
3212 2327 3514 2380 σύντεκνον·
3536 2331 3642 2380 καὶ
3677 2329 3863 2391 ἁπλῶς

2293 2414 2465 2465 εἰπεῖν
2488 2414 2615 2482 περὶ
2635 2413 2850 2467 πάντων
2870 2415 3144 2485 διερευνᾷν
3175 2417 3314 2486 μετὰ
3345 2418 3522 2486 πάσης
3552 2418 3862 2487 ἀκριϐείας.

2305 2502 2604 2573 Ἐνδέχεται
2656 2505 2764 2574 γάρ
2811 2522 2931 2558 τινα
2974 2507 3153 2559 πᾶσαν
3189 2505 3365 2573 κακὴν
3416 2506 3678 2575 ἐργασίαν
3736 2522 3865 2575 μετ-

635 2599 809 2652 aliena
848 2599 985 2652 bona
1021 2599 1218 2668 rapuit,
1270 2608 1363 2651 aut
1405 2600 1708 2669 depositum
1751 2602 2052 2671 denegavit,
2101 2613 2194 2659 aut

2297 2594 2486 2648 ελθείν.
2536 2595 2720 2648 Πάντα
2764 2590 2860 2647 οὖν
2899 2595 3198 2662 ἐξετάσας,
3251 2597 3346 2647 καὶ
3380 2595 3862 2666 ἀκριϐωσάμενος,

635 2688 830 2744 falsum
878 2690 1249 2743 testimonium
1287 2689 1447 2752 tulit‘,
1488 2699 1582 2744 aut
1619 2692 1953 2746 sacerdotem
2001 2703 2194 2746 contu-

2297 2683 2434 2751 άπερ
2470 2683 2690 2738 ἀκούσει
2711 2683 2898 2738 τοῦτον
2927 2685 3312 2754 ὁμολογοῦντα,
3341 2689 3437 2740 καὶ
3471 2685 3866 2754 συγκατατιοέ-

637 2780 858 2834 meliose
883 2779 1088 2842 habuit,
1107 2788 1198 2832 aut
1220 2781 1608 2848 su‘sccptorcm.
1636 2782 1832 2850 Atque,
1864 2792 1922 2835 ut
1951 2783 2194 2836 absolute

2297 2787 2452 2840 μενον
2479 2772 2680 2840 ὀφείλει
2701 2772 2820 2825 καθ’
2844 2773 3073 2826 ἕκαστον
3100 2773 3278 2842 λέγειν
3298 2789 3312 2802 ·
3340 2793 3359 2826 ι
3406 2774 3464 2827 '0
3496 2775 3626 2838 Θεὸς
3656 2793 3864 2844 συγχω-

637 2867 836 2929 dicam,
856 2866 924 2919 de
954 2868 1208 2920 omnibus
1236 2883 1357 2920 eum
1386 2868 1530 2920 omni
1563 2883 1685 2921 eum
1711 2870 1985 2937 diligentia
2017 2863 2194 2938 inqui-

2297 2863 2461 2931 ρήσαι
2514 2878 2630 2914 σοι·
2690 2879 2708 2913 ι
2747 2862 2840 2915 καὶ
2872 2864 3010 2931 μετὰ
3035 2864 3096 2917 τὸ
3132 2863 3866 2934 άπαριθμήσασοαιιπάντα,

638 2969 758 3009 rere
779 2955 954 3008 debet.
973 2953 1248 3026 contingit
1269 2956 1410 3008 enim
1433 2946 1755 3025 quandoque
1779 2959 2009 3026 aliquem
2032 2974 2192 3014 omne

2297 2951 2387 3003 καὶ
2413 2950 2910 3023 τὴνὲξομολόγησιν
2936 2953 3210 3019 δέξασθαι,
3241 2955 3400 3008 πάλιν
3441 2954 3668 3021 ἐπάγειν
3719 2957 3869 3009 κάτω

637 3046 840 3114 peccati
879 3060 1047 3113 genus
1071 3046 1287 3115 aggredi
1317 3056 1372 3100 et
1397 3047 1629 3115 operari.
1662 3047 1855 3101 Omnia
1888 3049 2049 3118 igitur
2069 3065 2190 3104 eum

2297 3035 2546 3105 κειμένου
2570 3035 2663 3089 τοῦ
2694 3035 3105 3106 ἐξαγγείλαντος
3129 3056 3144 3071 ·
3179 3060 3199 3093 ι
3249 3043 3306 3094 Ὅ
3325 3041 3598 3112 Δεσπότης
3627 3045 3728 3096 καὶ
3758 3044 3869 3096 KG.

635 3134 986 3201 exquisierit,
1022 3144 1075 3188 et
1117 3135 1398 3205 diligenter
1435 3137 1860 3192 consideraverit
1883 3179 1898 3204 ,
1939 3140 2097 3193 debet
2127 3140 2194 3194 ad

2299 3141 2409 3194 ριος
2444 3125 2598 3194 ἡμῶν
2644 3126 2849 3196 Ἰησοῦς
2896 3128 3126 3198 Χριστὸς
3156 3131 3186 3183 ὁ
3225 3129 3356 3195 Θεὸς
3404 3134 3758 3202 συγχωρήσαι
3789 3150 3862 3186 σοι

638 3223 845 3294 singula
873 3225 1070 3292 quibus
1096 3226 1437 3279 conﬁtentem
1475 3227 1722 3280 assentiri
1757 3229 2007 3292 audierit,
2042 3229 2192 3284 dice-

2298 3212 2472 3267 πάντα
2498 3213 2597 3266 ὅσα
2629 3215 2748 3268 κατ’
2798 3215 3028 3271 ἐνώπιον
3077 3216 3241 3273 αὐτοῦ
3286 3219 3355 3288 τῇ
3403 3219 3714 3291 οὕοενότητί
3764 3239 3868 3292 μου

637 3329 717 3381 re,
752 3331 773 3366 ι
806 3313 945 3368 Deus
973 3315 1064 3368 tibi
1097 3315 1387 3384 indulgeat.
1422 3335 1440 3368 ›
1476 3316 1766 3383 Postquam
1796 3329 1974 3372 autem
2014 3321 2193 3375 omnia

2299 3300 2633 3371 ἐξήγγειλας.
2675 3321 2696 3356 ι

639 3404 988 3470 recensuerit,
1023 3413 1072 3459 et
1100 3404 1497 3459 confessionem
1536 3411 1839 3475 exceperit,
1866 3410 2150 3464 conﬁtente
2173 3409 2382 3465 inferne
2407 3411 2638 3482 iacente,
2667 3415 2824 3470 addet
2859 3434 2876 3470 :
2915 3432 2934 3469 t
2967 3415 3140 3474 Herus
3175 3428 3231 3474 ct
3258 3419 3519 3477 Dominus
3555 3428 3746 3478 noster
3777 3419 3871 3477 Je-

637 3509 736 3554 sus
772 3497 1021 3552 Christus
1047 3496 1189 3554 Deus
1229 3498 1503 3568 indulgeat
1565 3499 1661 3554 tibi
1716 3501 1898 3556 omnia
1925 3518 2045 3573 quae
2071 3504 2124 3558 in
2156 3517 2453 3575 conspectu
2483 3509 2606 3577 ejus,
2628 3510 2862 3564 nullitati
2891 3525 3026 3566 mea:
3057 3513 3347 3571 confessus
3376 3531 3457 3573 es.
3487 3536 3509 3569 ι

1229 3674 1351 3725 Alia
1389 3673 1605 3738 solutio.

709 3759 853 3814 Deus
876 3758 970 3828 qui
1002 3774 1095 3828 per
1126 3759 1336 3814 Natltan
1360 3761 1542 3831 Davidi
1573 3764 1788 3832 propria
1817 3780 2032 3834 peccata
2064 3783 2197 3822 con-
2231 3753 2234 3758 ’

593 3889 602 3903 .
640 3847 815 3902 fitenti
848 3847 1102 3915 pepercit,
1126 3856 1186 3902 et
1217 3847 1373 3900 Petro
1407 3849 1816 3919 abnegationem
1854 3869 2008 3907 suam
2043 3853 2198 3910 forti-

641 3946 721 3992 ter
745 3935 978 4000 dellenti,
1013 3945 1067 3991 et
1093 3931 1367 3992 meretrici
1401 3939 1716 4009 lacrymanti
1751 3955 1912 4010 super
1942 3943 2196 3997 immacu-

638 4027 778 4081 latos
806 4027 975 4096 ipsius
1002 4027 1183 4103 pedes,
1213 4035 1267 4081 et
1292 4027 1562 4095 lllanasse,
1581 4037 1636 4082 et
1655 4029 1966 4098 publicano,
1994 4044 2046 4086 et
2071 4048 2196 4100 pro-

639 4122 804 4188 digo;
852 4121 943 4187 qui
984 4121 1161 4188 dixit:
1212 4123 1531 4196 Alterutrum
1577 4126 1899 4193 conﬁtemini
1941 4139 2192 4197 peccata,

641 4209 758 4278 ipse
786 4209 1050 4275 Salvator,
1078 4224 1129 4265 et
1161 4213 1420 4269 Dominus
1448 4218 1633 4271 noster
1655 4215 1814 4273 Jesus
1839 4219 2195 4276 Christusre-

641 4300 819 4353 mittat
863 4298 956 4351 tibi
993 4308 1046 4353 ct
1082 4304 1134 4354 in
1173 4303 1274 4357 hoc
1313 4303 1532 4367 saeculo,
1579 4317 1633 4360 et
1681 4307 1966 4379 ianuturo
2003 4313 2186 4364 omnia

641 4404 763 4458 qua:
808 4388 861 4441 in
909 4387 1079 4455 ipsius
1123 4402 1409 4462 conspectu
1449 4394 1696 4463 parvitati
1737 4411 1865 4450 mete
1912 4399 2193 4454 confessus

640 4496 739 4546 es,
770 4485 825 4532 et
864 4476 1112 4545 dignetur
1160 4488 1209 4533 te
1236 4494 1358 4537 ante
1403 4485 1638 4538 tribunal
1679 4500 1838 4541 suum
1887 4488 2080 4546 sistere
2119 4489 2200 4542 in-

641 4569 975 4635 demnatum,
1001 4567 1090 4636 qui
1122 4577 1206 4625 est
1235 4571 1542 4630 benedictus
1571 4566 1872 4631 in'saccula.
1904 4577 2096 4632 Amen.
2184 4573 2187 4576 ’

1201 4822 1383 4878 Altera
1407 4828 1614 4886 solutio.

717 4914 882 4980 Dens,
915 4912 1007 4983 qui
1038 4920 1256 4983 propter
1285 4927 1385 4968 nos
1416 4915 1574 4974 homo
1612 4919 1784 4976 factus
1818 4930 1917 4988 est,
1952 4931 2006 4976 ct
2029 4923 2193 4986 totius
2225 4932 2272 4991 ο

650 5007 836 5062 mundi
869 5014 1086 5075 peccata
1119 5003 1373 5073 portavit.
1402 5003 1519 5072 Ipse
1546 5022 1640 5076 per
1665 5012 1925 5081 optimam
1958 5011 2198 5082 benigni-

650 5104 812 5150 tatem
837 5109 988 5148 suam
1017 5095 1130 5149 haec
1154 5092 1359 5154 omnia,
1389 5091 1573 5161 frater,
1604 5103 1879 5169 suscipiet,
1910 5117 2029 5172 qua:
2053 5118 2197 5158 nunc

648 5200 831 5241 coram
878 5186 996 5254 ipso
1033 5199 1166 5239 mea:
1200 5172 1505 5253 indignitati
1546 5187 1829 5246 declarasti
1853 5232 1868 5256 ,
1915 5194 2197 5248 remittens

652 5276 750 5331 tibi
773 5278 978 5337 omnia,
1011 5285 1064 5329 et
1086 5277 1139 5328 in
1171 5275 1273 5328 hoc
1301 5273 1518 5338 saeculo,
1545 5284 1598 5330 et
1629 5278 1683 5332 in
1713 5280 1911 5346 futuro,
1942 5283 2033 5352 qui
2066 5299 2198 5338 cou-

652 5375 858 5423 stanter
883 5367 997 5419 vult
1031 5376 1084 5420 et
1125 5367 1314 5420 tribuit
1342 5364 1595 5422 omnibus
1622 5371 1869 5437 salutem,
1898 5384 2080 5444 estque
2111 5373 2198 5426 be-

558 5461 562 5467 ’
651 5457 897 5514 nedictus
924 5457 976 5509 in
1008 5459 1222 5512 saecula.
1251 5462 1442 5510 Amen.

1135 5630 1323 5686 Postea
1350 5632 1424 5685 sic
1454 5641 1718 5698 precatur.

723 5719 864 5776 Deus
913 5719 1156 5776 Salvator
1199 5732 1380 5781 noster
1415 5721 1505 5792 qui
1552 5735 1646 5790 per
1687 5725 1992 5794 prephetam
2033 5741 2187 5785 tuum

2433 3714 2438 3717 ι
2641 3703 2645 3712 ε
2875 3682 3081 3752 Ἑτέρα
3099 3687 3303 3752 λύσις.
3366 3687 3376 3692 ”

2377 3764 2435 3818 ’0
2473 3764 2604 3828 Θεὸς
2645 3766 2675 3819 ὀ
2709 3771 3067 3839 συγχωρήσας
3104 3770 3191 3825 διὰ
3221 3772 3410 3826 Ναθὰν
3471 3775 3552 3846 τῷ
3581 3777 3747 3832 Δαυτδ
3796 3783 3865 3836 τὰ

2299 3853 2406 3931 ῐδια
2446 3854 2836 3926 ὁμολογήσαντι
2882 3857 3064 3926 κακά,
3108 3861 3203 3914 καὶ
3246 3863 3438 3935 Πέτρῳ
3477 3865 3580 3936 τὴν
3624 3867 3863 3940 ἄρνησιν

2295 3944 2586 3998 κλαύσαντι
2622 3947 2888 4019 ἰσχυρῶς,
2921 3950 3014 4004 καὶ
3050 3952 3223 4024 πόρνῃ
3260 3953 3575 4030 δαιῑρυσάσῃ
3605 3958 3698 4012 ἐπὶ
3737 3961 3866 4024 τοὺς

2294 4037 2594 4106 ἀχράντους
2641 4037 2804 4091 αὕτοῦ
2841 4040 3029 4107 πόδας,
3062 4043 3155 4095 καὶ
3197 4045 3490 4119 Μανασσῇ,
3523 4049 3617 4102 καὶ
3651 4051 3861 4124 τελώνῃ

2293 4129 2386 4181 καὶ
2415 4127 2626 4198 ἀσώτῳ,
2657 4131 2688 4182 ὁ
2712 4129 2914 4194 εἰπών’,
2941 4132 3428 4204 Ἐεομολοτεῖσθε
3461 4139 3761 4208 ἀλλήλοις
3791 4142 3863 4196 τὰ

2293 4218 2727 4287 παραπτώματα
2753 4235 2770 4252 ο
2803 4220 2962 4284 αὐτὸς
2991 4223 3021 4274 ὁ
3066 4223 3256 4296 Σωτὴρ
3303 4227 3460 4298 ἡμῶν
3480 4269 3497 4293 ,
3531 4230 3621 4283 καὶ
3652 4230 3863 4302 Κύριος

2293 4307 2468 4377 ἡμῶν,
2505 4310 2599 4361 καὶ
2639 4308 2845 4379 Ἰησοῦς
2893 4311 3146 4381 Χριστὸς,
3185 4318 3538 4388 συγχωρήσαι
3569 4337 3649 4373 σοι
3677 4323 3859 4382 πάντα

2293 4397 2392 4450 ὃσα
2423 4395 2651 4471 ἐνώπιον
2678 4399 2840 4452 αὕτοῦ
2867 4403 2932 4471 τῇ
2979 4401 3086 4473 ἐμῇ
3113 4401 3440 4473 ὲξήγγειλας
3464 4409 3857 4481 ὲλαχιστᾶτητι,

2294 4487 2352 4540 ὲν
2372 4486 2572 4565 sip.va
2590 4487 2779 4554 αἰῶνι,
2808 4491 2904 4543 καὶ
2928 4491 2984 4543 ὲν
3009 4492 3089 4562 τῷ
3129 4495 3373 4564 μέλλοντι
3407 4513 3423 4528 ’
3450 4500 3544 4552 καὶ
3566 4503 3860 4574 ἁκατακρί·

2293 4591 2402 4637 τως
2455 4592 2514 4628 σε
2561 4576 2865 4647 ἔμπροσθεν
2908 4580 3001 4634 τοῦ
3060 4583 3300 4654 βήματος
3354 4589 3522 4642 αὐτοῦ
3575 4608 3856 4663 παραστα-

2298 4663 2456 4734 Θῆναι
2487 4667 2831 4737 καταξιώσει,
2865 4672 2893 4724 ὀ
2927 4672 3002 4725 ὢν
3028 4673 3316 4745 εὐλογητὸς
3341 4679 3420 4743 είς
3461 4681 3586 4746 τοὺς
3618 4672 3853 4748 αἰῶνας.

2310 4754 2504 4826 Ἀμήν.

2840 4884 2842 4886 τ
2859 4849 3059 4922 Ἑτέρα
3092 4856 3293 4923 λύσις.

2375 4929 2432 4988 Ὅ
2457 4935 2585 5001 Θεδς
2611 4936 2733 4992 ὀ-δι’
2753 4938 2896 5010 ἡμᾶς
2925 4943 3344 5014 ὲνανθρωπήσας
3363 4987 3379 5012 ,
3409 4952 3504 5004 καὶ
3535 4952 3731 5016 παντὸς
3762 4953 3856 5008 τεῦ

2278 5018 2494 5095 ’κόσμου
2541 5027 2642 5090 τὰς
2686 5030 2961 5100 ἁμαρτίας
3006 5035 3309 5103 βαστάζων,
3365 5041 3528 5103 αὐτὸς
3566 5046 3628 5113 τῇ
3686 5047 3854 5100 uirtuti

2291 5118 2589 5188 παναγάοῳ
2645 5120 2995 5203 χρηστότητι,
3043 5125 3139 5200 καλ
3183 5127 3356 5180 ταῦτα
3401 5131 3596 5195 πάντα,
3635 5133 3851 5203 ἀδελφὲ,

2291 5206 2626 5271 ἀναδέεεται,
2665 5210 2764 5263 ὅσα
2793 5207 2886 5262 νῦν
2928 5210 3155 5270 ἐνώπιον
3182 5215 3346 5267 αὐτοῦ
3388 5221 3454 5287 τῇ
3498 5217 3599 5288 ἐμῇ
3638 5220 3856 5286 ὲξεῐπες

2293 5295 2631 5367 ἁναξιότητι,
2686 5301 2980 5369 συγχωρῶν
3028 5318 3110 5356 σοι
3156 5304 3335 5358 πάντα
3387 5307 3481 5359 καὶ
3535 5308 3592 5360 ἐν
3630 5311 3708 5380 τῷ
3760 5313 3854 5366 νῦν

2301 5384 2455 5437 αἰῶνι
2481 5387 2571 5438 καὶ
2611 5388 2670 5438 ὲν
2711 5387 2788 5457 τῷ
2819 5389 3082 5459 μέλλοντι,
3109 5393 3138 5445 ὁ
3164 5391 3478 5457 θέλων,,καὶ
3533 5399 3725 5467 μένων,
3761 5403 3856 5457 καὶ

2301 5472 2477 5541 νέμων
2523 5476 2774 5530 ἁπάντων
2809 5479 2908 5550 τὴν
2946 5483 3238 5552 σωτηρίαν,
3278 5485 3306 5536 ὁ
3329 5484 3404 5539 ὢν
3452 5490 3736 5559 εὐλογητὸς
3775 5496 3853 5556 είς

2297 5563 2420 5629 τοὺς
2449 5564 2664 5629 αἰῶνας.
2716 5570 2906 5640 Ἀμήν.
3340 5581 3346 5585 “

2717 5654 2859 5711 Εἶτα
2887 5659 3074 5725 οὕτως
3108 5659 3440 5730 ἐπεύχεται.

2377 5734 2435 5789 '0
2463 5737 2610 5804 Θεὸς,
2641 5741 2668 5792 ὁ
2715 5741 2901 5813 Σωτὴρ
2932 5743 3087 5812 ἡμῶν
3111 5745 3138 5797 ὁ
3173 5743 3257 5798 διὰ
3289 5748 3386 5801 τοῦ
3436 5752 3711 5823 προφήτου
3756 5769 3850 5809 σου
