4024 6340
593 469 604 474 -
693 405 828 469 ΠΜ

1590 409 1906 468 JUANNIS
1926 411 1952 468 ,Ι
1969 409 2270 469 EJUNA'I‘t
2286 411 2435 470 )RIS
2477 413 2581 471 ΟΡ.
2641 412 2987 473 ARCHIEP.

3770 414 3882 478 1904

688 529 742 573 et
774 523 1036 579 let-orum,
1061 527 1113 571 et
1141 517 1399 579 scientiae,
1425 527 1477 570 et
1514 515 1831 587 ignorantiae
1850 557 1865 579 ,
1892 527 1946 572 et
1989 518 2041 570 in
2072 515 2245 570 omni-

2359 520 2490 584 πίας,
2543 521 2635 573 καὶ
2673 521 2730 572 ὲν
2766 524 2898 574 πᾶσι
2935 520 3014 590 τῷ
3054 522 3237 592 σκοπῴ
3275 523 3380 574 τῶν
3427 522 3606 589 ἁγίων
3654 521 3881 595 Πατέρων

691 613 790 663 bus
843 620 1151 663 διιάιοιοῐύιιι
1198 607 1415 662 Patrum
1450 623 1670 678 scopum
1699 621 1751 664 ει
1795 618 2026 662 mentem
2061 623 2245 678 presse

691 703 906 756 sectari.
969 702 1059 756 Sic
1081 702 1224 756 enim
1250 702 1324 754 ait
1346 709 1563 756 sanctus
1585 699 2037 773 Cbrysostomus:
2082 720 2098 752 ι
2123 699 2244 754 Pce-

691 798 913 848 nitentia
945 804 1183 865 tempore
1211 809 1316 846 non
1343 794 1617 864 judicatur
1637 835 1650 854 ,
1682 795 1773 848 sed
1811 795 1979 848 animi
2010 795 2244 864 disposi—

695 889 860 942 tione.
893 904 910 938 ι
954 885 1175 955 Magnus
1214 883 1438 939 Basilius
1478 884 1828 939 coM‘ormiter
1855 904 1868 939 :
1899 904 1917 934 ι
1960 886 2058 939 Ista
2102 898 2239 937 tem-

696 992 824 1045 pore
870 992 975 1030 non
1018 976 1324 1045 judicamus
1353 1015 1366 1038 ,
1425 975 1516 1028 sed
1548 975 1600 1027 in
1642 976 1860 1030 modum
1909 975 2249 1041 formamque

689 1069 1020 1138 paruitentia:
1043 1077 1272 1121 tuentem
1309 1067 1658 1120 intendimus.
1700 1086 1716 1117 ο
1757 1065 2020 1121 Praeterea
2055 1067 2248 1119 buma-

693 1161 952 1213 nissimus
986 1157 1407 1228 Cbrysostomus
1455 1154 1716 1210 Ninivitas
1757 1157 1940 1210 multis
1968 1172 2076 1209 non
2112 1170 2250 1224 Opus

692 1252 946 1304 habuisse
973 1251 1162 1304 dielms
1192 1258 1247 1302 ιιι
1269 1247 1636 1316 pmnitentiam
1663 1256 1885 1317 agerent
1909 1287 1924 1310 ,
1947 1247 2040 1302 sed
2075 1247 2250 1300 tribus

692 1344 824 1400 solis
860 1363 871 1397 :
907 1346 1164 1397 latronem
1191 1355 1317 1394 vero
1357 1354 1423 1393 nc
1457 1340 1680 1406 quidem
1721 1349 1797 1394 tot
1831 1341 2120 1402 horarum,
2155 1339 2249 1394 sed

691 1440 822 1492 satis
861 1438 934 1490 illi
968 1436 1067 1489 fuit
1110 1433 1176 1486 ad
1220 1433 1586 1502 paenitentiam
1637 1431 1768 1485 illud
1819 1432 2078 1499 temporis
2127 1445 2250 1499 spa-

693 1532 827 1584 tium
859 1544 967 1598 quo
998 1527 1215 1581 verbum
1252 1523 1642 1595 pronuntiavit,
1676 1524 1748 1576 ita
1789 1530 1846 1575 ttt
1881 1524 1934 1574 in
1977 1531 2252 1576 momento

691 1621 1000 1690 paradisum
1057 1618 1352 1672 intraverit.
1410 1613 1529 1666 llaec
1591 1614 1750 1683 igitur
1795 1628 2132 1682 cognoscens
2187 1630 2253 1667 ne

690 1723 939 1767 accurate
974 1710 1268 1765 secundum
1302 1722 1540 1760 canones
1569 1707 1812 1775 epitimia
1847 1705 2072 1759 delinias
2099 1746 2113 1765 ,
2157 1707 2250 1759 sed

693 1805 990 1860 Secundum
1049 1816 1290 1871 personae
1335 1802 1647 1870 qualitatem
1702 1817 1713 1851 :
1772 1799 1850 1854 sic
1899 1808 2079 1852 autem
2127 1813 2249 1852 cum

693 1899 824 1952 viris
877 1909 928 1950 te
975 1910 1148 1966 geres.
1206 1893 1343 1962 Erga
1396 1895 1646 1948 mulieres
1691 1901 1869 1945 autem
1908 1891 2148 1960 diligenti
2197 1900 2251 1944 et

695 2002 944 2044 accurata
991 1987 1337 2056 inquisitione
1381 1987 1455 2038 uti
1503 1987 1686 2039 debes.
1750 1984 2054 2038 Procedunt
2103 1983 2248 2036 enim

696 2085 762 2137 ad
795 2099 963 2150 usque
992 2080 1195 2147 magias
1219 2089 1271 2131 et
1305 2077 1560 2131 venelieia
1587 2117 1602 2140 ,
1637 2087 1688 2130 et
1719 2077 1822 2128 alia
1853 2090 2012 2142 opera
2049 2090 2249 2143 prepu—

697 2179 883 2240 diosa,
915 2189 1143 2243 quorum
1177 2174 1258 2226 vel
1293 2172 1604 2224 meminisse
1636 2171 1964 2224 horrendum
1997 2179 2116 2232 est,
2160 2185 2250 2222 ne—

696 2269 824 2320 dum
857 2279 1127 2336 peragere.
1161 2262 1415 2316 Polluunt
1451 2277 1667 2331 quoque
1710 2277 1803 2330 per
1845 2273 2118 2314 ntenStrua
2155 2277 2252 2314 sua

696 2370 954 2416 consueta
985 2359 1130 2412 viros
1170 2371 1298 2410 suos
1340 2356 1564 2408 istorum
1605 2356 1843 2423 ignaros.
1889 2354 2024 2407 Cum
2077 2340 2252 2406 autem

696 2455 1045 2514 conﬁtentur,
1108 2449 1420 2517 permittere
1483 2462 1586 2500 non
1655 2456 1867 2515 oportet
1913 2462 2004 2498 eas
2047 2448 2255 2498 detecto

694 2560 817 2611 esse
835 2546 1029 2614 capite.
1063 2543 1173 2596 Hoc
1198 2543 1340 2594 enim
1363 2541 1624 2593 monitum
1645 2541 1774 2592 viris
1797 2540 1982 2590 datum
2003 2547 2106 2590 est.
2128 2536 2256 2588 Pro-

700 2637 900 2688 cedunt
933 2631 1094 2700 igitur
1126 2631 1381 2681 mulieres
1419 2643 1590 2694 usque
1616 2626 1682 2678 ad
1715 2625 1891 2680 varias
1925 2626 2119 2685 caedes,
2149 2639 2257 2676 non

698 2726 858 2778 modo
877 2723 927 2774 in
947 2717 1392 2787 conceptionibus
1410 2717 1544 2776 suis.
1567 2730 1750 2769 verum
1771 2715 1932 2767 etiam
1958 2714 2010 2766 in
2030 2727 2258 2782 puerpe-

699 2819 814 2872 riis.
853 2815 1050 2868 rloruni
1089 2812 1234 2864 enim
1284 2811 1560 2863 nonnulla:
1620 2823 1721 2876 ope
1761 2806 2039 2876 cujusdam
2084 2807 2260 2860 herba:

697 2908 925 2977 singulis
967 2903 1244 2975 mensibus
1275 2901 1474 2956 eandem
1514 2909 1729 2970 patrant
1754 2938 1768 2962 ,
1822 2909 1878 2952 ut
1913 2913 2011 2968 ego
2042 2899 2260 2982 humilis

699 3004 791 3057 Dei
822 3016 1010 3056 servus
1049 2998 1414 3052 miserandum
1460 2997 1561 3049 hoc
1607 3010 1729 3048 cum
1773 2995 2029 3048 omnibus
2069 3009 2261 3062 supra-

698 3094 912 3163 scriptis
955 3089 1303 3144 confessione
1355 3088 1562 3154 excepi.
1605 3087 1936 3152 Quapropter
1978 3094 2261 3154 postquam

699 3190 813 3242 [nec
839 3185 1021 3238 omnia
1058 3179 1404 3251 percurrcrit,
1435 3194 1527 3232 eas
1555 3176 1886 3245 interrogare
1918 3184 2128 3245 oportet
2154 3217 2168 3241 ,
2207 3178 2261 3230 et

699 3277 995 3348 praesertim
1025 3272 1214 3327 viduas
1244 3280 1298 3324 et
1328 3268 1624 3322 monacbas
1660 3275 1790 3337 quot
1825 3267 2080 3334 puerulos
2111 3267 2258 3320 occi’

699 3375 933 3434 derunt,
967 3375 1099 3437 quot
1129 3357 1306 3418 modis
1336 3370 1391 3416 et
1427 3361 1676 3431 qualibus
1719 3359 1821 3412 ltoc
1860 3368 2256 3428 perpetrarunt.

701 3463 862 3517 Aliud
905 3460 1050 3516 enim
1092 3466 1174 3510 est
1221 3457 1574 3524 pbarmacum
1620 3452 1870 3516 ebibere,
1914 3468 2023 3521 quo
2071 3452 2164 3507 iiut
2203 3459 2263 3505 ut

705 3567 808 3605 non
837 3549 1072 3617 amplius
1099 3547 1234 3600 [ilius
1266 3558 1552 3614 procreare
1581 3541 1789 3612 possit,
1839 3542 1984 3610 quod
2015 3542 2262 3595 omnium

702 3641 1080 3712 graiissimum
1115 3649 1232 3691 est:
1265 3635 1410 3690 aliud
1445 3648 1572 3688 vero
1599 3633 1651 3688 id
1677 3648 1770 3701 per
1803 3633 1986 3686 intrita
2016 3633 2261 3703 quadam

705 3743 980 3803 praestare,
1013 3729 1158 3799 quod
1193 3727 1445 3796 praedicto
1480 3725 1648 3778 levius
1677 3732 1778 3779 est.
1813 3721 1959 3778 Istud
1988 3738 2134 3786 vero,
2170 3739 2264 3792 per

706 3823 900 3879 herbas
929 3821 1186 3890 quasdam
1236 3817 1461 3887 singulis
1500 3815 1779 3870 mensibus
1806 3814 1975 3869 fetum
2011 3827 2266 3869 excutere

706 3915 853 3970 omni
884 3913 1027 3968 caede
1052 3911 1411 3981 perniciosius
1439 3916 1542 3969 est,
1566 3907 1751 3976 illique
1777 3906 1880 3960 nisi
1913 3906 2161 3981 desistat,
2197 3908 2262 3959 ad

709 4019 938 4062 mortem
969 4020 1139 4073 usque
1165 4017 1270 4056 non
1302 4001 1707 4055 communicare
1735 3979 2035 4070 epitimiuin
2077 3999 2266 4052 tribui-

712 4112 816 4154 tur.
848 4097 1098 4150 Mulieres
1123 4109 1244 4148 cmu
1277 4093 1344 4146 ab
1371 4091 1616 4146 ecclesiis
1639 4100 1898 4160 separata:
1922 4099 2084 4153 sunt,
2119 4089 2267 4158 capi-

712 4196 780 4246 tis
816 4188 1193 4246 inclinationes
1239 4184 1355 4239 sine
1398 4181 1853 4253 prostrationibus
1896 4180 2117 4237 faciant.
2156 4179 2264 4235 Nec

713 4287 824 4339 haec
856 4291 1064 4336 tantum
1100 4277 1352 4332 mulieres
1381 4275 1607 4337 iaciunt,
1639 4271 1733 4327 sed
1770 4272 1934 4326 etiam
1965 4286 2074 4326 non
2108 4286 2268 4326 secus

711 4392 775 4430 ac
811 4374 909 4426 viri
960 4370 1307 4440 polluuntur;
1344 4346 1459 4419 illa:
1497 4366 1657 4419 etiam
1701 4379 1822 4436 qua:
1859 4365 1914 4418 in
1961 4365 2268 4434 virginitate

712 4473 928 4536 degunt,
960 4475 1012 4518 et
1043 4462 1244 4516 nullam
1281 4461 1719 4529 qualemcunque
1747 4458 1851 4512 viri
1879 4458 2266 4528 experientiam

659 4600 662 4602 ν
713 4562 928 4613 habent.
955 4555 1222 4610 Hactenus
1253 4553 1319 4607 de
1352 4550 1592 4622 diligenti
1629 4559 1684 4605 et
1719 4558 1968 4604 accurata
2007 4551 2267 4605 contiten-
2296 4572 2345 4632 υ

711 4652 846 4704 tium
889 4648 1258 4718 inquisitione,
1294 4659 1593 4713 eorumque
1615 4641 1937 4698 diﬂ‘erentia.

778 4740 1168 4810 Castigationes
1191 4746 1390 4800 autem,
1419 4751 1713 4806 earumque
1733 4733 2046 4789 diﬂ'erentiaz
2066 4731 2265 4789 eaedem

712 4848 855 4892 sunt.
881 4833 1222 4902 Quaecunque
1263 4839 1563 4900 perpetrata
1603 4838 1728 4883 sunt
1765 4837 1889 4882 ante
1923 4842 2124 4881 annum
2170 4824 2266 4878 tri-

713 4926 973 4980 cesi‘mum
1003 4922 1116 4976 sive
1159 4937 1189 4974 a
1222 4921 1384 4984 viris,
1422 4919 1534 4973 sive
1571 4933 1600 4971 a
1633 4917 1984 4980 mulieribus,
2020 4915 2179 4969 tacile
2207 4924 2262 4968 et

713 5016 958 5072 celeriter
978 5014 1374 5078 eondonentur,
1396 5009 1794 5080 qualiacunque
1810 5010 1941 5072 sint,
1958 5010 2029 5063 ita
2054 5015 2114 5062 ut
2132 5007 2269 5060 duo-

713 5126 834 5164 rum
865 5116 957 5161 aut
985 5107 1147 5162 trium
1180 5120 1446 5158 annorum
1473 5116 1687 5173 ptenam
1716 5115 1822 5155 non
1852 5102 2135 5163 excedant,
2161 5099 2268 5154 nisi

714 5202 888 5255 caadcs
904 5198 975 5251 sit
1003 5197 1274 5267 quaelibet,
1298 5208 1598 5263 magnaque
1623 5192 1799 5261 aliqua
1830 5191 2108 5261 sanguinis
2142 5207 2269 5262 per-

718 5289 926 5354 mistio,
951 5289 1063 5342 sive
1094 5289 1353 5341 incestus.
1387 5283 1582 5339 Eorum
1615 5298 1744 5336 vero
1768 5297 1888 5351 quae
1918 5292 2038 5350 post
2064 5296 2269 5334 annum

714 5383 1049 5439 tricesimum
1084 5389 1479 5458 perpetrantur,
1517 5393 1687 5445 prima:
1727 5377 1777 5428 in
1818 5390 2018 5428 annum
2052 5375 2269 5429 tertium

713 5488 766 5531 et
796 5485 1046 5544 quartum
1079 5470 1461 5526 extenduntur.
1501 5468 1604 5524 Ubi
1636 5483 1763 5544 vero
1796 5465 1969 5523 cedes
1997 5477 2080 5522 est
2123 5483 2230 5521 una
2253 5510 2267 5531 ,

713 5580 806 5623 aut
837 5567 1035 5636 plures.
1068 5573 1162 5619 aut
1191 5577 1506 5632 magnorum
1538 5541 1864 5616 incestorum
1889 5559 2124 5628 aliquod,
2158 5561 2271 5614 vel-

715 5658 790 5709 uti
831 5671 952 5708 cum
984 5667 1170 5707 sorore
1223 5664 1510 5720 germana,
1555 5649 1669 5704 sive
1713 5663 1774 5702 ex
1823 5655 2006 5716 patre,
2051 5646 2166 5700 sive
2204 5662 2270 5700 ex

715 5757 883 5800 matre
905 5785 922 5808 ,
955 5746 1036 5798 vel
1075 5742 1169 5796 ﬁlii
1196 5757 1393 5806 uxore,
1429 5741 1511 5794 vel
1559 5740 1918 5807 susceptrice,
1958 5736 2042 5790 vel
2077 5752 2266 5790 eorum

716 5838 808 5898 qui
835 5838 970 5890 duas
1005 5849 1219 5890 sorores
1251 5832 1592 5889 matrimonio
1639 5840 1733 5885 aut
1767 5829 2122 5885 contubernio
2163 5829 2266 5883 sibi

2345 609 2736 674 ἐξακολουθεῖν.
2795 612 2903 664 Καὶ
2947 612 3056 684 γὰρ
3104 614 3132 665 ό
3184 616 3284 682 μὲν
3326 613 3477 675 θεῖος
3525 613 3881 684 Χρυσόπομος

2345 702 2486 754 οὕτω
2530 702 2727 773 φησίνο
2774 721 2791 753 ι
2840 703 2915 756 Οὐ
2947 704 3123 774 χρόνῳ
3173 704 3414 775 κρίνεται
3453 705 3733 773 μετάνοια,
3774 706 3887 759 ἀλλὰ

2346 795 2585 848 διαθέσει
2626 795 2823 866 ψυχῆς.
2881 814 2898 846 ι
2964 796 3289 866 Ὁμοφώνως
3317 797 3374 849 δὲ
3402 797 3496 849 καὶ
3527 797 3556 848 ὁ
3595 797 3763 866 μέγας
3799 798 3887 850 Βα-

2351 890 2569 951 σίλειος,
2612 890 2695 942 ὃτι
2727 907 2747 940 ι
2785 889 2859 942 Uti
2905 889 3081 959 χρόνῳ
3123 890 3378 960 κρίνομεν
3405 888 3476 942 τὰ
3503 887 3748 954 τοιαῦτα,
3778 889 3890 945 ἀλλὰ

2347 981 2424 1050 τῷ
2449 982 2633 1052 τρόπῳ
2663 981 2762 1052 τῆς
2809 980 3096 1052 μετανοίας
3141 981 3509 1052 προσέχομεν.
3569 1002 3588 1034 ι
3632 983 3748 1035 Ἔτι
3785 983 3836 1038 δὲ
3865 987 3890 1038 ό

2349 1073 2855 1144 φιλανθρωπότατος
2889 1074 3302 1146 Χρυσόστομος,
3343 1075 3427 1128 ὅτι
3480 1092 3500 1126 ι
3537 1075 3603 1129 Οἱ
3644 1075 3891 1130 Νινευῗται

2349 1167 2406 1217 οὐ
2436 1166 2644 1218 πολλῶν
2670 1167 2969 1238 ἐδεήθησαν
2993 1167 3101 1220 τῶν
3126 1167 3351 1237 ἡμερῶν
3379 1170 3459 1231 εὶς
3481 1167 3543 1220 τὸ
3568 1169 3890 1237 μετανοῆσαι,

2349 1259 2484 1332 ἀλλά
2509 1259 2676 1330 τριῶν
2701 1260 2880 1329 μόνον.
2921 1260 2982 1313 Ὀ
3010 1260 3064 1312 δὲ
3086 1260 3291 1332 λῃστὴς
3314 1261 3434 1314 οὐδὲ
3455 1241 3617 1331 ὡρῶν
3652 1261 3892 1314 τοσούτων

2351 1351 2565 1421 ἐδεήθη,
2597 1351 2732 1404 ἀλλὰ
2757 1352 2820 1405 τὸ
2845 1351 3124 1424 διάστημα
3148 1345 3210 1405 οὗ
3252 1351 3439 1423 εἴρηκε
3475 1353 3719 1424 ῥήματος
3751 1353 3894 1423 ἧρπε-

2355 1461 2442 1495 σεν
2472 1444 2618 1514 αὐτῷ
2647 1447 2725 1508 εἰς
2767 1421 3075 1515 μετάνοιαν,
3111 1444 3188 1508 ὡς
3219 1447 3276 1498 ἐν
3310 1447 3585 1517 ἀκαριαίῳ
3614 1446 3706 1498 τοῦ
3740 1452 3894 1517 παρὰ·

2351 1536 2527 1588 δείεου
2581 1535 2732 1594 ἐντὸς
2761 1535 3035 1604 γενέσθαι.
3075 1557 3092 1588 ι
3127 1535 3312 1590 Ταῦτα
3339 1533 3433 1590 οὖν
3457 1537 3636 1602 εἰδὼς,
3666 1538 3738 1608 μὴ
3778 1539 3896 1591 κατὰ

2354 1631 2448 1700 τὴν
2490 1629 2772 1700 ἀκρίϐειαν
2801 1629 2907 1681 τῶν
2939 1628 3098 1683 θείων
3137 1631 3377 1684 κανόνων
3408 1629 3666 1700 διορίζειν
3701 1633 3766 1684 τὰ
3798 1632 3897 1683 ἑπι-

2353 1723 2529 1791 τξμια,
2563 1721 2698 1774 ἀλλὰ
2728 1720 2868 1773 κατὰ
2897 1719 2994 1790 τὴν
3027 1713 3283 1789 ποιότητα
3309 1720 3405 1774 τοῦ
3449 1721 3762 1791 προσώπου.
3803 1720 3898 1775 Καὶ

2353 1812 2525 1865 ταῦτα
2568 1813 2666 1882 μὲν
2696 1812 2788 1864 ἐπὶ
2827 1810 3055 1882 ἀνδρῶν.
3100 1813 3224 1864 Ἐπὶ
3269 1813 3378 1881 γὰρ
3413 1811 3687 1881 γυναικῶν
3719 1812 3897 1881 πολλὴν

2354 1902 2554 1968 ὀφείλει
2599 1902 2698 1972 τὴν
2741 1901 2966 1971 ἔρευναν
3012 1900 3108 1953 καὶ
3153 1900 3252 1972 τὴν
3300 1902 3583 1972 ἀκρίϐειαν
3629 1902 3896 1955 ποιεῖσθαι.

2355 1994 2619 2047 Φθάνουσι
2671 1995 2778 2063 γὰρ
2830 1993 2924 2046 καὶ
2973 1995 3076 2056 ’ἐως
3115 1993 3359 2063 μαγειῶν
3414 1997 3508 2047 καὶ
3541 1994 3896 2065 φαρμακειῶν,

2358 2088 2450 2138 καὶ
2477 2087 2676 2155 ἑτέρων
2713 2085 3126 2156 αἰσχροεργιῶν,
3158 2079 3234 2153 ὧν
3256 2085 3351 2138 καὶ
3375 2088 3436 2137 τὸ
3472 2086 3773 2157 μνησθῆναι
3795 2104 3900 2157 φρι-

2361 2176 2508 2238 κτὸν,
2544 2178 2665 2247 οὐχὶ
2705 2177 2762 2228 δὲ
2806 2178 2900 2229 καὶ
2947 2177 3008 2228 τὸ
3054 2177 3472 2247 διαπράξασθαι.
3520 2178 3817 2232 Μολύνουσι
3851 2178 3899 2230 δὲ

2360 2270 2452 2319 καὶ
2494 2270 2553 2320 ὲν
2599 2270 2710 2326 τοῖς
2741 2265 3042 2337 συνηθείοις
3082 2267 3190 2320 τῶν
3235 2269 3587 2337 καταμηνίων
3625 2271 3800 2322 αὐτῶν
3836 2267 3899 2338 μὴ

2361 2359 2564 2422 εἰδότας
2606 2361 2731 2421 τοὺς
2764 2360 2982 2425 ἄνδρας.
3023 2357 3237 2411 Τούτων
3271 2359 3455 2428 μέντοι
3491 2359 3897 2430 ἐξομολογουμέ-

2362 2465 2466 2499 νων
2485 2447 2546 2499 οὐ
2571 2447 2653 2499 δεῖ
2679 2449 2776 2516 τὴν
2804 2465 2862 2499 κε
2873 2446 3045 2517 φαλὴν
3084 2449 3541 2503 ἀκατακάλυπτον
3564 2445 3730 2502 εἶναι.
3753 2447 3900 2501 Τοῦτο

2361 2538 2470 2608 γὰρ
2499 2540 2611 2600 τοῖς
2653 2537 2878 2606 ἀνδράσι
2909 2539 3337 2609 προτέτραπται.
3367 2540 3632 2594 Φθάνουσι
3660 2540 3831 2593 τοίνυν
3855 2543 3899 2591 αἱ

2364 2632 2618 2696 γυναῖκες
2648 2631 2741 2680 καὶ
2772 2630 2931 2700 μέχρι
2966 2631 3140 2698 φόνων
3177 2631 3446 2701 διαςόρων
3479 2635 3536 2687 ὲν
3562 2635 3688 2696 ταῖς
3726 2630 3898 2700 συὶλὴ-

2362 2721 2540 2789 ψεσιν,
2574 2717 2711 2773 ἀλλὰ
2731 2720 2825 2771 καὶ
2850 2721 2908 2770 ἐν
2937 2720 3125 2783 αὐταῖς
3150 2725 3268 2784 ταῖς
3297 2724 3530 2787 τελείαις
3556 2723 3898 2794 ἀποκυήσεσι.

2365 2813 2520 2875 Τινὲς
2555 2814 2664 2882 γὰρ
2699 2811 2876 2865 αὐτῶν
2908 2815 3001 2866 καὶ
3029 2813 3172 2866 κατὰ
3208 2816 3351 2885 μῆνα
3382 2817 3540 2883 φόνον
3582 2815 3797 2869 ποιοῦσι
3826 2814 3900 2866 διὲ

2364 2923 2507 2968 τινος
2551 2906 2801 2974 βοτάνης,
2841 2905 2916 2969 ὡς
2961 2906 2989 2958 ό
3021 2907 3274 2968 ταπεινὸς
3308 2905 3417 2974 ἐγὼ
3458 2907 3596 2977 μετᾶ
3645 2907 3754 2959 τῶν
3784 2922 3898 2976 προ-

2367 2998 2684 3065 γραιρέντων
2720 2997 2932 3048 πάντων
2974 2997 3067 3049 καὶ
3111 2997 3265 3050 τοῦτο
3298 3000 3637 3067 ἀνεδεξάμην
3667 2998 3729 3050 τὸ
3755 2999 3903 3049 uast-

2367 3088 2476 3140 νόν.
2513 3088 2619 3140 Καὶ
2648 3087 2734 3141 διὰ
2777 3087 2934 3139 τοῦτο
2962 3087 3104 3156 μετὰ
3133 3089 3194 3142 τὸ
3233 3091 3406 3142 πάντα
3440 3088 3730 3155 διεξελθεῖν
3765 3089 3905 3158 ipsu-

2287 3218 2329 3275 Ο
2370 3181 2465 3251 νᾷν
2525 3181 2603 3230 δεῖ
2656 3180 2795 3232 πόσα
2846 3179 3138 3248 ἐφόνευσαν
3184 3180 3386 3242 παιδία,
3439 3183 3532 3234 καὶ
3584 3179 3818 3250 μάλιστα
3857 3179 3904 3231 αἱ

2365 3271 2687 3339 μονάζουσαι
2706 3284 2719 3298 ’
2755 3267 2850 3322 καὶ
2874 3269 2962 3323 διὰ
3001 3269 3168 3321 ποίων
3190 3269 3283 3322 καὶ
3311 3270 3488 3323 πόσων
3512 3285 3526 3299 ’
3556 3270 3690 3323 ἄλλο
3720 3269 3823 3338 γὰρ
3845 3267 3898 3318 τὸ

2363 3365 2505 3413 πιεῖν
2555 3362 2842 3430 φάρμακον
2893 3361 2988 3415 καὶ
3035 3362 3232 3432 μηκέτι
3276 3363 3684 3434 παιδοποιῆσαι,
3737 3364 3768 3417 ὃ
3818 3365 3898 3414 καὶ

2366 3453 2657 3523 βαρύτερον
2688 3453 2929 3505 πάντων·
2965 3453 3060 3505 καὶ
3089 3451 3273 3524 ἓτερον
3307 3454 3366 3506 τὸ
3396 3453 3482 3506 διὰ
3518 3454 3902 3524 τριμμὰτων,ό

2364 3533 2459 3594 τοῦ
2509 3541 2906 3612 προρρηθέντος
2952 3543 3298 3613 κουφότερον.
3350 3542 3423 3595 Τὸ
3464 3543 3521 3596 δὲ
3555 3543 3649 3596 διὰ
3700 3544 3904 3612 βοτάνης

2365 3638 2505 3691 κατὰ
2534 3639 2674 3707 μῆνα
2693 3635 2925 3708 ἔμϐρυον
2959 3636 3329 3698 ἀποτίθεσθαι,
3357 3637 3570 3690 πάντων
3598 3638 3778 3706 φόνων
3801 3638 3903 3690 ὀλε-

2365 3726 2677 3801 θριώτερον,
2709 3728 2738 3781 δ
2768 3728 2861 3780 καὶ
2904 3729 3008 3792 ἓως
3036 3729 3265 3782 θανάτου
3297 3729 3358 3780 τὸ
3385 3729 3660 3799 ἐπιτίμιον
3695 3728 3823 3800 ἔχει,
3847 3729 3904 3780 ἂν

2363 3820 2520 3874 τοῦτο
2552 3821 2650 3872 οὐκ
2681 3820 2948 3891 ἀποκόψῃ,
2983 3820 3058 3890 μὴ
3089 3823 3383 3875 κοινωνεῖν.
3419 3823 3484 3874 At
3521 3824 3777 3890 γυναῖκες
3795 3821 3904 3875 ὅταν

2365 3912 2700 3982 κεκομμέναι
2757 3911 2865 3963 εἶσὶ
2907 3915 3004 3981 τῆς
3057 3911 3350 3983 ἐκκλησίας
3393 3914 3552 3984 μόνον
3612 3917 3904 3984 προσκυνή-

2367 4021 2479 4067 σεις
2512 4003 2834 4057 ποιείτωσαν
2866 4005 3032 4074 χωρὶς
3065 4005 3380 4072 μετανοιῶν.
3429 4005 3502 4058 Οὐ
3550 4006 3657 4078 μὴν
3688 4007 3769 4071 δὲ,

2366 4094 2458 4146 καὶ
2509 4092 2894 4164 μαλακίξονται
2941 4095 2998 4146 αἱ
3041 4096 3296 4162 γυναῖκες
3346 4093 3421 4156 ὡς
3461 4094 3513 4146 οἱ
3555 4097 3781 4166 ἄνδρεςο
3826 4095 3903 4146 καὶ

2367 4184 2524 4236 αὐταὶ
2552 4183 2608 4236 δὲ
2641 4183 3068 4254 παρθενεύουσαι
3099 4186 3192 4237 καὶ
3222 4183 3360 4246 ὅλως
3398 4184 3474 4255 μὴ
3507 4186 3702 4240 εἰδυῖαι
3729 4189 3902 4254 πεῖραν

2366 4277 2557 4349 ἀνδρὸς
2589 4277 2688 4348 τὴν
2715 4275 2947 4330 οἱανοῦν.
3001 4277 3107 4331 Καὶ
3134 4277 3301 4330 ταῦτα
3347 4280 3446 4348 μὲν
3472 4281 3725 4352 περὶτῆς
3765 4281 3902 4350 ἀκρι-

2368 4367 2493 4431 ϐοῦς
2564 4367 2786 4440 ἐρεύνης
2862 4369 2958 4421 καὶ
2999 4368 3259 4438 διαφορᾶς
3337 4370 3444 4423 τῶν
3499 4370 3902 4444 ἐξομολογουμέ-

2371 4477 2497 4512 νων.

2435 4719 2502 4770 Αἱ
2527 4718 2603 4787 ιδὲ
2649 4719 2992 4790 ἐπιτιμήσεις
3042 4718 3134 4770 καὶ
3178 4719 3234 4772 αἱ
3270 4718 3522 4792 διαφοραὶ
3567 4721 3707 4774 εἰσὶν
3739 4717 3900 4776 αὗται.

2368 4813 2506 4866 Ὅσα
2551 4809 2799 4878 ἐγένοντο
2835 4810 2937 4880 πρὸ
2975 4809 3266 4879 τριάκοντα
3305 4812 3510 4880 χρόνων
3539 4812 3596 4865 έν
3616 4829 3673 4865 τε
3702 4813 3904 4885 ἀνδράσι

2367 4903 2422 4957 ἐν
2435 4919 2494 4957 τε
2503 4900 2763 4970 γυναιξὶν,
2783 4901 3163 4969 εὖσύγγνωστα
3179 4902 3419 4972 καὶταχυ
3429 4902 3907 4975 συγχώρηταβστω-

2370 5013 2468 5050 σαν
2497 4989 2583 5050 οἵα
2611 4994 2712 5048 κᾶν
2748 4996 2906 5058 εἰσιν,
2952 4993 3090 5046 ὥστε
3143 4996 3232 5047 καὶ
3263 4996 3367 5058 ἓως
3394 4994 3561 5065 τριῶν
3590 4996 3622 5066 ἦ
3651 4997 3764 5051 δύω
3790 4994 3907 5050 ἑτῶν

2368 5085 2513 5156 ἔχειν
2532 5083 2630 5156 τὴν
2652 5085 2971 5158 ἱπιτίμησιν
2988 5124 3004 5150 ,
3037 5084 3132 5156 ὲᾲν
3162 5089 3262 5141 οὐκ
3284 5086 3396 5140 ἔστι
3415 5088 3572 5157 φόνος
3589 5083 3704 5152 οἷος
3728 5088 3906 5158 δήποτε

2367 5177 2490 5230 οὔτε
2531 5177 2737 5249 μεγάλη
2793 5175 3102 5249 αἱμομιξία.
3160 5180 3284 5234 Ἐὰν
3341 5179 3399 5232 δὲ
3451 5182 3587 5250 μετὰ
3633 5182 3906 5253 τριάκοντα

2370 5270 2574 5341 χρόνων
2595 5269 2871 5337 γεγόνασι,
2910 5269 3003 5322 καὶ
3045 5269 3150 5335 ἕως
3177 5271 3304 5342 τρία
3333 5273 3426 5324 καὶ
3453 5273 3713 5345 τέσσαρα.
3747 5273 3900 5326 ὀπω

2368 5359 2425 5412 δέ
2453 5361 2567 5412 ἐστι
2611 5362 2769 5429 φόνος
2798 5358 2833 5430 ἦ
2877 5360 2970 5412 καὶ
3011 5362 3158 5429 φόνοι
3186 5361 3279 5415 καὶ
3319 5363 3425 5416 ἀπὸ
3452 5365 3559 5417 τῶν
3591 5363 3806 5434 ὑψηλῶν
3829 5364 3901 5419 αἱ·

2375 5451 2672 5520 μομιξιῶνι,
2727 5453 2857 5538 ἦτοιι
2899 5454 3030 5525 περὶ
3077 5455 3301 5526 γνησίας
3343 5456 3605 5528 ἀδελφῆς,’
3648 5459 3814 5528 {mw
3850 5458 3905 5508 ἐκ

2371 5544 2579 5614 πατρὸς
2603 5547 2699 5600 καὶ
2743 5545 2967 5616 μητρὸς,
3011 5548 3046 5619 ἢ
3077 5546 3194 5600 υἱοῦ
3229 5551 3504 5617 γυναικὸς,
3537 5551 3571 5620 ἢ
3616 5549 3905 5608 συντὲκνον.

2372 5637 2406 5706 ἢ
2435 5637 2544 5690 τῶν
2591 5637 2685 5691 δύο
2714 5636 2945 5707 ἀδελφὰς
2976 5640 3358 5710 λαμϐανόντων
3399 5643 3482 5706 είς
3512 5641 3906 5708 commicwa

2372 5732 2450 5793 si;
2471 5732 2568 5796 τὰς
2595 5732 2862 5804 μητρυιὰς
2896 5733 3073 5787 αὐτῶν
3096 5735 3527 5806 ὲπιμαινόμενοι,
3556 5736 3650 5808 ἐτη
3683 5733 3775 5807 ιβ’.
3803 5734 3908 5787 Ἐὰν

2371 5826 2428 5878 δὲ
2456 5825 2592 5896 τύχῃ
2626 5824 2893 5896 θυγατρὸς
2921 5821 2988 5896 ἧς
3011 5826 3258 5890 ἐδέξαντο
3286 5826 3319 5897 ἢ
3344 5827 3424 5890 εἰς
3459 5826 3596 5882 ιδίαν
3626 5829 3852 5900 μητέρα,
3879 5824 3904 5890 1‘,
