4024 6340
148 420 273 495 19'05

1457 433 2049 500 PGZNITENTIALE.

3225 413 3358 477 1906

146 543 216 601 εξς
254 537 390 592 ίδίαν
427 537 718 610 θυγατέρα,
748 542 839 612 ἔτη
873 543 950 595 ιε’.
1000 544 1122 597 Ἐάν
1154 546 1210 596 δέ
1240 564 1318 607 τις
1374 548 1511 597 κατὰ
1538 544 1698 612 φύσιν

1809 537 2078 607 copulant,
2107 534 2188 586 vel
2220 533 2272 585 in
2307 544 2565 584 novercas
2596 527 2802 590 furunt,
2845 525 2896 577 in
2926 537 3124 577 annum
3154 521 3360 574 dnode‘

146 633 348 701 ἥμαρτε
381 630 539 700 μόνον
573 632 666 683 καὶ
690 632 749 684 ού
776 634 1096 703 περιέπεσεν
1121 638 1199 699 είς
1223 636 1292 688 τὰ
1321 636 1469 706 παρά
1513 637 1706 702 φύσιν,

145 719 256 774 οὔτε
287 722 366 784 είς
391 722 710 791 αἱμομιξίας
752 718 839 777 οἷα
889 728 986 779 κάν
1036 729 1139 779 είσι
1179 728 1271 780 καὶ
1302 728 1420 789 ὅσα,
1455 727 1547 779 καὶ
1590 726 1693 787 ἓως
1723 783 1728 788 _

147 809 349 879 χρόνου,
400 809 433 880 ἢ
483 811 576 864 καὶ
599 811 774 881 ἥμισυ
815 815 1205 884 ἐπιτιμᾶσθαιο
1236 814 1330 868 ἐὰν
1369 815 1426 867 δὲ
1465 817 1558 868 ἐπὶ
1595 831 1693 882 γυ-

1804 630 2003 683 cimum
2028 639 2184 694 poena
2206 629 2546 692 prorogatur.
2573 617 2628 672 Si
2651 632 2776 671 vero
2806 615 2912 668 ﬁlia
2944 615 3174 680 potiatur
3198 627 3357 681 quam

1805 720 1870 772 de
1897 717 2044 771 fonte
2077 711 2354 780 suscepit,
2395 710 2481 763 vel
2517 709 2571 762 in
2599 706 2872 777 propriam
2901 712 3159 764 matrem,
3188 701 3267 754 vcl
3308 700 3358 750 in

1801 809 2076 880 propriam
2099 805 2287 863 ﬁliam,
2316 803 2368 854 in
2392 815 2593 853 annum
2618 811 2790 866 usque
2808 793 3073 850 decimum
3091 791 3358 860 quintum.

145 904 302 1008 ναῖκα
328 901 477 1008 indvat
503 902 651 1005 five;
677 902 942 974 διάφοροι,
968 881 1065 958 καὶ
1101 909 1320 974 μαγεῖαι
1347 881 1694 975 ἐπράχθησαν

1809 902 1860 956 Si
1891 915 2016 955 vero
2041 898 2338 953 secundum
2370 905 2616 947 naturain
2653 898 2860 943 tantum
2890 884 3145 956 peccavit,
3180 897 3276 936 nec
3308 881 3359 934 in

2467 1001 2514 1008 --ι
2551 994 2671 1008 --η-ι
2710 982 2891 1008 :....:.I:.
2948 993 3042 1008 ΛΜ.
3074 978 3124 1008 ς..
3161 978 3358 1008 ςηηοει..

146 990 177 1061 ἢ
204 991 298 1044 καὶ
333 993 436 1054 ἓως
461 993 570 1046 τῶν
599 993 747 1063 παρὰ
787 995 964 1064 φύσιν,
999 999 1092 1051 καὶ
1121 997 1223 1061 ἓως
1248 996 1411 1062 ὀκτὼ,
1444 998 1540 1049 καὶ
1564 997 1695 1050 δέκα

1809 1009 1862 1047 ea
1893 1009 2013 1064 quae
2045 1000 2237 1062 praeter
2269 999 2516 1043 naturain
2548 994 2677 1040 sunt
2710 982 2919 1041 incidit,
2948 993 3044 1032 nec
3074 978 3124 1030 in
3161 978 3360 1029 incesta

145 1081 493 1152 ἐπιτιμᾶσθαι
515 1085 682 1148 αὑτὰς
704 1086 859 1141 ἐτῶν.

1798 1087 2198 1155 qualiacunque
2225 1083 2336 1137 sint
2359 1120 2376 1145 ,
2416 1089 2471 1133 et
2507 1086 2672 1147 quota
2701 1115 2716 1139 ,
2748 1075 2800 1127 in
2832 1087 3030 1125 annum
3062 1079 3152 1123 aut
3182 1068 3361 1134 δι-εεμιί

146 1189 345 1229 annum
367 1177 544 1245 puniri
568 1188 799 1247 Oportet.
835 1179 892 1234 Si
919 1193 1096 1236 autem
1123 1198 1152 1236 a
1181 1183 1500 1238 mulieribus
1529 1188 1699 1238 cades
1737 1181 1901 1235 variae
1949 1187 1998 1234 et
2057 1179 2252 1249 magia:
2315 1175 2470 1229 factae
2537 1182 2701 1234 sunt,
2732 1169 2816 1223 vel
2853 1182 3025 1235 usque
3055 1165 3120 1218 ad
3157 1179 3219 1217 ea
3249 1175 3366 1230 qua:

145 1279 266 1322 sunt
296 1279 487 1337 praeter
512 1280 760 1324 naturam
807 1287 1119 1341 processum
1165 1271 1363 1338 fuerit,
1399 1273 1465 1328 ad
1511 1271 1820 1326 octennium
1852 1281 1906 1324 et
1954 1269 2278 1324 decennium
2306 1281 2399 1319 eas
2425 1261 2603 1332 puniri
2637 1267 2866 1328 oportet.

211 1357 320 1411 Καὶ
345 1357 546 1424 ταύτας
581 1360 639 1414 δὲ
683 1362 782 1425 τὰς
820 1363 1083 1434 διαφορὰς
1115 1367 1206 1418 καὶ
1238 1365 1334 1428 τὰς
1362 1366 1703 1435 ἐπιτιμήσεις

146 1450 268 1518 περὶ
298 1448 398 1518 τῆς
431 1452 713 1515 κοινωνίας
746 1453 1017 1524 ὁρίζομεν.
1068 1455 1290 1508 Πάντων
1337 1456 1443 1526 γάρ
1471 1456 1703 1527 βαρύτε-

148 1556 236 1610 ρον
255 1541 557 1612 ἁμάρτημα
579 1544 637 1596 τὸ
664 1544 900 1609 ἀναξίως
924 1549 1216 1601 κοινωνεῖν.
1254 1549 1318 1599 ὐ
1344 1548 1439 1600 καὶ
1461 1547 1703 1601 διέλαθεν

147 1631 289 1734 inid;
326 1633 631 1734 ἐρωτᾶσθαι
683 1636 809 1697 τοὺς
859 1634 1381 1705 ὲξομολογουμένους
1428 1638 1567 1708 μετὰ
1604 1638 1702 1706 τὴν

147 1724 359 1775 ἃπασαν
381 1724 489 1776 τῶν
510 1725 917 1794 ἁμαρτημάτων
950 1726 1351 1797 ἐξομολόγησιν,
1395 1729 1476 1788 τὸ.
1516 1731 1564 1780 εί
1593 1729 1698 1793 ἄρα

1877 1361 1985 1416 llas
2031 1360 2362 1415 dilferentias
2402 1365 2455 1409 et
2509 1352 2816 1422 punitiones
2868 1348 2935 1403 de
2981 1345 3365 1400 communione

1804 1454 2145 1507 decernimus
2180 1469 2192 1504 :
2230 1457 2510 1518 peccatum
2542 1444 2682 1496 enim
2711 1439 2955 1493 omnium
2989 1434 3361 1504 gravissimum

1803 1554 1908 1606 est,
1939 1543 2157 1610 indigne
2176 1537 2599 1594 communicare.
2631 1531 2788 1586 Istius
2815 1528 2892 1582 rei
2926 1543 2954 1580 a
2985 1524 3364 1589 conﬁtentibus

1804 1633 2158 1703 interrogatio
2183 1639 2300 1701 post
2326 1627 2571 1681 omnium
2599 1629 2942 1694 peccatorum
2968 1616 3362 1673 confessionem

1805 1741 1905 1780 nos
1962 1723 2176 1793 fugerat
2202 1762 2216 1785 ,
2275 1718 2533 1784 scilicet,
2593 1730 2664 1770 an
2720 1709 3076 1783 praeconfessa
3113 1713 3363 1775 operatus

144 1811 210 1863 τά
255 1813 818 1884 προεξομολογηθέντα
870 1815 1038 1868 ποιῶν
1091 1817 1398 1870 ὲκοινώνει’
1431 1820 1565 1887 ὅπερ
1604 1819 1697 1870 ἐὰν

1809 1813 2302 1873 communicaverit.
2329 1811 2465 1865 Cum
2501 1808 2718 1870 dixerit,
2753 1808 2828 1860 lta
2866 1823 2879 1858 :
2930 1801 3159 1856 maxime
3183 1809 3360 1852 autem

143 1900 295 1973 εἴπῃ,
327 1903 435 1956 Ναί
453 1920 466 1931 ·
503 1906 595 1957 καὶ
642 1904 872 1974 μάλιστα
898 1906 1002 1971 ἔξω
1021 1907 1112 1961 τοῦ
1143 1909 1349 1978 Πάσχα,
1383 1911 1538 1963 τοῦτο
1569 1912 1697 1964 πάν-

143 2008 248 2045 των
278 1995 454 2063 χεῖρον
480 1988 618 2048 εἶναι
638 2012 653 2025 ·
688 1991 799 2049 οἷον
841 1998 943 2051 κάν
973 2001 1090 2051 ἐστι
1129 2000 1237 2052 τῶν
1267 2001 1562 2070 ἐλαχίστων
1595 2019 1699 2053 πα-

149 2082 439 2152 ράπτωμα,
475 2084 591 2153 ἦτοι
621 2085 682 2138 τὸ
718 2087 1018 2157 ἁμάρτημα
1042 2104 1055 2118 °
1089 2091 1181 2142 καὶ
1240 2091 1419 2143 πλεῖον
1453 2091 1552 2162 τὴν
1597 2094 1701 2144 ἁπ-

147 2172 280 2242 οχὴν
311 2175 483 2226 ποιεῖν
515 2177 614 2244 τῆς
647 2177 913 2247 άχράντου
940 2181 1240 2244 κοινωνίας.

211 2261 350 2331 Περὶ
393 2262 449 2316 δὲ
493 2263 747 2335 βρώσεως
791 2267 886 2320 καὶ
929 2268 1138 2332 πόσεως
1184 2271 1276 2322 καὶ
1313 2271 1498 2340 εὐχῆς,
1545 2272 1620 2333 ὠς
1666 2274 1699 2340 ή

143 2351 372 2405 ἑκάστου
404 2353 625 2408 δύναται
671 2355 836 2426 φύσις
882 2359 975 2410 καὶ
1015 2357 1207 2429 γνώμη
1250 2362 1344 2411 καὶ
1383 2360 1700 2430 προαίρεσις

143 2444 236 2496 καὶ
263 2444 415 2515 ἰσχὺς
443 2447 537 2500 καὶ
572 2447 805 2512 διάθεσις
826 2464 843 2479 ο
881 2451 1043 2519 ἡμεῖς
1075 2449 1131 2502 δὲ
1159 2449 1251 2502 δύο
1277 2452 1414 2514 τέως
1441 2451 1699 2521 διαφορὰς

142 2534 340 2616 ἔχομεν
371 2536 429 2600 ἑξ
477 2531 551 2592 ὧν
591 2540 684 2592 καὶ
732 2538 991 2616 ποιοῦμεν
1027 2541 1121 2593 καὶ
1159 2541 1373 2612 δίδομεν
1414 2545 1525 2606 τοῖς
1571 2546 1700 2611 ἡμῖν

141 2612 676 2698 ἐξομολογουμένοις.
715 2625 838 2684 Οἷον
873 2613 973 2686 κάν
1014 2635 1180 2694 ἐστιν,
1223 2632 1258 2703 ἢ
1300 2627 1386 2684 οἷα
1424 2635 1492 2685 τά
1523 2636 1703 2703 ἁμαρ-

143 2718 391 2784 τήματα,
417 2720 512 2772 καὶ
557 2722 614 2774 ἐν
640 2723 751 2783 τοῖς
795 2722 1046 2792 μεγάλως
1093 2723 1184 2775 καὶ
1213 2723 1422 2793 μικρῶς
1452 2725 1700 2794 ἡμαρτη-

145 2806 289 2858 κόσι.
339 2808 678 2880 Προείπομεν
710 2813 815 2883 γὰρ
847 2813 929 2864 ὃτι
955 2815 1013 2865 ἐν
1040 2816 1149 2876 τοῖς
1197 2814 1703 2882 ἐξομολογουμένοις

141 2899 261 2998 ἐστὶ
283 2900 377 2998 καὶ
399 2904 592 2998 ἐντοῖς
613 2904 1023 2975 ἀναδεχομένοις
1052 2908 1084 2975 ὴ
1105 2906 1313 2975 ἐλαφρά
1343 2909 1434 2958 καὶ
1456 2908 1488 2976 ή
1513 2907 1703 2976 βαρεῖα

141 2991 252 3040 τῶν
287 2991 577 3061 ἐπιτιμίων
611 2994 782 3056 δόσις.
836 2996 901 3047 Ἦ
933 2996 1040 3063 γὰρ
1085 2996 1176 3047 τοῦ
1220 2996 1702 3066 ὲξομολογουμένου

1799 1921 1950 1965 extra
1998 1907 2224 1971 Pascha,
2265 1905 2369 1958 hoc
2392 1902 2631 1954 omnium
2677 1898 2862 1966 pejus,
2902 1896 3026 1948 licet
3056 1891 3251 1945 oﬂ'ensa
3292 1888 3364 1942 sit

1800 2003 1866 2056 de
1929 1999 2202 2071 minimis,
2254 1994 2419 2049 veluti
2471 1991 2694 2059 simplex
2753 1996 3086 2056 peccatum;

3151 1979 3361 2049 longior

1802 2069 2517 2173 abstinentiaitnmaculatte
2549 2074 2941 2133 communionis
2970 2072 3043 2126 illi
3073 2080 3155 2125 est
3188 2069 3359 2137 impo-

1799 2171 1997 2237 nenda“.

1871 2268 2024 2334 Quod
2065 2279 2190 2318 vero
2220 2262 2286 2316 ad
2333 2261 2550 2321 cibum,
2602 2266 2785 2328 potum
2827 2263 2878 2308 et
2904 2251 3198 2306 orationem
3234 2247 3360 2301 atti-

1802 2371 1929 2422 net,
1981 2365 2242 2428 quantum
2291 2350 2718 2418 uniuscujusque
2758 2356 2987 2406 natura,
3058 2340 3362 2410 ingenium,

1800 2423 2027 2507 electio'.
2057 2448 2228 2500 virtus
2252 2484 2266 2508 ,
2303 2452 2357 2497 et
2393 2439 2675 2510 dispositio
2706 2435 2847 2489 ferre
2879 2423 3096 2503 poterit.
3125 2430 3235 2486 Nos
3270 2444 3365 2480 au-

1803 2556 1908 2598 tem
1940 2543 2198 2595 hactenus
2222 2537 2430 2591 duabus
2472 2529 2788 2603 differentiis
2817 2529 2900 2582 usi
2953 2537 3142 2578 sumus
3169 2535 3362 2573 secun—

1803 2636 1930 2688 dum
1972 2645 2111 2701 quas
2136 2628 2348 2696 agimus
2367 2665 2383 2690 ,
2413 2630 2466 2678 et
2506 2622 2662 2698 nobis
2689 2616 3072 2673 conlitentibus
3102 2613 3366 2683 pmniten-

1809 2727 1914 2779 tias
1975 2721 2326 2791 imponimus.
2394 2715 2688 2780 Qualenam
2755 2708 2882 2762 illud
2927 2705 3018 2770 sit,
3061 2703 3142 2757 vel
3188 2702 3364 2772 qualia

1806 2823 2064 2885 peccata;
2102 2811 2158 2874 ,si
2186 2812 2340 2868 .inter
2403 2820 2498 2861 eos
2553 2801 2890 2872 reponendus
2944 2797 3035 2867 qui
3065 2810 3256 2861 magna
3285 2793 3365 2847 vel

1805 2879 1966 2972 parva
1999 2905 2310 2969 peccarunt;
2365 2902 2522 2947 antea
2565 2889 2706 2944 enim
2753 2887 2990 2940 diximus
3018 2882 3161 2953 quod
3195 2879 3365 2934 conﬁ-

1806 2966 2072 3050 tcntibus,
2116 2994 2252 3039 utet
2279 2977 2724 3039 conlessoribus,
2751 2973 2883 3027 levis
2925 2979 3038 3034 est,
3084 2977 3138 3022 et
3189 2966 3368 3036 gravis

141 3076 466 3143 ἁδίστακτος
498 3081 681 3144 πίστις
726 3100 784 3134 τε
832 3085 924 3136 και
958 3084 1015 3149 ἐξ
1044 3078 1118 3135 ὧν
1152 3086 1264 3153 ἔχει
1309 3063 1610 3154 μετάδοσις,
1644 3087 1707 3154 ἥν

1814 3097 2096 3153 poenarum
2138 3076 2431 3147 impositio.
2471 3071 2602 3127 Nam
2632 3079 2776 3124 certa
2826 3077 2874 3122 et
2912 3063 3207 3119 indubitata
3239 3076 3368 3116 con-

143 3183 250 3219 που
279 3167 312 3220 ὁ
342 3169 606 3239 μακάριος
648 3171 961 3233 ’Λπόστολος
1006 3172 1218 3241 καρπὸν
1263 3174 1496 3234 πίστεως
1529 3174 1708 3225 ἐπιλέ-

143 3268 256 3320 γει,
296 3254 390 3306 καὶ
430 3257 465 3325 ή
511 3256 604 3308 τοῦ
656 3257 1048 3327 ἀναδεχομένου
1079 3259 1171 3310 τὸν
1222 3259 1709 3328 ἐξομολογούμενον

142 3343 506 3416 ἐύσύγκριτος
540 3347 718 3417 κρίσις
749 3347 844 3401 καὶ
884 3348 1083 3424 γνῶσις
1117 3351 1209 3402 xal.
1258 3351 1544 3422 συμπαθὴς
1583 3367 1711 3418 συγ-

145 3436 449 3501 ητὰὗασις
483 3439 657 3492 πάντα
686 3438 897 3512 ἐλαφρὰ
929 3435 1161 3508 οἶδεκαὶ
1190 3444 1254 3495 τά
1303 3444 1430 3514 περὶ
1458 3442 1710 3513 βρώσεως

143 3529 242 3581 καὶ
276 3527 488 3591 πόσεως
532 3531 628 3583 καὶ
665 3533 967 3600 κοινωνίας,
1016 3535 1111 3600 καὶ
1143 3534 1377 3604 μάλιστα
1415 3536 1464 3586 εί
1501 3535 1636 3608 τύχῃ
1681 3536 1711 3586 ὁ

141 3619 640 3691 ἐξομολογούμενος
675 3625 758 3676 ἵνα
807 3625 914 3696 πρὸ
950 3623 1043 3692 τοῦ
1079 3624 1571 3695 ἐξομολογήσασθαι
1606 3628 1712 3679 ἀπ-

141 3709 320 3778 έκοψε
356 3712 449 3765 τοῦ
483 3714 834 3783 ἁμαρτάνειν,
878 3715 911 3784 ἢ
949 3707 1198 3784 ὅμο).ογεῖ
1227 3716 1330 3769 κᾶν
1368 3717 1474 3769 ἀπὸ
1505 3717 1603 3786 τῆς
1629 3717 1712 3781 ἑξ-

142 3800 526 3869 ομολογήσεως
574 3803 926 3858 ἀποκόπτειν.
968 3806 1158 3860 Πολλοὶ
1187 3809 1293 3878 γάρ
1338 3809 1445 3860 είσι
1492 3808 1587 3861 καὶ
1628 3810 1712 3874 te-

141 3891 540 3960 ομολογοῦνται
570 3894 662 3946 καὶ
689 3892 1008 3971 λυποῦνται,
1053 3897 1169 3950 ἀλλ’
1194 3900 1343 3967 ὅμως
1388 3898 1421 3968 ἢ
1466 3897 1645 3966 φύσει,
1678 3900 1711 3969 ἢ

142 3981 349 4051 κλοπῇ,
390 3982 424 4052 ἦ
467 3984 844 4055 κακογνωμίᾳ,
887 3984 920 4056 ἢ
953 3987 1048 4038 καὶ
1075 3990 1287 4058 πονηρᾷ
1319 3989 1577 4059 συνηθείᾳ
1611 3991 1714 4042 πά-

140 4073 226 4125 λιν
255 4073 582 4173 σφάλλονται
628 4075 722 4130 καὶ
747 4076 1164 4147 περιπίπτουσιν
1192 4079 1601 4150 ἁμαρτήμασιν.
1648 4081 1712 4133 Οί

143 4166 382 4218 τοιοῦτοι
428 4166 602 4222 τοίνυν
649 4168 736 4239 ίνα
780 4169 1010 4222 πάντοτε
1051 4169 1474 4238 ὲξομολογῶνται
1520 4172 1712 4234 ὁσάκις

143 4256 244 4310 ἐὰν
283 4257 544 4312 πέσωσιν.
587 4257 712 4313 Ἐάν
753 4260 810 4314 δὲ
834 4259 930 4313 καὶ
966 4260 1032 4314 τὰ
1080 4262 1329 4331 ἐπιτίμια
1363 4263 1542 4317 αὐτῶν
1577 4262 1713 4334 πλη-

147 4349 427 4413 ρώσωσιν,
452 4350 551 4402 ὅσα
579 4351 645 4404 ἂν
677 4350 772 4421 ἐτη
802 4351 992 4405 ἔλαϐον
1020 4353 1171 4422 παρὰ
1198 4353 1294 4406 τοῦ
1320 4354 1714 4424 δεσμεύσαντος

1809 3175 2009 3229 ﬁtentis
2045 3171 2177 3226 lides
2201 3210 2217 3234 ,
2265 3178 2321 3223 et
2355 3180 2550 3221 eorum
2583 3178 2706 3234 quas
2746 3159 2980 3231 possidet
3019 3154 3332 3210 distributio
3353 3196 3367 3219 ,

1809 3282 1972 3338 quam
2019 3265 2212 3319 beatus
2249 3259 2535 3328 Apostolus
2577 3254 2774 3310 alicubi
2829 3251 2949 3308 ﬁdei
2991 3249 3225 3303 fructum
3273 3263 3371 3301 vo-

1813 3367 1903 3414 cat
1937 3359 1981 3388 “
2006 3398 2020 3422 ,
2061 3365 2116 3409 et
2140 3350 2469 3410 confessoris
2498 3348 2754 3402 selectum
2781 3341 3066 3413 judicium,
3097 3349 3150 3393 et
3188 3339 3373 3408 cogni-

1813 3454 1924 3517 tio,
1968 3449 2251 3517 facilisque
2291 3438 2726 3509 et‘compatiens
2763 3431 3196 3489 accommodatio
3237 3430 3372 3483 levia

1811 3543 1995 3619 omnia
2029 3536 2304 3600 decernit,
2342 3533 2454 3588 sive
2480 3530 2659 3586 cibum
2694 3530 2962 3594 spectent,
3006 3521 3118 3574 sive
3148 3529 3332 3590 potum
3355 3559 3370 3578 ,

1812 3607 1924 3689 sive
1956 3627 2392 3685 communionem
2418 3662 2432 3686 ,
2489 3616 2780 3690 praesertim
2807 3613 2853 3667 si
2885 3610 3164 3678 contingat
3208 3606 3375 3680 conﬁ-

1813 3735 2012 3780 tentem
2041 3729 2166 3774 ante
2195 3715 2592 3771 conlessionem
2627 3725 2656 3763 a
2688 3715 2908 3777 peccato
2935 3702 3208 3758 destitisse
3231 3740 3248 3762 ,
3281 3706 3375 3752 aut

1814 3813 2094 3884 pollicetur
2137 3824 2196 3862 se
2239 3802 2580 3870 confessione
2631 3797 2774 3850 facta
2823 3793 3174 3847 destiturum.
3225 3785 3375 3840 Multi

1812 3878 1954 3958 enim
1978 3899 2326 3956 conﬁtentur,
2354 3902 2408 3946 et
2436 3893 2501 3945 de
2537 3886 2769 3957 peccatis
2792 3883 3032 3936 dolorem
3062 3878 3378 3946 concipiuat

1810 4005 1865 4051 et
1911 3991 2228 4053 tristitiam;
2281 3994 2519 4040 attamen
2559 3980 2641 4034 vel
2680 3987 2870 4032 natura
2893 4014 2908 4040 ,
2945 3972 3028 4026 vel
3072 3970 3378 4040 subreptio-

1812 4100 1918 4148 ne,
1952 4083 2035 4136 vel
2080 4079 2217 4134 mala
2266 4086 2318 4132 et
2359 4075 2652 4130 deliberata
2710 4068 2877 4124 animi
2930 4062 3240 4128 sententia,
3293 4063 3381 4121 vel

1814 4187 1977 4242 prava
2004 4168 2395 4226 conSuetudine
2430 4166 2624 4219 iterum
2660 4159 3027 4229 dejiciuntur,
3064 4165 3118 4208 et
3161 4155 3214 4207 in
3257 4168 3379 4215 pec-

1815 4274 1935 4321 cata
1990 4261 2256 4316 incidunt.
2309 4256 2474 4332 Igitur
2523 4254 2613 4324 qui
2669 4259 2795 4305 sunt
2848 4246 3114 4316 ejusmodi
3170 4257 3378 4310 semper

1819 4356 2178 4412 conﬁteantur
2211 4331 2426 4420 quoties
2477 4343 2804 4400 ceciderunt.
2857 4339 2915 4392 Si
2967 4352 3095 4391 vero
3138 4331 3375 4401 epitimia

78 4496 85 4512 Ι
141 4441 391 4503 αὐτοὺς,
445 4442 535 4494 καὶ
575 4441 825 4511 μέλλουσι
871 4447 1150 4497 κοινωνεῖν
1197 4420 1707 4517 ἀποπληρώσιιντες1

1825 4449 2064 4516 ipsorum
2093 4439 2520 4512 compleverint,
2564 4442 2641 4487 tot
2687 4431 2899 4487 scilicet
2941 4442 3112 4484 annos
3142 4434 3272 4492 quot
3309 4422 3377 4474 ab

149 4532 316 4601 μηδὲι
343 4532 463 4585 τότε
514 4535 940 4588 κοινωνείτωσαν
967 4537 1019 4588 εί
1052 4535 1189 4598 ὅλως
1229 4538 1423 4601 αὐτοὺς
1472 4539 1713 4605 ὲλεῶσιν,

1821 4511 1887 4612 eo
1913 4536 2009 4606 qui
2036 4549 2132 4590 eos
2174 4511 2360 4601 ligavit
2395 4529 2736 4592 aeceperunt,
2769 4529 2824 4575 et
2851 4519 2998 4573 velut
3030 4514 3112 4613 lps
3138 4511 3378 4581 comple-

143 4618 321 4724 άλλὰ.
344 4619 948 4724 παραφυλάττεσθωσαν
975 4623 1076 4693 τὴν
1121 4624 1389 4693 ἄχραντον
1433 4628 1707 4682 κοινωνίαν

1823 4610 1894 4683 tis
1920 4625 2032 4694 jam
2061 4616 2508 4680 communicaturi
2537 4623 2666 4670 sunt
2687 4653 2705 4681 ,
2749 4615 2795 4670 si
2825 4604 3168 4667 omnino'sui
3206 4604 3378 4674 ipsius

1881 4719 1893 4724 -
2450 4718 2462 4724 -
2662 4723 2669 4724 κ
2702 4723 2729 4724 η
2760 4702 3015 4724 “-4----
3095 4696 3186 4724 -..Α
3226 4694 3374 4724 ,ειη-..ν

143 4710 255 4772 ἕως
295 4709 364 4764 ἂν
402 4710 774 4778 ἀποκόψωσιν·
820 4712 1004 4774 ἐλέους
1043 4712 1151 4785 γάρ
1191 4715 1286 4766 καὶ
1330 4715 1519 4770 τούτου
1556 4719 1707 4773 ἕνεκα

1823 4719 2147 4777 miserentur
2174 4751 2192 4781 ,
2232 4724 2408 4780 neque
2449 4718 2579 4764 tunc
2617 4702 3051 4772 communicent,
3094 4696 3188 4753 sed
3220 4694 3380 4758 ,dill‘e-

145 4800 320 4872 μόνον
358 4801 419 4852 ἐν
448 4803 515 4870 τῇ
541 4801 720 4872 κρίσει
745 4799 1156 4872 ἀξιωθήσονται.

1825 4821 1946 4866 rant
1992 4818 2046 4867 et
2103 4814 2391 4864 reservent
2436 4803 2835 4859 immaculatam
2890 4790 3328 4851 communienem
3363 4850 3379 4872 ‘

142 4893 331 4948 donec
372 4906 599 4964 peccare
664 4892 1016 4954 destiterint:
1065 4895 1228 4963 hujus
1266 4896 1411 4951 enim
1461 4900 1538 4955 rei
1581 4916 1746 4956 causa
1784 4903 1960 4960 solum
2021 4903 2076 4957 in
2140 4899 2227 4954 die
2277 4897 2465 4968 iudicii
2547 4887 2915 4951 misericordia
2975 4885 3124 4959 digni
3189 4897 3378 4942 cense-

146 4989 384 5046 buntur.

232 5076 462 5149 Ἐπειδὴ
489 5077 547 5132 δέ
569 5077 675 5131 εἰσί
691 5095 838 5142 τινες
873 5079 966 5150 βίᾳ
983 5080 1148 5146 ἕξεως
1173 5081 1308 5151 μηδὲ
1334 5083 1391 5134 ιν
1417 5087 1482 5154 τῇ
1507 5087 1720 5159 μεγάλῃ

1885 5083 2017 5140 Cum
2048 5091 2175 5131 vero
2207 5075 2603 5132 nonnullisunt
2630 5071 2722 5141 qui
2739 5082 2853 5140 pra:
2885 5065 3222 5121 babitudinis
3261 5063 3381 5120 vio-

142 5170 580 5242 τεσσαρακοστῇ
636 5173 907 5240 κρατῆσαι
982 5173 1206 5235 ἑαυτοὺς
1263 5173 1371 5224 ἀπὸ
1439 5175 1707 5246 ἁμαρτιῶι

1818 5174 1980 5231 lentia
2016 5170 2226 5237 seipsos
2270 5184 2302 5224 a
2329 5167 2565 5238 peccatis
2594 5177 2661 5219 ne
2710 5161 2766 5215 in
2797 5161 2913 5230 ipsa
2941 5159 3156 5229 quidem
3187 5171 3378 5230 magna

147 5263 457 5332 ἰσχύοντες,
483 5262 576 5316 καὶ
593 5261 747 5316 αὐτοὶ
767 5260 824 5312 δὲ
852 5259 1107 5323 πολλάκις
1128 5261 1178 5313 οί
1205 5265 1467 5332 γυναῖκας
1487 5265 1720 5337 ἔχοντες,

146 5353 264 5421 χρὴ
309 5353 448 5421 μετὰ
475 5353 536 5405 τὺ
578 5351 862 5423 πληρῶσαι
892 5353 985 5406 καὶ
1012 5354 1209 5416 αὐτοὺς
1237 5353 1307 5406 τὰ
1345 5355 1523 5409 αὐτῶν
1546 5360 1722 5411 ὲπιτί-

1817 5263 2239 5339 Quadragesima
2286 5265 2562 5318 continere
2618 5263 2869 5328 possunt.
2901 5250 3379 5327 cujusquisunt

1819 5337 1959 5426 saepe.
2011 5355 2175 5408 etiam
2211 5353 2247 5407 ii
2284 5353 2375 5423 qui
2402 5361 2597 5405 uxores
2627 5345 2847 5406 habent,
2891 5350 3100 5413 oportet
3133 5349 3187 5419 et
3232 5337 3379 5404 ipsos

148 5459 260 5547 ps}
286 5458 304 5473 °
355 5443 453 5497 ἐὰν
494 5413 716 5547 ἔλθωσι..
748 5442 929 5514 χρόνοι
975 5413 1215 5513 πλεῖστοι
1264 5446 1358 5498 καὶ
1410 5447 1509 5501 ούκ
1555 5448 1707 5520 ἔχωσι

1823 5413 2153 5517 pcenitentiis
2177 5413 2457 5512 completis
2488 5438 2534 5493 si
2578 5444 2860 5507 transeant
2893 5435 3019 5489 anni
3048 5413 3224 5487 multi,
3278 5437 3378 5478 nec

1825 5539 1837 5547 .
1897 5537 1909 5547 .
2041 5545 2048 5547 _
2280 5537 2312 5547 _.
2450 5525 2843 5547 -__.;_.._._:_‘_.
2899 5539 2958 5547 ,Α
3001 5519 3139 5547 -..ι-Λ
3168 5529 3378 5547 onmno-

147 5504 283 5594 πῶς
297 5536 624 5607 κοινωνῆσαι
641 5533 730 5589 διὰ
840 5533 928 5587 ἀεὶ
948 5511 1145 5597 αὐτοὺς
1164 5536 1511 5607 περιπίπτειν

1824 5504 2056 5592 habeant
2081 5551 2189 5605 qua
2214 5504 2418 5590 ratione
2442 5504 2866 5587 communicent,
2894 5539 2961 5580 eo
2996 5519 3141 5592 quod
3168 5529 3380 5608 semper

146 5625 397 5696 τήμεσι,
428 5628 796 5698 κρατείτωσαν
821 5625 921 5681 κᾶν
944 5625 1043 5697 τὴν
1069 5625 1239 5702 ,ἁγίαν
1261 5628 1710 5701 Τεσσαρακοστὴν

233 5797 282 5830 ¹¹
327 5793 460 5851 «ΙυεΙι
515 5816 575 5863 Il,
641 5801 727 5855 l2.

1824 5625 1876 5677 in
1917 5601 2134 5691 peccata
2161 5621 2415 5684 incidant,
2439 5613 2716 5672 continere
2743 5629 2802 5671 se
2835 5629 2865 5668 a
2922 5615 3144 5681 peccato
3185 5601 3376 5660 saltem
