4024 6340
178 482 313 552 1909

1484 496 2074 567 PGENITENTIALE.

3252 504 3382 565 1910

178 598 345 653 ταῦτα
392 599 787 671 γεγραμμένων
836 602 964 675 περὶ
1023 604 1295 676 βρώσεως,
1344 608 1438 661 καὶ
1491 609 1725 672 πόσεως,

1832 616 2213 670 communione
2232 614 2477 684 privandi
2500 624 2628 669 sunt
2645 616 2757 669 vice
2782 615 3145 684 epititniorum
3166 616 3216 669 iit
3247 616 3387 678 cibo,

175 688 269 741 καὶ
320 687 487 759 εὐχῆς
527 689 587 742 ἐν
628 691 778 762 τόπῳ
821 694 1109 763 ἐπιτιμίων
1136 713 1151 728 ο
1179 698 1233 751 εί
1263 713 1316 749 τι
1371 696 1441 751 ἂν
1486 699 1579 753 καὶ
1613 693 1728 753 οἷον

173 777 555 850 προαιροῦνται
594 781 701 835 ἀπὸ
733 783 841 838 τῶν
867 785 1057 855 τριῶν.
1092 787 1157 839 υἱ
1182 786 1241 840 δὲ
1288 767 1552 858 νομίμους
1580 788 1729 859 έχον-

171 883 260 930 τες
288 870 575 936 γυναῖκας,
609 871 642 942 ἢ
689 876 945 941 γυναῖκες
987 874 1206 947 ἄνδρας,
1253 878 1346 932 καὶ
1384 880 1443 931 ἐν
1469 880 1729 951 τέσσαρσι

170 956 202 1025 ἢ
231 958 396 1010 πέντε
449 957 626 1015 ἐτεσιν
669 961 1131 1032 ἐπιτὶμάσθωσαν,
1176 966 1273 1020 καὶ
1302 967 1536 1038 μάλιστα
1562 972 1612 1023 εί
1636 971 1729 1024 τύ-

172 1064 254 1117 χοι
282 1049 341 1100 ἐν
386 1048 594 1120 ἑτέροις
639 1056 959 1125 περιπεσεῖν
984 1056 1396 1127 ἁμαρτήμασιν.
1439 1058 1505 1113 Εί
1551 1059 1608 1112 δὲ
1635 1058 1730 1113 καὶ

174 1139 314 1206 μετὰ
339 1139 501 1207 φόϐου
527 1143 621 1195 καὶ
653 1144 900 1209 ἐξουσίας
940 1146 974 1216 ἢ
1011 1147 1098 1201 διὰ
1135 1149 1426 1217 πτωχείαν,
1475 1150 1572 1204 ἕνα
1608 1153 1731 1222 χρό-

171 1245 259 1281 νον
288 1229 323 1299 ἢ
352 1230 444 1283 δύο
488 1232 951 1303 ἐπιτιμᾶσθωσαν.
993 1238 1323 1315 Ἱερωμὲνων
1355 1238 1413 1301 δὲ
1447 1243 1727 1309 γυναῖκες,

167 1318 316 1372 τοῦτ’
342 1320 455 1376 ἐστι
486 1322 766 1391 διακόνων,
796 1327 829 1397 ἢ
862 1328 1263 1399 πρεσϐυτέρων,
1306 1330 1440 1384 ὅπου
1484 1322 1582 1386 ἐὰν
1622 1349 1732 1386 πα-

171 1415 477 1479 ραπέσωσι,
519 1416 762 1486 τριετίαν
807 1419 1250 1488 ἐπιτιμάσθωσαν
1292 1421 1368 1486 ὡς
1404 1422 1530 1487 τοὺς
1565 1424 1732 1494 ἱερεῖς

170 1502 349 1559 αὐτῶν
391 1504 754 1573 φονεύσασαι·
786 1509 885 1563 οὐκ
921 1509 1001 1564 ἔτι
1046 1513 1152 1581 γὰρ
1200 1514 1397 1567 ἐκεῖνοι
1448 1515 1733 1587 ἱερουργὴ⁶

172 1609 383 1658 σουσιν,
407 1595 457 1648 εί
487 1596 625 1665 μετὰ
651 1598 757 1651 τῶν
801 1602 1074 1668 γῡναικῶν
1113 1601 1292 1655 αὐτῶν
1324 1604 1599 1674 συμϐῆναι
1630 1604 1733 1669 ἓως

170 1683 318 1752 ἅπαξ
346 1685 660 1764 θελήσωσιν,
719 1688 905 1761 Ἱερεῐς
950 1691 1009 1746 δέ
1060 1692 1154 1746 καί
1191 1692 1425 1746 διάκονοι
1467 1692 1601 1747 ὅπου
1640 1695 1734 1749 ἐὰν

170 1775 587 1844 παραπέσωσιν,
608 1780 655 1831 εἰ
693 1780 786 1832 καὶ
824 1780 967 1846 ἅπαξ
1016 1782 1110 1835 καὶ
1141 1782 1301 1851 μόνον
1332 1785 1366 1852 ἡ
1404 1783 1610 1848 πτῶσις
1644 1784 1733 1850 γέ-

169 1881 352 1932 νηται,
393 1866 693 1937 μηκέτιτδ
734 1869 948 1924 σύνολον
982 1873 1366 1944 ίερουργήσωσι
1395 1892 1407 1904 ·
1450 1877 1724 1929 κοινωνεί-

1828 716 1979 774 potu,
2008 718 2063 760 et
2085 706 2328 760 oratione
2361 706 2655 776 sectnnlum
2681 706 2825 776 quod
2864 705 3065 773 aliquid
3091 722 3153 758 ex
3190 706 3270 760 bis
3297 708 3391 759 tri-

1828 793 1931 848 bus
1968 794 2249 866 elegerint,
2301 803 2361 850 ut
2407 775 2647 865 postlfaec
2694 775 3049 850 describetur.
3100 795 3200 860 Qui
3268 812 3391 849 vero

1830 884 2096 955 legitimas
2149 875 2434 940 lfabueriut
2487 899 2706 948 uxores,
2765 885 2846 938 vel
2896 898 3089 939 uxores
3129 884 3392 954 legitimos

1829 972 1994 1037 viros,
2025 982 2261 1044 quatuor
2290 975 2376 1029 vel
2428 974 2670 1043 quinque
2705 974 2864 1028 annis
2894 974 3216 1042 plectuntor,
3266 990 3395 1043 pra:-

1832 1060 2019 1112 sertim
2050 1059 2095 1114 si
2130 1061 2409 1131 contingat
2447 1075 2540 1115 eos
2569 1060 2691 1115 aliis
2722 1062 3072 1116 succumbere
3132 1064 3391 1128 peccatis.

1832 1149 1889 1201 Si
1910 1163 2035 1204 vero
2060 1164 2184 1204 cum
2210 1149 2423 1216 timore,
2456 1158 2511 1204 et
2540 1147 2762 1204 alterius
2780 1141 3047 1219 potestate
3070 1152 3261 1210 adacti.
3297 1162 3391 1203 alit

1833 1249 2049 1309 propter
2076 1248 2466 1309 paupertatem,
2509 1253 2712 1293 annum
2753 1251 2847 1295 ant
2877 1240 3016 1295 duos
3068 1241 3379 1309 puniuntur.

1833 1330 2179 1386 Sacratorum
2214 1346 2341 1385 vero
2382 1328 2653 1389 mulieres.
2682 1331 2786 1385 hoc
2806 1339 2923 1395 est,
2953 1332 3300 1385 diaconorum
3331 1341 3384 1385 et

1831 1421 2287 1490 presbyterorum,
2328 1436 2451 1475 cum
2492 1421 2544 1475 in
2586 1421 2699 1475 haec
2732 1420 3055 1483 inciderint,
3104 1422 3387 1475 triennium

1831 1510 2149 1580 puniuntur,
2172 1508 2333 1563 veluti
2357 1524 2481 1578 quae
2503 1510 2724 1563 maritos
2749 1523 2881 1564 suos
2919 1510 3218 1563 occiderint
3244 1527 3255 1562 :
3288 1528 3389 1563 non

1832 1599 1975 1653 enim
2011 1597 2241 1667 amplius
2293 1598 2466 1654 sacris
2514 1598 2828 1653 ministeriis
2882 1599 3286 1667 operabuntnr,
3348 1601 3393 1654 si

1833 1702 2016 1761 postea
2037 1706 2161 1746 eum
2186 1690 2501 1745 mulieribus
2524 1690 2637 1745 suis
2654 1691 2733 1745 vel
2755 1690 2918 1745 semel
2934 1692 3187 1760 congredi
3210 1694 3394 1745 volne—

1836 1781 1963 1835 rint.
2017 1780 2337 1837 Sacerdotes
2375 1790 2429 1835 et
2453 1781 2666 1836 diaconi
2709 1782 2754 1836 si
2800 1782 2879 1836 vel
2903 1782 3065 1836 semel
3082 1783 3390 1847 ceciderint,

1834 1872 2120 1942 solumque
2142 1887 2303 1928 casus
2330 1874 2439 1934 tiat,
2465 1871 2611 1926 nullo
2636 1872 2798 1927 modo
2824 1880 3009 1942 postea
3043 1887 3193 1927 sacra
3224 1873 3395 1926 admi-

169 1971 350 2009 τωσαν
376 1956 432 2010 δὲ
472 1958 561 2012 ὅτε
600 1958 694 2012 καὶ
737 1956 1000 2026 θέλουσιν,
1048 1963 1140 2015 καὶ
1182 1962 1529 2031 ἀναγνώστου
1573 1965 1726 2031 τάξιν

1833 1938 2170 2016 nistrabunt:
2236 1963 2639 2017 communicent
2687 1938 2973 2015 vero'cum
3022 1961 3308 2025 voluerint,
3341 1952 3396 2014 οι

168 2050 466 2120 ἐχέτωσαν,
523 2052 623 2106 ὅσα
657 2049 797 2106 οἶδεν
851 2054 1205 2125 ἀναγνώστης
1255 2057 1726 2129 ἀνερυθριάστως,

169 2141 537 2212 ἐνεργοῦντες.
572 2142 945 2214 Ἀναγνώστης
969 2144 1028 2197 δὲ
1068 2144 1164 2199 ἐάν
1215 2146 1376 2217 πέσῃ,
1396 2146 1443 2216 ’ἢ
1470 2148 1505 2218 ή
1539 2147 1728 2203 τούτου

168 2232 331 2304 γυνὴ,
383 2233 484 2287 οὐκ
544 2234 624 2287 ἔτι
665 2234 755 2289 τδν
803 2235 1153 2307 ἀναγνώστην
1194 2240 1503 2309 περαιτέρω
1533 2242 1731 2311 προκό-

169 2340 350 2389 πτειν,
368 2323 502 2377 ἀλλὰ
520 2324 702 2394 μένειν
720 2327 1051 2398 ἀπρὸκοπον.
1096 2328 1220 2383 Ἐάν
1234 2328 1289 2381 δέ
1316 2347 1399 2392 τις
1427 2330 1634 2383 παιδίον
1655 2331 1731 2383 ὣν

167 2415 200 2485 ἢ
246 2419 484 2487 κοσμικῇ
530 2416 563 2487 ή
621 2420 886 2489 μοναχικῇ
936 2417 1108 2483 τάξει,
1156 2420 1190 2489 ἦ
1218 2422 1314 2472 καὶ
1363 2420 1727 2491 παπαδίτζης.

164 2505 354 2580 φθαρῇ
382 2507 441 2562 δέ
470 2508 577 2562 ύπὸ
610 2526 755 2572 τινος
783 2509 995 2579 ἀνδρὸς,
1028 2511 1077 2563 εί
1122 2510 1223 2580 μὲν
1257 2512 1338 2574 είς
1370 2513 1494 2575 τοὺς
1525 2515 1730 2582 μηροὺς

166 2595 202 2665 ἢ
228 2596 412 2667 μόνον,
446 2596 863 2665 ἐπιτιμάζεσθαι
893 2596 994 2666 μὲν
1015 2598 1111 2651 καὶ
1137 2598 1205 2653 τά
1236 2599 1493 2669 μάλιστα,
1517 2604 1566 2653 εἰ
1584 2601 1734 2666 ἅπαξ

166 2685 265 2739 καὶ
300 2684 385 2748 δὶς
410 2685 626 2753 ἐγένετο
649 2702 663 2716 ο
694 2687 743 2739 εί
770 2686 826 2740 δὲ
860 2686 1042 2741 πλεῖον
1074 2687 1285 2754 τούτου,
1307 2688 1453 2741 τοῦτ’
1480 2690 1625 2743 ἔστιν
1654 2692 1733 2753 εἰς

164 2774 477 2846 ἀφεδρῶνα,
532 2776 667 2848 μηδέ
712 2777 775 2831 τὸ
821 2778 1039 2832 σύνολον
1088 2779 1341 2850 ἔρχεσθαι
1383 2784 1463 2845 εἰς
1486 2780 1731 2835 διακόνου

164 2864 458 2936 ἐμσάθμου
514 2867 547 2937 ἢ
596 2867 786 2938 ἱερέως
852 2868 1029 2933 ἀξίαν.
1074 2869 1138 2922 Εί
1195 2870 1303 2940 γὰρ
1344 2871 1594 2933 κάκεῖνος
1634 2872 1734 2941 οὐχ

163 2952 438 3030 ἥμαρτεν,
472 2956 589 3012 ἁλλ’
610 2961 755 3029 ὅμως
787 2959 849 3012 τδ
894 2959 1086 3023 σκεῦος
1115 2960 1348 3032 ἐρράγη,
1384 2942 1479 3015 καί
1513 2962 1613 3014 οὐκ
1648 2962 1733 3014 ἐν·

163 3048 387 3119 δέχεται
422 3048 584 3104 αὐτὸν
612 3049 967 3121 ίερουργῆσαι
985 3065 999 3079 ο
1022 3049 1289 3121 ἐμολύνθη
1319 3049 1449 3123 γάρ.
1475 3050 1537 3106 Εἰ
1560 3050 1620 3103 δέ
1639 3050 1735 3105 καὶ

164 3140 252 3202 είς
290 3139 568 3207 μαλακίαν
610 3140 749 3212 πέσῃ
781 3139 891 3213 πρὸ
927 3140 1022 3193 τοῦ
1061 3141 1502 3215 ίερουργηθῆναι,
1546 3142 1623 3214 μὴ
1653 3144 1733 3196 εἰσ

1828 2056 2047 2112 lectoris
2064 2055 2229 2127 gradu
2248 2058 2539 2125 potiantur,
2554 2071 2673 2125 ane
2690 2054 2903 2109 lectoris
2916 2065 3045 2109 sunt
3058 2051 3237 2107 munia
3259 2066 3390 2105 con-

1789 2206 1791 2209 ,
1831 2148 2056 2204 ﬁdenter
2096 2159 2430 2205 exercentes.
2482 2147 2674 2203 Lector
2707 2162 2835 2201 vero
2880 2149 2924 2201 si
2968 2147 3223 2201 ceciderit
3249 2186 3263 2207 ,
3315 2160 3375 2197 ve

1830 2233 2002 2308 ipsius
2054 2254 2211 2302 uxor,
2264 2241 2403 2295 ultra
2437 2240 2664 2300 lectoris
2700 2239 2923 2309 gradum
2948 2237 3254 2306 promoveri
3289 2248 3392 2289 non

1831 2330 2047 2396 poterit,
2073 2328 2165 2382 sed
2195 2330 2533 2397 permanebit
2562 2345 2669 2383 non
2699 2328 2933 2397 amplius
2977 2328 3393 2395 promovendos.

1835 2416 1891 2471 Si
1922 2434 2050 2474 vero
2074 2419 2198 2489 quis
2228 2435 2362 2488 puer
2390 2420 2471 2473 vel
2501 2419 2797 2484 saecularis,
2837 2419 2921 2472 vel
2947 2420 3270 2483 monachus,
3309 2428 3391 2470 vel

1832 2512 1993 2565 etiam
2023 2510 2277 2576 clericus,
2307 2512 2419 2566 sive
2450 2511 2637 2574 lector,
2668 2510 2741 2564 ab
2762 2510 2946 2579 aliquo
2971 2518 3259 2579 corrupttts
3291 2518 3394 2571 est,

1832 2602 1877 2655 si
1932 2602 2108 2657 solum
2170 2596 2314 2657 intra
2361 2617 2565 2668 coxas,
2605 2600 2849 2671 epitimio
2892 2598 3241 2667 castigandus
3290 2612 3392 2661 est.

1832 2692 2068 2746 maxime
2090 2692 2139 2747 si
2174 2693 2339 2747 semel
2366 2701 2421 2746 et
2442 2692 2527 2747 bis
2548 2695 2649 2746 hoc
2677 2691 2921 2760 contigit.
2982 2688 3132 2754 Quod
3172 2689 3219 2743 si
3256 2689 3395 2744 ultra

1834 2780 1933 2833 ltoe
1962 2778 2166 2848 aliquid
2214 2780 2265 2833 in
2309 2779 2486 2848 ipsum
2523 2789 2884 2848 perpetratum
2917 2788 3020 2838 est.
3057 2777 3159 2831 hoc
3192 2784 3295 2839 est,
3342 2778 3394 2830 in

1833 2872 2154 2941 posteriora,
2202 2870 2352 2925 nullo
2382 2872 2542 2925 modo
2609 2872 2675 2925 ad
2719 2871 2931 2926 diaconi
2973 2871 3056 2924 vel
3103 2869 3397 2925 sacerdotis

1831 2962 2147 3033 dignitatem
2162 2961 2456 3032 perveniet.
2479 2959 2790 3016 Licetenim
2812 2962 2927 3031 ipse
2948 2977 3052 3016 non
3077 2960 3395 3030 peccaverit,

1832 3066 1931 3106 vas
1966 3059 2150 3107 tamen
2189 3052 2361 3123 ipsius
2396 3053 2702 3122 disruptmn
2734 3061 2853 3117 est,
2877 3062 2932 3107 et
2972 3066 3079 3106 non
3115 3051 3239 3107 licet
3294 3052 3396 3119 ipsi

1834 3159 1989 3198 sacra
2023 3142 2368 3209 ministrare;
2402 3154 2487 3199 est
2538 3146 2683 3198 enim
2713 3144 2975 3213 pollutus.
3019 3140 3075 3197 Si
3127 3142 3182 3196 in
3224 3141 3399 3195 molli-

161 3228 277 3293 δὼς
298 3229 354 3281 τί
383 3230 523 3297 ἐστι,
556 3230 651 3285 καὶ
669 3231 753 3284 ὅτι
775 3229 1032 3302 ἀπείργει
1057 3233 1221 3286 αὐτὸν
1254 3232 1350 3285 τοῦ
1376 3232 1453 3303 μή
1480 3232 1732 3298 δέξασθαι

1836 3237 1961 3289 tiem
2006 3235 2259 3288 inciderit
2290 3245 2415 3290 ante
2439 3236 2936 3299 consecrationem,
2981 3235 3228 3289 nesciens
3267 3233 3395 3300 quid

164 3320 557 3394 ἱερωσύνην,ή
603 3322 746 3375 κατὰ
786 3323 1057 3392 ἀγνωσίαν
1099 3323 1135 3393 ἢ
1184 3326 1315 3395 παρ’
1361 3325 1522 3379 ἄλλου
1561 3325 1730 3396 ψυχο-

161 3411 375 3482 φοὸρου
414 3411 447 3483 ἢ
492 3412 771 3482 ἀγνώστου
818 3413 975 3467 τοῦτο
1029 3412 1299 3484 ἐδιδάχθη,
1328 3415 1445 3493 ἐστι
1475 3417 1531 3470 δὲ
1572 3420 1601 3471 ὁ
1641 3418 1731 3472 άν-

162 3505 449 3577 υρωποςή
483 3504 666 3575 σοφὸς,
692 3504 727 3575 ἢ
767 3504 1020 3577 εὺλαὸὴς,
1045 3507 1079 3577 ἦ
1110 3495 1203 3559 καὶ
1243 3509 1386 3561 κατὰ
1423 3510 1729 3581 ἀμφότερα,

162 3593 518 3665 ἑπιτιμάσθω
560 3595 843 3667 πρότερον,
887 3597 984 3651 καὶ
1030 3592 1129 3651 εἷθ’
1153 3596 1325 3662 οὕτως
1352 3597 1641 3663 άξιούσθω.
1672 3603 1731 3655 Εἰ

158 3684 224 3740 δὲ
271 3686 414 3756 μετὰ
464 3685 563 3759 τήν
618 3686 914 3758 ἱερωσύνην
957 3688 1038 3753 είς
1066 3688 1223 3743 τοῦτο
1259 3689 1423 3756 ἐάλω,
1459 3692 1599 3745 κατὰ
1638 3695 1732 3747 τὸν

163 3776 379 3831 σκοπὸν
409 3776 469 3832 ὃν
507 3779 936 3850 προειρήκαμεν,
974 3779 1011 3848 ἢ
1046 3780 1189 3833 κατὰ
1226 3779 1472 3848 ἄγνοιαν,
1511 3782 1547 3854 ἢ
1591 3785 1734 3837 κατὰ

159 3868 515 3940 ψυχοφθόρου
561 3870 830 3942 διδαχθεὶς
876 3870 951 3942 μὴ
997 3864 1137 3926 εἶναι
1182 3872 1374 3939 κακὸν,
1415 3874 1734 3946 λαμϐανέτω

163 3959 368 4031 χρόνον
388 3960 684 4031 ἐπιτίμιον,
714 3961 1081 4034 κρατούμενος
1128 3964 1223 4016 καὶ
1269 3966 1363 4017 τοῦ
1407 3968 1729 4039 ἱερουργεῖν,

164 4050 269 4106 καὶ
294 4048 467 4115 οὕτως
489 4052 866 4123 ἱερουργείτω.
890 4054 953 4107 Εἰ
981 4053 1040 4108 δὲ
1060 4052 1154 4107 καὶ
1174 4053 1520 4125 δευτερὼσει,
1552 4057 1583 4128 ἢ
1615 4074 1731 4126 τρι-

160 4142 359 4206 etiam,
421 4142 614 4214 μηκέτι
662 4143 1035 4215 ἱερουργείτω,
1090 4142 1206 4197 ἀλλ’
1234 4145 1316 4206 είς
1362 4146 1460 4216 τὴν
1484 4146 1578 4199 τοῦ
1601 4149 1733 4199 dva-

163 4234 417 4305 γνὼστου
464 4234 618 4301 τάξιν
667 4235 930 4307 ἐρχέσθω.
969 4235 1093 4289 Ἐὰν
1143 4234 1201 4289 δέ
1230 4252 1315 4299 τις
1339 4234 1530 4305 ἔκλεψε
1564 4254 1733 4306 κειρα-

163 4326 377 4397 λαιώδη
446 4326 759 4397 κλέμματα,
828 4328 902 4399 μὴ
963 4327 1207 4397 ἐρχέσθω
1268 4330 1348 4391 εἰς
1413 4329 1729 4400 ἱερωσύνην.

175 4417 419 4487 Ὁμοίως
459 4415 517 4470 δὲ
542 4417 593 4470 sl
628 4417 769 4487 μετὰ
806 4416 1258 4489 τὴυίερωσύνην,
1284 4417 1480 4490 μηκέτι
1523 4419 1731 4491 ἱερουρ-

159 4510 362 4577 γείτω.
404 4506 679 4572 Ὦσαύτως
702 4507 795 4561 καὶ
822 4508 872 4561 οἱ
897 4506 1062 4576 χωρὶς
1085 4508 1383 4579 ἱερωσύνης
1404 4508 1729 4571 κλέπτοντες

1833 3330 1938 3384 hoc
1965 3334 2129 3390 esset,
2153 3334 2208 3381 et
2236 3325 2380 3395 quod
2411 3327 2514 3382 hoc
2559 3325 2809 3396 prohibet
2830 3324 3005 3393 ipsum
3052 3339 3081 3377 a
3112 3324 3396 3378 sacerdotii

1832 3420 2200 3491 susceptione,
2247 3418 2332 3473 vel
2363 3427 2580 3488 prepter
2619 3417 2996 3485 ignorantiam,
3040 3414 3120 3467 vel
3149 3416 3289 3482 quod
3320 3416 3401 3468 sie

1831 3513 1901 3568 ab
1920 3511 2223 3567 animarum
2236 3520 2555 3580 corruptore
2575 3518 2627 3562 et
2655 3512 2933 3577 ignorante
2961 3508 3185 3561 edoctus
3208 3507 3395 3569 fuerit;

1832 3609 1915 3658 vir
1939 3615 2117 3659 tamen
2144 3612 2227 3658 est
2264 3602 2345 3657 vel
2384 3602 2620 3675 sapiens,
2655 3601 2731 3654 vel
2783 3601 2923 3669 pius,
2979 3599 3059 3653 vel
3110 3606 3397 3666 utrumque

1833 3694 2093 3763 puniatur
2113 3692 2284 3763 prius,
2323 3707 2589 3762 poenaque
2612 3692 2853 3746 exsoluta
2886 3689 3190 3746 sacerdotio
3205 3688 3400 3759 dignus

1832 3785 2117 3839 habeatur.
2174 3783 2327 3848 Quod
2361 3784 2407 3837 si
2443 3793 2567 3853 post
2603 3799 2819 3837 sacrum
2862 3783 3222 3838 ministerium
3276 3796 3400 3836 sus-

1831 3885 2048 3943 Ceptum
2096 3874 2148 3927 in
2180 3874 2283 3927 hoc
2322 3873 2552 3927 crimine
2589 3887 2655 3925 ea
2696 3873 2903 3925 ratione
2949 3889 3112 3939 quam
3142 3871 3398 3940 praedixi—

1831 3980 1975 4029 mus,
2006 3962 2373 4032 deprehensus
2397 3969 2504 4026 est,
2524 3960 2604 4031 vel
2626 3970 2841 4029 propter
2882 3960 3263 4026 ignorantiam,
3307 3960 3387 4011 vel

1833 4055 1975 4125 quod
2036 4055 2140 4109 hoc
2178 4070 2283 4108 non
2325 4067 2446 4109 esse
2493 4042 2700 4106 malunt
2747 4052 2816 4105 ab
2870 4052 3053 4119 aliquo
3098 4052 3401 4104 animarum

1833 4157 2146 4213 corruptore
2166 4146 2394 4198 edoctus
2408 4142 2500 4207 sit,
2528 4143 2689 4198 unius
2718 4144 2845 4196 anni
2869 4141 3238 4211 μωιιιιυιιιὶιιιιι
3262 4143 3403 4196 σίτοις

1833 4238 1944 4307 piat
1969 4253 2017 4297 ac
2039 4248 2197 4289 sacro
2218 4234 2522 4293 ministerio
2544 4234 2842 4293 abstinens,
2868 4242 2922 4285 et
2951 4231 3031 4287 sic
3061 4233 3399 4301 postmodum

1836 4323 2008 4379 sacris
2032 4332 2305 4392 operetur.
2365 4319 2519 4390 Quod
2559 4320 2606 4374 si
2647 4320 2730 4373 bis
2770 4332 2916 4374 terve
2961 4322 3065 4375 hoc
3099 4322 3390 4379 iteraverit,

1836 4429 1941 4467 non
1974 4413 2206 4483 amplius
2223 4414 2394 4468 sacris
2418 4412 2705 4475 ministret,
2733 4413 2825 4465 sed
2851 4412 2903 4465 in
2925 4413 3139 4467 lectoris
3160 4411 3401 4463 ordinem

1833 4504 2145 4559 descendat.
2209 4503 2267 4557 Si
2315 4503 2438 4572 quis
2475 4490 2615 4576 furia
2649 4503 2902 4571 capitalia
2948 4501 3157 4555 furatus
3213 4499 3398 4563 fuerit,

164 4600 252 4670 μὴ
295 4598 646 4670 ἐρχέσθωσαν
679 4599 759 4663 εἰς
803 4598 1101 4668 ἱερωσύνην
1154 4600 1308 4662 ποτὲ,
1346 4600 1489 4655 ἁλλὶ
1526 4601 1587 4654 τὸ
1629 4598 1732 4653 τῶν

1839 4612 2055 4654 Sacrum
2090 4595 2443 4664 ministeriun
2480 4580 2584 4645 non
2649 4595 2999 4663 adipiscatur.
3065 4590 3319 4643 Similiter
3359 4595 3405 4646 si

160 4687 393 4759 πύρνων
423 4685 857 4761 λαμϐανέτωσαν,
885 4685 1180 4757 ἐπιτίμιον.

1780 4724 1786 4730 -
1843 4697 1967 4760 post
2004 4686 2255 4754 adeptum
2294 4683 2656 4757 sacerdotium
2689 4686 2800 4739 line
2849 4684 3248 4753 perpeti-avent,
3297 4696 3403 4736 non

161 4780 413 4851 amplius
458 4778 745 4835 sacriﬁcet.
822 4780 1021 4836 Eadem
1073 4794 1191 4839 esto
1237 4770 1375 4839 ratio
1419 4799 1608 4838 eorum
1639 4786 1733 4855 qni
1770 4802 1933 4843 sacro
1968 4782 2271 4839 ministerio
2302 4798 2405 4834 non
2457 4780 2651 4837 initiati
2720 4782 3007 4834 iurantur:
3044 4776 3405 4833 sacerdotium

159 4884 456 4941 umquam
484 4878 868 4947 assequamur,
895 4870 996 4926 sed
1017 4870 1399 4927 fornicantium
1423 4874 1738 4941 poenitentia
1775 4878 2101 4947 plectantur.
2411 4900 2419 4909 -
2794 4864 2800 4869 ’

236 4962 368 5018 Τῶν
396 4962 453 5016 δὲ
477 4954 917 5030 ἐξαγγελλόνήων
941 4964 1047 5017 είσὶ
1082 4952 1273 5037 τρόποι
1298 4965 1429 5035 παρ’
1461 4967 1585 5035 ἐμοὶ
1615 4967 1736 5021 δια-

160 5057 436 5127 φέροντες
477 5053 723 5126 ἀλλήλων
765 5042 916 5124 δέκα.
955 5055 1183 5127 Ἕτερος
1232 5058 1261 5110 ὁ
1320 5054 1502 5123 ὀλίγον
1559 5059 1738 5128 ἁμαρ-

161 5148 352 5222 τήσας
378 5145 475 5199 καὶ
500 5145 939 5217 αύτοπροαιρέτῳ
953 5145 1145 5219 γνώμῃ
1170 5147 1530 5226 μετανοήσας,
1562 5148 1620 5213 ὃς
1646 5150 1740 5203 καὶ

159 5242 255 5303 εις
306 5237 367 5291 ἓν
406 5234 724 5309 πρόσωπον
771 5238 866 5292 καὶ
914 5238 1101 5308 ἔτερος
1145 5240 1173 5291 6
1215 5236 1473 5302 πολλάκις
1522 5241 1619 5293 καὶ
1660 5241 1739 5302 εἰς

159 5330 353 5386 πολλὰ
373 5327 535 5392 ἁλοὺς
556 5328 851 5398 πρόσωπαο
885 5331 980 5384 καὶ
1001 5329 1185 5401 ἕτερος
1208 5329 1237 5384 ὁ
1276 5329 1419 5382 κατὰ
1457 5330 1617 5399 φύσιν
1641 5331 1740 5401 μὲν

156 5423 524 5493 ἁμαρτήσας,
552 5420 681 5483 ἴσως
706 5420 800 5473 καὶ
836 5421 915 5485 είς
940 5421 998 5474 ἐν
1036 5422 1325 5492 πρόσωπον
1346 5437 1361 5450 ·
1406 5422 1658 5491 χρονίσας
1683 5421 1741 5474 δὲ

158 5512 272 5565 καὶ
305 5509 411 5574 ἓως
431 5511 615 5580 γήρως
633 5523 648 5538 ⁸
678 5508 863 5579 ἕτερος
890 5511 947 5563 δὲ
977 5512 1006 5563 ὁ
1035 5510 1180 5583 παρὰ
1203 5510 1363 5577 φύσιν
1394 5510 1737 5580 ἁμαρτήσας,

157 5603 370 5672 τάχιον
390 5600 447 5654 δὲ
477 5598 779 5667 ἀποκόψας,
827 5599 915 5651 διὰ
946 5600 1038 5652 τὸν
1082 5601 1178 5653 τοῦ
1238 5598 1373 5651 Θεοῦ
1408 5592 1570 5669 φόϐον
1602 5616 1614 5628 ·
1646 5600 1739 5652 καὶ

158 5696 369 5763 ἕτερος
394 5691 425 5743 ὁ
445 5691 513 5746 δι’
540 5690 842 5754 ἀσθένειαν,
870 5692 963 5743 καὶ
988 5693 1308 5761 περίστασιν
1348 5690 1630 5761 συμφορᾶς
1658 5692 1737 5753 εἰς

160 5781 570 5853 “summm
596 5780 784 5846 ἐλθὼν,
820 5779 970 5850 ῆ’καὶ
1020 5784 1077 5834 ἐν
1110 5782 1259 5850 αὑτῷ
1294 5781 1372 5851 τῷ
1406 5782 1617 5849 Θανάτῳ
1651 5780 1735 5845 ἐξ.

161 5869 675 5946 ομολογησάμενος,
731 5872 821 5926 καὶ
859 5870 1062 5925 Θεινὼν·
1119 5874 1209 5928 καὶ
1236 5873 1417 5943 Lupa;
1449 5877 1473 5926 ὁ
1520 5875 1729 5926 παυσά-

1838 5021 1842 5025 ,
1909 4965 2103 5019 Decem
2125 4976 2252 5020 sum
2279 4964 2419 5031 apud
2449 4979 2537 5019 me
2558 4962 2929 5019 conﬁtentium
2958 4961 3161 5030 species
3181 4976 3210 5013 a
3241 4978 3297 5015 se
3324 4962 3405 5016 in“

1837 5059 2009 5111 vicem
2040 5057 2370 5110 dill'ercntes.
2434 5056 2588 5110 Alius
2633 5052 2943 5125 pauculum,
2996 5061 3050 5106 et
3079 5066 3188 5104 uno
3222 5054 3402 5114 modo,

1839 5146 2103 5215 peccavit,
2132 5158 2185 5198 et
2211 5153 2404 5213 sponte
2433 5145 2686 5215 poenitet;
2737 5143 2878 5196 alius
2899 5142 3115 5210 saepius,
3146 5153 3201 5195 et
3224 5144 3411 5197 multis

1842 5239 2059 5307 modis;
2108 5236 2248 5291 alius
2301 5236 2598 5293 secundum
2653 5244 2927 5299 naturam,
2976 5243 3032 5289 et
3071 5250 3180 5290 uno
3225 5236 3406 5289 forsan

1847 5328 2032 5395 modo,
2055 5326 2148 5384 sed
2172 5326 2225 5379 in
2264 5342 2331 5383 eo
2354 5326 2738 5397 perseveravit,
2761 5327 2922 5380 etiam
2948 5342 3123 5397 usque
3148 5330 3214 5381 ad
3247 5340 3405 5381 sene-

1840 5431 2077 5485 ctutem;
2130 5418 2270 5474 alius
2299 5429 2493 5489 praeter
2514 5425 2761 5471 naturain
2784 5418 3048 5487 peccavit,
3076 5417 3257 5473 statim
3278 5432 3406 5470 vero

1842 5509 2088 5578 resipnit,
2114 5518 2170 5563 et
2199 5510 2465 5565 abstinuit
2508 5514 2724 5577 prepter
2770 5508 2863 5562 Dei
2910 5508 3198 5571 timorem;
3268 5505 3408 5562 alius

1839 5603 1934 5672 qui
1965 5598 2279 5656 inﬁrmitate
2310 5611 2482 5665 actus,
2525 5598 2606 5651 vel
2636 5600 2963 5653 calamitatis
2996 5598 3405 5652 circumstantia

1842 5693 1909 5748 ad
1940 5690 2340 5747 confessionem
2366 5706 2425 5746 se
2449 5689 2702 5759 accingit,
2741 5691 2821 5744 vel
2849 5690 2903 5742 in
2930 5689 3046 5758 ipsa
3082 5698 3249 5742 morte
3270 5704 3406 5743 con-

1843 5785 2045 5845 ﬁtetur,
2088 5790 2141 5837 et
2172 5782 2440 5844 moritur;
2492 5778 2632 5836 alius
2669 5780 2761 5849 qui
2804 5793 2834 5831 a
2874 5786 3096 5847 peccato
3148 5782 3431 5840 ccssavit.‘

1842 5872 2211 5944 qualecunque
2263 5874 2391 5928 illud
2418 5872 2597 5941 luerit,
2632 5882 2684 5929 ct
2718 5881 2901 5941 postea
2938 5869 3013 5926 sic
3039 5879 3253 5938 peccata
3279 5884 3405 5923 con~
