  <div class='ocr_page' id='page_1' title='image "/cluster/home/n/w/nwhite01/storage/ocr_20150623/88/pst.000005712946/996.png"; bbox 0 0 4024 6340; ppageno 0'>
   <div class='ocr_carea' id='block_1_1' title="bbox 207 407 344 473">
    <p class='ocr_par' dir='ltr' id='par_1_1' title="bbox 207 407 344 473">
     <span class='ocr_line' id='line_1_1' title="bbox 207 407 344 473; baseline -0.015 -1"><span class='ocrx_word' id='word_1_1' title='bbox 207 407 344 473; x_wconf 77' lang='grc'><strong>1913</strong></span> 
     </span>
    </p>
   </div>
   <div class='ocr_carea' id='block_1_2' title="bbox 1529 412 2132 475">
    <p class='ocr_par' dir='ltr' id='par_1_2' title="bbox 1529 412 2132 475">
     <span class='ocr_line' id='line_1_2' title="bbox 1529 412 2132 475; baseline 0.007 -4"><span class='ocrx_word' id='word_1_2' title='bbox 1529 412 2132 475; x_wconf 68' lang='grc' dir='ltr'><strong>ΡίΕΝΙΤΕΝΤΙΑιΕ.</strong></span> 
     </span>
    </p>
   </div>
   <div class='ocr_carea' id='block_1_3' title="bbox 3307 414 3437 478">
    <p class='ocr_par' dir='ltr' id='par_1_3' title="bbox 3307 414 3437 478">
     <span class='ocr_line' id='line_1_3' title="bbox 3307 414 3437 478; baseline 0.023 -3"><span class='ocrx_word' id='word_1_3' title='bbox 3307 414 3437 478; x_wconf 72' lang='grc'><strong>1914</strong></span> 
     </span>
    </p>
   </div>
   <div class='ocr_carea' id='block_1_4' title="bbox 204 517 1771 594">
    <p class='ocr_par' dir='ltr' id='par_1_4' title="bbox 204 517 1761 594">
     <span class='ocr_line' id='line_1_4' title="bbox 204 517 1761 594; baseline 0.002 -21"><span class='ocrx_word' id='word_1_4' title='bbox 204 521 370 591; x_wconf 82' lang='grc' dir='ltr'>θηκα.</span> <span class='ocrx_word' id='word_1_5' title='bbox 408 520 501 582; x_wconf 83' lang='grc' dir='ltr'>Εἰς</span> <span class='ocrx_word' id='word_1_6' title='bbox 529 518 585 571; x_wconf 80' lang='grc' dir='ltr'>δὲ</span> <span class='ocrx_word' id='word_1_7' title='bbox 605 517 667 571; x_wconf 85' lang='grc' dir='ltr'><strong>τὸ</strong></span> <span class='ocrx_word' id='word_1_8' title='bbox 700 519 983 590; x_wconf 80' lang='grc' dir='ltr'>ὲσπερινὸν</span> <span class='ocrx_word' id='word_1_9' title='bbox 1027 522 1119 574; x_wconf 76' lang='grc' dir='ltr'>καὶ</span> <span class='ocrx_word' id='word_1_10' title='bbox 1147 521 1343 594; x_wconf 75' lang='grc' dir='ltr'>ὄρθρον</span> <span class='ocrx_word' id='word_1_11' title='bbox 1390 523 1485 577; x_wconf 75' lang='grc' dir='ltr'>καὶ</span> <span class='ocrx_word' id='word_1_12' title='bbox 1530 525 1597 578; x_wconf 89' lang='grc' dir='ltr'><strong>τά</strong></span> <span class='ocrx_word' id='word_1_13' title='bbox 1627 523 1761 578; x_wconf 77' lang='grc' dir='ltr'>ἄλλα</span> 
     </span>
    </p>
   </div>
   <div class='ocr_carea' id='block_1_5' title="bbox 1870 517 3435 594">
    <p class='ocr_par' dir='ltr' id='par_1_5' title="bbox 1870 518 3435 593">
     <span class='ocr_line' id='line_1_5' title="bbox 1870 518 3435 593; baseline 0.001 -17"><span class='ocrx_word' id='word_1_14' title='bbox 1870 523 2121 577; x_wconf 89' lang='lat' dir='ltr'><strong>narthece</strong></span> <span class='ocrx_word' id='word_1_15' title='bbox 2151 532 2296 577; x_wconf 90' lang='lat' dir='ltr'><strong>stare</strong></span> <span class='ocrx_word' id='word_1_16' title='bbox 2334 518 2633 592; x_wconf 85' lang='lat' dir='ltr'><strong>jubentor:</strong></span> <span class='ocrx_word' id='word_1_17' title='bbox 2667 523 2719 576; x_wconf 91' lang='lat' dir='ltr'><strong>in</strong></span> <span class='ocrx_word' id='word_1_18' title='bbox 2757 522 3018 593; x_wconf 71' lang='lat' dir='ltr'><strong>Vcsperisl</strong></span> <span class='ocrx_word' id='word_1_19' title='bbox 3049 539 3196 587; x_wconf 87' lang='lat' dir='ltr'><strong>vero,</strong></span> <span class='ocrx_word' id='word_1_20' title='bbox 3228 534 3280 577; x_wconf 91' lang='lat' dir='ltr'><strong>et</strong></span> <span class='ocrx_word' id='word_1_21' title='bbox 3316 540 3435 577; x_wconf 87' lang='lat' dir='ltr'><strong>ma-</strong></span> 
     </span>
    </p>
   </div>
   <div class='ocr_carea' id='block_1_6' title="bbox 204 604 1767 670">
    <p class='ocr_par' dir='ltr' id='par_1_6' title="bbox 204 604 1767 670">
     <span class='ocr_line' id='line_1_6' title="bbox 204 604 1767 670; baseline 0.001 -5"><span class='ocrx_word' id='word_1_22' title='bbox 204 611 483 665; x_wconf 85' lang='grc' dir='ltr'>ἁκὼλυτον</span> <span class='ocrx_word' id='word_1_23' title='bbox 512 604 651 662; x_wconf 79' lang='grc' dir='ltr'>εἶναι</span> <span class='ocrx_word' id='word_1_24' title='bbox 689 610 831 664; x_wconf 84' lang='grc' dir='ltr'>κατὰ</span> <span class='ocrx_word' id='word_1_25' title='bbox 872 613 1047 665; x_wconf 83' lang='grc' dir='ltr'>πάντα</span> <span class='ocrx_word' id='word_1_26' title='bbox 1091 613 1225 667; x_wconf 74' lang='grc' dir='ltr'>ὅπου</span> <span class='ocrx_word' id='word_1_27' title='bbox 1265 613 1407 670; x_wconf 84' lang='grc' dir='ltr'>θέλει</span> <span class='ocrx_word' id='word_1_28' title='bbox 1439 614 1689 668; x_wconf 76' lang='grc' dir='ltr'>ἵστασθαι</span> <span class='ocrx_word' id='word_1_29' title='bbox 1709 616 1767 667; x_wconf 79' lang='grc' dir='ltr'>ὲν</span> 
     </span>
    </p>
   </div>
   <div class='ocr_carea' id='block_1_7' title="bbox 201 701 1769 775">
    <p class='ocr_par' dir='ltr' id='par_1_7' title="bbox 201 701 1769 775">
     <span class='ocr_line' id='line_1_7' title="bbox 201 701 1769 775; baseline 0.003 -21"><span class='ocrx_word' id='word_1_30' title='bbox 201 702 279 772; x_wconf 79' lang='grc' dir='ltr'>τῷ</span> <span class='ocrx_word' id='word_1_31' title='bbox 310 701 447 772; x_wconf 85' lang='grc' dir='ltr'>ναῷ,</span> <span class='ocrx_word' id='word_1_32' title='bbox 480 702 571 754; x_wconf 85' lang='grc' dir='ltr'>ὅτε</span> <span class='ocrx_word' id='word_1_33' title='bbox 603 702 697 754; x_wconf 74' lang='grc' dir='ltr'>καὶ</span> <span class='ocrx_word' id='word_1_34' title='bbox 720 702 786 754; x_wconf 84' lang='grc' dir='ltr'>ἂν</span> <span class='ocrx_word' id='word_1_35' title='bbox 816 702 964 773; x_wconf 82' lang='grc' dir='ltr'>θέλῃ.</span> <span class='ocrx_word' id='word_1_36' title='bbox 996 704 1076 758; x_wconf 77' lang='grc' dir='ltr'><strong>Τὰ</strong></span> <span class='ocrx_word' id='word_1_37' title='bbox 1099 704 1157 757; x_wconf 83' lang='grc' dir='ltr'>δὲ</span> <span class='ocrx_word' id='word_1_38' title='bbox 1196 704 1434 775; x_wconf 83' lang='grc' dir='ltr'><strong>Χριστοῦ</strong></span> <span class='ocrx_word' id='word_1_39' title='bbox 1458 706 1645 774; x_wconf 84' lang='grc' dir='ltr'>γέννα,</span> <span class='ocrx_word' id='word_1_40' title='bbox 1672 706 1769 759; x_wconf 59' lang='grc' dir='ltr'><strong>καί⁹</strong></span> 
     </span>
    </p>
   </div>
   <div class='ocr_carea' id='block_1_8' title="bbox 201 792 1766 870">
    <p class='ocr_par' dir='ltr' id='par_1_8' title="bbox 201 792 1766 870">
     <span class='ocr_line' id='line_1_8' title="bbox 201 792 1766 870; baseline 0.005 -26"><span class='ocrx_word' id='word_1_41' title='bbox 201 793 269 845; x_wconf 67' lang='grc' dir='ltr'>τὰ</span> <span class='ocrx_word' id='word_1_42' title='bbox 292 793 450 845; x_wconf 79' lang='grc' dir='ltr'>Φῶτα</span> <span class='ocrx_word' id='word_1_43' title='bbox 476 794 569 845; x_wconf 75' lang='grc' dir='ltr'>καὶ</span> <span class='ocrx_word' id='word_1_44' title='bbox 601 792 699 854; x_wconf 84' lang='grc' dir='ltr'>τὰς</span> <span class='ocrx_word' id='word_1_45' title='bbox 728 795 876 862; x_wconf 79' lang='grc' dir='ltr'>τρείς</span> <span class='ocrx_word' id='word_1_46' title='bbox 914 794 1006 847; x_wconf 82' lang='grc' dir='ltr'>τοῦ</span> <span class='ocrx_word' id='word_1_47' title='bbox 1051 796 1241 867; x_wconf 83' lang='grc' dir='ltr'><strong>Πάσχα</strong></span> <span class='ocrx_word' id='word_1_48' title='bbox 1286 798 1521 869; x_wconf 78' lang='grc' dir='ltr'>ἡμέρας,</span> <span class='ocrx_word' id='word_1_49' title='bbox 1559 799 1676 870; x_wconf 68' lang='grc' dir='ltr'>ἢτοι</span> <span class='ocrx_word' id='word_1_50' title='bbox 1700 802 1766 870; x_wconf 78' lang='grc' dir='ltr'>τῇ</span> 
     </span>
    </p>
   </div>
   <div class='ocr_carea' id='block_1_9' title="bbox 206 883 1764 961">
    <p class='ocr_par' dir='ltr' id='par_1_9' title="bbox 206 883 1764 961">
     <span class='ocr_line' id='line_1_9' title="bbox 206 883 1764 961; baseline 0.004 -26"><span class='ocrx_word' id='word_1_51' title='bbox 206 885 423 957; x_wconf 77' lang='grc' dir='ltr'><strong>μεγάλῃ</strong></span> <span class='ocrx_word' id='word_1_52' title='bbox 458 885 521 946; x_wconf 83' lang='grc' dir='ltr'>ε’,</span> <span class='ocrx_word' id='word_1_53' title='bbox 570 883 665 937; x_wconf 70' lang='grc' dir='ltr'>καὶ</span> <span class='ocrx_word' id='word_1_54' title='bbox 692 885 773 955; x_wconf 83' lang='grc' dir='ltr'>τῷ</span> <span class='ocrx_word' id='word_1_55' title='bbox 819 887 1040 955; x_wconf 81' lang='grc' dir='ltr'>μεγάλῳ</span> <span class='ocrx_word' id='word_1_56' title='bbox 1088 888 1375 958; x_wconf 82' lang='grc' dir='ltr'>Σαϐϐάτῳ,</span> <span class='ocrx_word' id='word_1_57' title='bbox 1432 889 1528 941; x_wconf 76' lang='grc' dir='ltr'>καὶ</span> <span class='ocrx_word' id='word_1_58' title='bbox 1568 892 1635 961; x_wconf 79' lang='grc' dir='ltr'>τῇ</span> <span class='ocrx_word' id='word_1_59' title='bbox 1668 906 1764 958; x_wconf 89' lang='grc' dir='ltr'>με-</span> 
     </span>
    </p>
   </div>
   <div class='ocr_carea' id='block_1_10' title="bbox 202 972 1770 1046">
    <p class='ocr_par' dir='ltr' id='par_1_10' title="bbox 202 972 1770 1046">
     <span class='ocr_line' id='line_1_10' title="bbox 202 972 1770 1046; baseline 0.001 -20"><span class='ocrx_word' id='word_1_60' title='bbox 202 972 343 1043; x_wconf 80' lang='grc' dir='ltr'>γάλῃ</span> <span class='ocrx_word' id='word_1_61' title='bbox 376 975 651 1044; x_wconf 76' lang='grc' dir='ltr'><strong>κυριακῇ,</strong></span> <span class='ocrx_word' id='word_1_62' title='bbox 678 975 773 1029; x_wconf 72' lang='grc' dir='ltr'>καὶ</span> <span class='ocrx_word' id='word_1_63' title='bbox 798 973 905 1026; x_wconf 84' lang='grc' dir='ltr'><strong>τῶν</strong></span> <span class='ocrx_word' id='word_1_64' title='bbox 921 974 1113 1041; x_wconf 80' lang='grc' dir='ltr'>Ἀγίων</span> <span class='ocrx_word' id='word_1_65' title='bbox 1138 974 1473 1028; x_wconf 83' lang='grc' dir='ltr'>Ἀποστόλων</span> <span class='ocrx_word' id='word_1_66' title='bbox 1506 976 1606 1046; x_wconf 81' lang='grc' dir='ltr'>τὴν</span> <span class='ocrx_word' id='word_1_67' title='bbox 1638 978 1770 1045; x_wconf 85' lang='grc' dir='ltr'>μνή-</span> 
     </span>
    </p>
   </div>
   <div class='ocr_carea' id='block_1_11' title="bbox 208 1062 1771 1143">
    <p class='ocr_par' dir='ltr' id='par_1_11' title="bbox 208 1062 1771 1143">
     <span class='ocr_line' id='line_1_11' title="bbox 208 1062 1771 1143; baseline 0.002 -27"><span class='ocrx_word' id='word_1_68' title='bbox 208 1080 339 1133; x_wconf 83' lang='grc' dir='ltr'>μην,</span> <span class='ocrx_word' id='word_1_69' title='bbox 364 1062 443 1135; x_wconf 89' lang='grc' dir='ltr'><strong>[κ]</strong></span> <span class='ocrx_word' id='word_1_70' title='bbox 462 1067 527 1118; x_wconf 84' lang='grc' dir='ltr'>ἄν</span> <span class='ocrx_word' id='word_1_71' title='bbox 544 1082 595 1116; x_wconf 92' lang='grc' dir='ltr'><strong>τι</strong></span> <span class='ocrx_word' id='word_1_72' title='bbox 614 1066 901 1128; x_wconf 82' lang='grc' dir='ltr'><strong>κοινωνίας</strong></span> <span class='ocrx_word' id='word_1_73' title='bbox 927 1066 1385 1136; x_wconf 87' lang='grc' dir='ltr'>μεταλαμϐάνειν,</span> <span class='ocrx_word' id='word_1_74' title='bbox 1402 1066 1652 1143; x_wconf 62' lang='grc' dir='ltr'>ἁγίασμα</span> <span class='ocrx_word' id='word_1_75' title='bbox 1664 1064 1771 1119; x_wconf 86' lang='grc' dir='ltr'><strong>τῶν</strong></span> 
     </span>
    </p>
   </div>
   <div class='ocr_carea' id='block_1_12' title="bbox 201 1155 1771 1232">
    <p class='ocr_par' dir='ltr' id='par_1_12' title="bbox 201 1155 1771 1232">
     <span class='ocr_line' id='line_1_12' title="bbox 201 1155 1771 1232; baseline 0.004 -25"><span class='ocrx_word' id='word_1_76' title='bbox 201 1155 426 1220; x_wconf 69' lang='grc' dir='ltr'>Φώτων,</span> <span class='ocrx_word' id='word_1_77' title='bbox 482 1159 579 1210; x_wconf 81' lang='grc' dir='ltr'>καὶ</span> <span class='ocrx_word' id='word_1_78' title='bbox 634 1157 778 1211; x_wconf 74' lang='grc' dir='ltr'>οὕτω</span> <span class='ocrx_word' id='word_1_79' title='bbox 823 1157 1170 1212; x_wconf 76' lang='grc' dir='ltr'>διαλύεινοοί</span> <span class='ocrx_word' id='word_1_80' title='bbox 1202 1161 1303 1230; x_wconf 80' lang='grc' dir='ltr'>μὲν</span> <span class='ocrx_word' id='word_1_81' title='bbox 1348 1162 1579 1230; x_wconf 76' lang='grc' dir='ltr'>μοναχοὶ</span> <span class='ocrx_word' id='word_1_82' title='bbox 1609 1160 1771 1232; x_wconf 86' lang='grc' dir='ltr'>τυρὸν</span> 
     </span>
    </p>
   </div>
   <div class='ocr_carea' id='block_1_13' title="bbox 203 1246 1770 1322">
    <p class='ocr_par' dir='ltr' id='par_1_13' title="bbox 203 1246 1770 1322">
     <span class='ocr_line' id='line_1_13' title="bbox 203 1246 1770 1322; baseline 0.004 -24"><span class='ocrx_word' id='word_1_83' title='bbox 203 1246 303 1299; x_wconf 78' lang='grc' dir='ltr'>καὶ</span> <span class='ocrx_word' id='word_1_84' title='bbox 326 1246 454 1313; x_wconf 84' lang='grc' dir='ltr'>ὠὸν,</span> <span class='ocrx_word' id='word_1_85' title='bbox 482 1249 532 1300; x_wconf 78' lang='grc' dir='ltr'>οἱ</span> <span class='ocrx_word' id='word_1_86' title='bbox 559 1247 614 1301; x_wconf 82' lang='grc' dir='ltr'>δὲ</span> <span class='ocrx_word' id='word_1_87' title='bbox 648 1250 742 1302; x_wconf 80' lang='grc' dir='ltr'>καὶ</span> <span class='ocrx_word' id='word_1_88' title='bbox 789 1249 943 1319; x_wconf 86' lang='grc' dir='ltr'>κρέα.</span> <span class='ocrx_word' id='word_1_89' title='bbox 978 1250 1138 1319; x_wconf 84' lang='grc' dir='ltr'>Τρεῖς</span> <span class='ocrx_word' id='word_1_90' title='bbox 1170 1250 1227 1303; x_wconf 85' lang='grc' dir='ltr'>δὲ</span> <span class='ocrx_word' id='word_1_91' title='bbox 1260 1251 1523 1322; x_wconf 82' lang='grc' dir='ltr'>διαφορὰς</span> <span class='ocrx_word' id='word_1_92' title='bbox 1560 1251 1622 1305; x_wconf 90' lang='grc' dir='ltr'><strong>τὸ</strong></span> <span class='ocrx_word' id='word_1_93' title='bbox 1649 1251 1770 1305; x_wconf 89' lang='grc' dir='ltr'>κατ’</span> 
     </span>
    </p>
   </div>
   <div class='ocr_carea' id='block_1_14' title="bbox 203 1334 1773 1411">
    <p class='ocr_par' dir='ltr' id='par_1_14' title="bbox 203 1334 1773 1411">
     <span class='ocr_line' id='line_1_14' title="bbox 203 1334 1773 1411; baseline 0.006 -24"><span class='ocrx_word' id='word_1_94' title='bbox 203 1334 308 1404; x_wconf 68' lang='grc' dir='ltr'><strong>ἐμὲ</strong></span> <span class='ocrx_word' id='word_1_95' title='bbox 335 1337 474 1400; x_wconf 90' lang='grc' dir='ltr'>τέως</span> <span class='ocrx_word' id='word_1_96' title='bbox 508 1337 674 1407; x_wconf 77' lang='grc' dir='ltr'>ἔχειν,</span> <span class='ocrx_word' id='word_1_97' title='bbox 716 1340 796 1402; x_wconf 84' lang='grc' dir='ltr'><strong>είς</strong></span> <span class='ocrx_word' id='word_1_98' title='bbox 836 1340 905 1393; x_wconf 82' lang='grc' dir='ltr'>τὰ</span> <span class='ocrx_word' id='word_1_99' title='bbox 953 1342 1081 1411; x_wconf 75' lang='grc' dir='ltr'>περὶ</span> <span class='ocrx_word' id='word_1_100' title='bbox 1135 1340 1389 1411; x_wconf 84' lang='grc' dir='ltr'><strong>βρώσεως</strong></span> <span class='ocrx_word' id='word_1_101' title='bbox 1439 1343 1535 1396; x_wconf 75' lang='grc' dir='ltr'>καὶ</span> <span class='ocrx_word' id='word_1_102' title='bbox 1561 1344 1773 1407; x_wconf 84' lang='grc' dir='ltr'><strong>πόσεως</strong></span> 
     </span>
    </p>
   </div>
   <div class='ocr_carea' id='block_1_15' title="bbox 203 1426 1774 1505">
    <p class='ocr_par' dir='ltr' id='par_1_15' title="bbox 203 1426 1774 1505">
     <span class='ocr_line' id='line_1_15' title="bbox 203 1426 1774 1505; baseline 0.005 -26"><span class='ocrx_word' id='word_1_103' title='bbox 203 1426 284 1489; x_wconf 75' lang='grc' dir='ltr'><strong>είς</strong></span> <span class='ocrx_word' id='word_1_104' title='bbox 330 1427 535 1492; x_wconf 82' lang='grc' dir='ltr'><strong>πάντας</strong></span> <span class='ocrx_word' id='word_1_105' title='bbox 576 1431 835 1501; x_wconf 79' lang='grc' dir='ltr'>ἐπιτιμῶ.</span> <span class='ocrx_word' id='word_1_106' title='bbox 879 1432 941 1485; x_wconf 83' lang='grc' dir='ltr'><em>Ἢ</em></span> <span class='ocrx_word' id='word_1_107' title='bbox 989 1433 1126 1500; x_wconf 82' lang='grc' dir='ltr'>αὑτὴ</span> <span class='ocrx_word' id='word_1_108' title='bbox 1156 1434 1264 1504; x_wconf 84' lang='grc' dir='ltr'><strong>γὰρ</strong></span> <span class='ocrx_word' id='word_1_109' title='bbox 1306 1433 1371 1487; x_wconf 86' lang='grc' dir='ltr'>ἂν</span> <span class='ocrx_word' id='word_1_110' title='bbox 1415 1435 1634 1505; x_wconf 82' lang='grc' dir='ltr'>ἄκρισις</span> <span class='ocrx_word' id='word_1_111' title='bbox 1678 1436 1774 1489; x_wconf 74' lang='grc' dir='ltr'>καὶ</span> 
     </span>
    </p>
   </div>
   <div class='ocr_carea' id='block_1_16' title="bbox 202 1518 1773 1595">
    <p class='ocr_par' dir='ltr' id='par_1_16' title="bbox 202 1518 1773 1595">
     <span class='ocr_line' id='line_1_16' title="bbox 202 1518 1773 1595; baseline 0.008 -25"><span class='ocrx_word' id='word_1_112' title='bbox 202 1518 477 1588; x_wconf 83' lang='grc' dir='ltr'>διάκρισις</span> <span class='ocrx_word' id='word_1_113' title='bbox 496 1524 591 1576; x_wconf 72' lang='grc' dir='ltr'>καὶ</span> <span class='ocrx_word' id='word_1_114' title='bbox 621 1523 801 1594; x_wconf 90' lang='grc' dir='ltr'>κρίσις</span> <span class='ocrx_word' id='word_1_115' title='bbox 831 1524 1033 1592; x_wconf 77' lang='grc' dir='ltr'><strong>ὀφείλει</strong></span> <span class='ocrx_word' id='word_1_116' title='bbox 1058 1524 1297 1593; x_wconf 85' lang='grc' dir='ltr'>γίνεσθαι</span> <span class='ocrx_word' id='word_1_117' title='bbox 1338 1527 1428 1580; x_wconf 78' lang='grc' dir='ltr'>καὶ</span> <span class='ocrx_word' id='word_1_118' title='bbox 1466 1529 1557 1579; x_wconf 75' lang='grc' dir='ltr'>ἐπὶ</span> <span class='ocrx_word' id='word_1_119' title='bbox 1585 1520 1773 1595; x_wconf 83' lang='grc' dir='ltr'>γυναι-</span> 
     </span>
    </p>
   </div>
   <div class='ocr_carea' id='block_1_17' title="bbox 204 1611 1774 1690">
    <p class='ocr_par' dir='ltr' id='par_1_17' title="bbox 204 1611 1774 1690">
     <span class='ocr_line' id='line_1_17' title="bbox 204 1611 1774 1690; baseline 0.007 -26"><span class='ocrx_word' id='word_1_120' title='bbox 204 1611 321 1665; x_wconf 84' lang='grc' dir='ltr'>κῶν</span> <span class='ocrx_word' id='word_1_121' title='bbox 348 1615 445 1666; x_wconf 70' lang='grc' dir='ltr'>καὶ</span> <span class='ocrx_word' id='word_1_122' title='bbox 470 1615 704 1685; x_wconf 80' lang='grc' dir='ltr'>ἀνδρῶν,</span> <span class='ocrx_word' id='word_1_123' title='bbox 732 1616 1011 1686; x_wconf 84' lang='grc' dir='ltr'>κοσμικῶς</span> <span class='ocrx_word' id='word_1_124' title='bbox 1032 1634 1090 1670; x_wconf 90' lang='grc' dir='ltr'><strong>τε</strong></span> <span class='ocrx_word' id='word_1_125' title='bbox 1122 1618 1216 1672; x_wconf 75' lang='grc' dir='ltr'>καὶ</span> <span class='ocrx_word' id='word_1_126' title='bbox 1249 1617 1625 1690; x_wconf 82' lang='grc' dir='ltr'>μοναχ[ικ]ὦς,</span> <span class='ocrx_word' id='word_1_127' title='bbox 1644 1621 1774 1675; x_wconf 81' lang='grc' dir='ltr'>ἄνευ</span> 
     </span>
    </p>
   </div>
   <div class='ocr_carea' id='block_1_18' title="bbox 203 1701 1774 1777">
    <p class='ocr_par' dir='ltr' id='par_1_18' title="bbox 203 1701 1774 1777">
     <span class='ocr_line' id='line_1_18' title="bbox 203 1701 1774 1777; baseline 0.006 -21"><span class='ocrx_word' id='word_1_128' title='bbox 203 1701 411 1757; x_wconf 84' lang='grc' dir='ltr'>δούλων</span> <span class='ocrx_word' id='word_1_129' title='bbox 432 1705 525 1757; x_wconf 77' lang='grc' dir='ltr'>καὶ</span> <span class='ocrx_word' id='word_1_130' title='bbox 556 1705 822 1758; x_wconf 87' lang='grc' dir='ltr'>δουλίδων.</span> <span class='ocrx_word' id='word_1_131' title='bbox 858 1706 924 1760; x_wconf 75' lang='grc' dir='ltr'><strong>Οἵ</strong></span> <span class='ocrx_word' id='word_1_132' title='bbox 958 1723 1017 1759; x_wconf 90' lang='grc' dir='ltr'><strong>τε</strong></span> <span class='ocrx_word' id='word_1_133' title='bbox 1058 1709 1165 1777; x_wconf 74' lang='grc' dir='ltr'><strong>γὰρ</strong></span> <span class='ocrx_word' id='word_1_134' title='bbox 1224 1708 1400 1762; x_wconf 82' lang='grc' dir='ltr'>δοῦλοι</span> <span class='ocrx_word' id='word_1_135' title='bbox 1431 1711 1525 1763; x_wconf 72' lang='grc' dir='ltr'>καὶ</span> <span class='ocrx_word' id='word_1_136' title='bbox 1556 1714 1615 1763; x_wconf 81' lang='grc' dir='ltr'>αἱ</span> <span class='ocrx_word' id='word_1_137' title='bbox 1652 1712 1774 1765; x_wconf 87' lang='grc' dir='ltr'>δου-</span> 
     </span>
    </p>
   </div>
   <div class='ocr_carea' id='block_1_19' title="bbox 206 1790 1773 1872">
    <p class='ocr_par' dir='ltr' id='par_1_19' title="bbox 206 1790 1773 1872">
     <span class='ocr_line' id='line_1_19' title="bbox 206 1790 1773 1872; baseline 0.006 -26"><span class='ocrx_word' id='word_1_138' title='bbox 206 1790 350 1857; x_wconf 72' lang='grc' dir='ltr'>λίϐες</span> <span class='ocrx_word' id='word_1_139' title='bbox 378 1797 474 1848; x_wconf 76' lang='grc' dir='ltr'>καὶ</span> <span class='ocrx_word' id='word_1_140' title='bbox 504 1798 654 1867; x_wconf 85' lang='grc' dir='ltr'>παρὰ</span> <span class='ocrx_word' id='word_1_141' title='bbox 682 1797 788 1850; x_wconf 81' lang='grc' dir='ltr'><strong>τῶν</strong></span> <span class='ocrx_word' id='word_1_142' title='bbox 845 1798 1003 1850; x_wconf 77' lang='grc' dir='ltr'>θείων</span> <span class='ocrx_word' id='word_1_143' title='bbox 1043 1799 1465 1872; x_wconf 77' lang='grc' dir='ltr'>ὲκανονίσθησαν</span> <span class='ocrx_word' id='word_1_144' title='bbox 1511 1804 1773 1867; x_wconf 81' lang='grc' dir='ltr'>κανόνων,</span> 
     </span>
    </p>
   </div>
   <div class='ocr_carea' id='block_1_20' title="bbox 1872 610 3433 671">
    <p class='ocr_par' dir='ltr' id='par_1_20' title="bbox 1872 610 3433 671">
     <span class='ocr_line' id='line_1_20' title="bbox 1872 610 3433 671; baseline -0.001 -2"><span class='ocrx_word' id='word_1_145' title='bbox 1872 615 2067 671; x_wconf 90' lang='lat' dir='ltr'><strong>tutinis</strong></span> <span class='ocrx_word' id='word_1_146' title='bbox 2132 614 2331 671; x_wconf 77' lang='lat' dir='ltr'><strong>Oliiciis</strong></span> <span class='ocrx_word' id='word_1_147' title='bbox 2359 625 2413 670; x_wconf 93' lang='lat' dir='ltr'><strong>et</strong></span> <span class='ocrx_word' id='word_1_148' title='bbox 2438 616 2563 670; x_wconf 86' lang='lat' dir='ltr'><strong>aliis</strong></span> <span class='ocrx_word' id='word_1_149' title='bbox 2595 616 2825 670; x_wconf 78' lang='lat' dir='ltr'><strong>liberum</strong></span> <span class='ocrx_word' id='word_1_150' title='bbox 2889 610 3112 669; x_wconf 88' lang='lat' dir='ltr'><strong>omnino</strong></span> <span class='ocrx_word' id='word_1_151' title='bbox 3164 614 3267 669; x_wconf 91' lang='lat' dir='ltr'><strong>erit</strong></span> <span class='ocrx_word' id='word_1_152' title='bbox 3328 616 3433 669; x_wconf 84' lang='lat' dir='ltr'><strong>illis</strong></span> 
     </span>
    </p>
   </div>
   <div class='ocr_carea' id='block_1_21' title="bbox 1870 705 3435 778">
    <p class='ocr_par' dir='ltr' id='par_1_21' title="bbox 1870 705 3435 778">
     <span class='ocr_line' id='line_1_21' title="bbox 1870 705 3435 778; baseline -0.001 -15"><span class='ocrx_word' id='word_1_153' title='bbox 1870 717 2016 763; x_wconf 88' lang='lat' dir='ltr'><strong>stare</strong></span> <span class='ocrx_word' id='word_1_154' title='bbox 2036 708 2089 761; x_wconf 91' lang='lat' dir='ltr'><strong>in</strong></span> <span class='ocrx_word' id='word_1_155' title='bbox 2120 707 2320 778; x_wconf 88' lang='lat' dir='ltr'><strong>templo</strong></span> <span class='ocrx_word' id='word_1_156' title='bbox 2372 707 2463 761; x_wconf 90' lang='lat' dir='ltr'><strong>ubi</strong></span> <span class='ocrx_word' id='word_1_157' title='bbox 2490 707 2783 761; x_wconf 89' lang='lat' dir='ltr'><strong>voluerint.</strong></span> <span class='ocrx_word' id='word_1_158' title='bbox 2846 707 2978 761; x_wconf 86' lang='lat' dir='ltr'><strong>Cum</strong></span> <span class='ocrx_word' id='word_1_159' title='bbox 3005 720 3133 758; x_wconf 85' lang='lat' dir='ltr'><strong>vero</strong></span> <span class='ocrx_word' id='word_1_160' title='bbox 3169 705 3435 774; x_wconf 75' lang='lat' dir='ltr'><strong>pmnitens</strong></span> 
     </span>
    </p>
   </div>
   <div class='ocr_carea' id='block_1_22' title="bbox 1871 795 3439 869">
    <p class='ocr_par' dir='ltr' id='par_1_22' title="bbox 1871 795 3439 869">
     <span class='ocr_line' id='line_1_22' title="bbox 1871 795 3439 869; baseline -0.001 -18"><span class='ocrx_word' id='word_1_161' title='bbox 1871 799 2121 864; x_wconf 89' lang='lat' dir='ltr'><strong>voluerit,</strong></span> <span class='ocrx_word' id='word_1_162' title='bbox 2159 799 2236 853; x_wconf 62' lang='lat' dir='ltr'><strong>im</strong></span> <span class='ocrx_word' id='word_1_163' title='bbox 2257 798 2547 853; x_wconf 81' lang='lat' dir='ltr'><strong>Nativitate</strong></span> <span class='ocrx_word' id='word_1_164' title='bbox 2581 797 2807 862; x_wconf 78' lang='lat' dir='ltr'><strong>Christi,</strong></span> <span class='ocrx_word' id='word_1_165' title='bbox 2848 805 2905 851; x_wconf 88' lang='lat' dir='ltr'><strong>et</strong></span> <span class='ocrx_word' id='word_1_166' title='bbox 2940 796 2994 850; x_wconf 93' lang='lat' dir='ltr'><strong>in</strong></span> <span class='ocrx_word' id='word_1_167' title='bbox 3027 795 3350 869; x_wconf 86' lang='lat' dir='ltr'><strong>Epiphania,</strong></span> <span class='ocrx_word' id='word_1_168' title='bbox 3384 804 3439 850; x_wconf 89' lang='lat' dir='ltr'><strong>et</strong></span> 
     </span>
    </p>
   </div>
   <div class='ocr_carea' id='block_1_23' title="bbox 1871 886 3440 957">
    <p class='ocr_par' dir='ltr' id='par_1_23' title="bbox 1871 886 3440 957">
     <span class='ocr_line' id='line_1_23' title="bbox 1871 886 3440 957; baseline -0.002 -14"><span class='ocrx_word' id='word_1_169' title='bbox 1871 891 2044 945; x_wconf 89' lang='lat' dir='ltr'><strong>tribus</strong></span> <span class='ocrx_word' id='word_1_170' title='bbox 2065 889 2345 945; x_wconf 81' lang='lat' dir='ltr'><strong>Paschalis</strong></span> <span class='ocrx_word' id='word_1_171' title='bbox 2377 890 2589 951; x_wconf 89' lang='lat' dir='ltr'><strong>diebus,</strong></span> <span class='ocrx_word' id='word_1_172' title='bbox 2619 888 2865 943; x_wconf 90' lang='lat' dir='ltr'><strong>videlicet</strong></span> <span class='ocrx_word' id='word_1_173' title='bbox 2894 902 3083 957; x_wconf 82' lang='lat' dir='ltr'><strong>magna</strong></span> <span class='ocrx_word' id='word_1_174' title='bbox 3117 886 3249 940; x_wconf 81' lang='lat' dir='ltr'><strong>feria</strong></span> <span class='ocrx_word' id='word_1_175' title='bbox 3279 887 3440 955; x_wconf 87' lang='lat' dir='ltr'><strong>quin-</strong></span> 
     </span>
    </p>
   </div>
   <div class='ocr_carea' id='block_1_24' title="bbox 1871 968 3438 1053">
    <p class='ocr_par' dir='ltr' id='par_1_24' title="bbox 1871 968 3438 1053">
     <span class='ocr_line' id='line_1_24' title="bbox 1871 968 3438 1053; baseline -0.003 -15"><span class='ocrx_word' id='word_1_176' title='bbox 1871 994 1946 1046; x_wconf 79' lang='lat' dir='ltr'><strong>ta,</strong></span> <span class='ocrx_word' id='word_1_177' title='bbox 1997 992 2052 1038; x_wconf 86' lang='lat' dir='ltr'><strong>et</strong></span> <span class='ocrx_word' id='word_1_178' title='bbox 2076 999 2268 1053; x_wconf 79' lang='lat' dir='ltr'><strong>magno</strong></span> <span class='ocrx_word' id='word_1_179' title='bbox 2298 968 2550 1048; x_wconf 80' lang='lat' dir='ltr'><strong>Sabbato,</strong></span> <span class='ocrx_word' id='word_1_180' title='bbox 2583 992 2636 1037; x_wconf 91' lang='lat' dir='ltr'><strong>et</strong></span> <span class='ocrx_word' id='word_1_181' title='bbox 2671 997 2864 1051; x_wconf 81' lang='lat' dir='ltr'><strong>magna</strong></span> <span class='ocrx_word' id='word_1_182' title='bbox 2903 980 3200 1044; x_wconf 85' lang='lat' dir='ltr'><strong>Dominica,</strong></span> <span class='ocrx_word' id='word_1_183' title='bbox 3232 988 3438 1034; x_wconf 87' lang='lat' dir='ltr'><strong>etcum</strong></span> 
     </span>
    </p>
   </div>
   <div class='ocr_carea' id='block_1_25' title="bbox 1871 1070 3439 1144">
    <p class='ocr_par' dir='ltr' id='par_1_25' title="bbox 1871 1070 3439 1144">
     <span class='ocr_line' id='line_1_25' title="bbox 1871 1070 3439 1144; baseline -0.003 -15"><span class='ocrx_word' id='word_1_184' title='bbox 1871 1084 2179 1130; x_wconf 89' lang='lat' dir='ltr'><strong>sanctorum</strong></span> <span class='ocrx_word' id='word_1_185' title='bbox 2208 1074 2571 1144; x_wconf 72' lang='lat' dir='ltr'><strong>apostolorum</strong></span> <span class='ocrx_word' id='word_1_186' title='bbox 2592 1074 2849 1129; x_wconf 83' lang='lat' dir='ltr'><strong>memoria</strong></span> <span class='ocrx_word' id='word_1_187' title='bbox 2883 1072 3206 1136; x_wconf 78' lang='lat' dir='ltr'><strong>celebratur,</strong></span> <span class='ocrx_word' id='word_1_188' title='bbox 3234 1070 3439 1140; x_wconf 86' lang='lat' dir='ltr'><strong>aliquid</strong></span> 
     </span>
    </p>
   </div>
   <div class='ocr_carea' id='block_1_26' title="bbox 1871 1161 3438 1236">
    <p class='ocr_par' dir='ltr' id='par_1_26' title="bbox 1871 1161 3438 1236">
     <span class='ocr_line' id='line_1_26' title="bbox 1871 1161 3438 1236; baseline -0.004 -14"><span class='ocrx_word' id='word_1_189' title='bbox 1871 1166 2271 1222; x_wconf 90' lang='lat' dir='ltr'><strong>communionis</strong></span> <span class='ocrx_word' id='word_1_190' title='bbox 2303 1166 2625 1236; x_wconf 83' lang='lat' dir='ltr'><strong>participare</strong></span> <span class='ocrx_word' id='word_1_191' title='bbox 2678 1171 2877 1235; x_wconf 88' lang='lat' dir='ltr'><strong>potest,</strong></span> <span class='ocrx_word' id='word_1_192' title='bbox 2920 1163 3233 1234; x_wconf 72' lang='lat' dir='ltr'><strong>Epiphania:</strong></span> <span class='ocrx_word' id='word_1_193' title='bbox 3292 1161 3438 1217; x_wconf 83' lang='lat' dir='ltr'><strong>scili-</strong></span> 
     </span>
    </p>
   </div>
   <div class='ocr_carea' id='block_1_27' title="bbox 1873 1252 3439 1325">
    <p class='ocr_par' dir='ltr' id='par_1_27' title="bbox 1873 1252 3439 1325">
     <span class='ocr_line' id='line_1_27' title="bbox 1873 1252 3439 1325; baseline -0.003 -14"><span class='ocrx_word' id='word_1_194' title='bbox 1873 1258 1998 1312; x_wconf 88' lang='lat' dir='ltr'><strong>licet</strong></span> <span class='ocrx_word' id='word_1_195' title='bbox 2029 1258 2536 1321; x_wconf 83' lang='lat' dir='ltr'><strong>sanctiﬁcationem,</strong></span> <span class='ocrx_word' id='word_1_196' title='bbox 2558 1265 2612 1311; x_wconf 87' lang='lat' dir='ltr'><strong>et</strong></span> <span class='ocrx_word' id='word_1_197' title='bbox 2633 1256 2715 1311; x_wconf 87' lang='lat' dir='ltr'><strong>sic</strong></span> <span class='ocrx_word' id='word_1_198' title='bbox 2769 1255 3143 1325; x_wconf 64' lang='lat' dir='ltr'><strong>paenitentiam</strong></span> <span class='ocrx_word' id='word_1_199' title='bbox 3176 1253 3284 1308; x_wconf 89' lang='lat' dir='ltr'><strong>illis</strong></span> <span class='ocrx_word' id='word_1_200' title='bbox 3320 1252 3439 1307; x_wconf 86' lang='lat' dir='ltr'><strong>die-</strong></span> 
     </span>
    </p>
   </div>
   <div class='ocr_carea' id='block_1_28' title="bbox 1874 1348 3436 1417">
    <p class='ocr_par' dir='ltr' id='par_1_28' title="bbox 1874 1348 3436 1417">
     <span class='ocr_line' id='line_1_28' title="bbox 1874 1348 3436 1417; baseline -0.003 -14"><span class='ocrx_word' id='word_1_201' title='bbox 1874 1350 1976 1404; x_wconf 90' lang='lat' dir='ltr'><strong>bus</strong></span> <span class='ocrx_word' id='word_1_202' title='bbox 2020 1349 2273 1410; x_wconf 82' lang='lat' dir='ltr'><strong>relaxari,</strong></span> <span class='ocrx_word' id='word_1_203' title='bbox 2340 1348 2625 1404; x_wconf 86' lang='lat' dir='ltr'><strong>monachis</strong></span> <span class='ocrx_word' id='word_1_204' title='bbox 2668 1348 2886 1417; x_wconf 86' lang='lat' dir='ltr'><strong>quidem</strong></span> <span class='ocrx_word' id='word_1_205' title='bbox 2949 1361 3165 1402; x_wconf 83' lang='lat' dir='ltr'><strong>caseum</strong></span> <span class='ocrx_word' id='word_1_206' title='bbox 3220 1354 3273 1401; x_wconf 90' lang='lat' dir='ltr'><strong>et</strong></span> <span class='ocrx_word' id='word_1_207' title='bbox 3316 1359 3436 1408; x_wconf 90' lang='lat' dir='ltr'><strong>ova,</strong></span> 
     </span>
    </p>
   </div>
   <div class='ocr_carea' id='block_1_29' title="bbox 1824 1437 3441 1508">
    <p class='ocr_par' dir='ltr' id='par_1_29' title="bbox 1824 1437 3441 1508">
     <span class='ocr_line' id='line_1_29' title="bbox 1824 1437 3441 1508; baseline -0.004 -13"><span class='ocrx_word' id='word_1_208' title='bbox 1824 1468 1831 1477; x_wconf 93' lang='lat'><strong><em>-</em></strong></span> <span class='ocrx_word' id='word_1_209' title='bbox 1873 1442 1993 1496; x_wconf 89' lang='lat' dir='ltr'><strong>aliis</strong></span> <span class='ocrx_word' id='word_1_210' title='bbox 2019 1456 2149 1496; x_wconf 89' lang='lat' dir='ltr'><strong>vero</strong></span> <span class='ocrx_word' id='word_1_211' title='bbox 2199 1440 2370 1496; x_wconf 91' lang='lat' dir='ltr'><strong>etiam</strong></span> <span class='ocrx_word' id='word_1_212' title='bbox 2408 1455 2649 1495; x_wconf 88' lang='lat' dir='ltr'><strong>carnem.</strong></span> <span class='ocrx_word' id='word_1_213' title='bbox 2674 1439 2806 1494; x_wconf 86' lang='lat' dir='ltr'><strong>Tres</strong></span> <span class='ocrx_word' id='word_1_214' title='bbox 2840 1446 3161 1493; x_wconf 87' lang='lat' dir='ltr'><strong>autemsunt</strong></span> <span class='ocrx_word' id='word_1_215' title='bbox 3186 1437 3325 1508; x_wconf 88' lang='lat' dir='ltr'><strong>apud</strong></span> <span class='ocrx_word' id='word_1_216' title='bbox 3354 1450 3441 1490; x_wconf 88' lang='lat' dir='ltr'><strong>me</strong></span> 
     </span>
    </p>
   </div>
   <div class='ocr_carea' id='block_1_30' title="bbox 1877 1531 3440 1600">
    <p class='ocr_par' dir='ltr' id='par_1_30' title="bbox 1877 1531 3440 1600">
     <span class='ocr_line' id='line_1_30' title="bbox 1877 1531 3440 1600; baseline -0.003 -14"><span class='ocrx_word' id='word_1_217' title='bbox 1877 1532 2043 1600; x_wconf 88' lang='lat' dir='ltr'><strong>hujus</strong></span> <span class='ocrx_word' id='word_1_218' title='bbox 2079 1534 2155 1588; x_wconf 90' lang='lat' dir='ltr'><strong>rei</strong></span> <span class='ocrx_word' id='word_1_219' title='bbox 2186 1531 2521 1587; x_wconf 65' lang='lat' dir='ltr'><strong>diﬂ‘erentize.</strong></span> <span class='ocrx_word' id='word_1_220' title='bbox 2552 1532 2683 1598; x_wconf 71' lang='lat' dir='ltr'><strong>Qua:</strong></span> <span class='ocrx_word' id='word_1_221' title='bbox 2705 1532 2881 1587; x_wconf 87' lang='lat' dir='ltr'><strong>cibum</strong></span> <span class='ocrx_word' id='word_1_222' title='bbox 2902 1541 2956 1584; x_wconf 89' lang='lat' dir='ltr'><strong>et</strong></span> <span class='ocrx_word' id='word_1_223' title='bbox 2984 1539 3170 1599; x_wconf 90' lang='lat' dir='ltr'><strong>potum</strong></span> <span class='ocrx_word' id='word_1_224' title='bbox 3196 1538 3440 1598; x_wconf 83' lang='lat' dir='ltr'><strong>spectant</strong></span> 
     </span>
    </p>
   </div>
   <div class='ocr_carea' id='block_1_31' title="bbox 1874 1619 3438 1695">
    <p class='ocr_par' dir='ltr' id='par_1_31' title="bbox 1874 1619 3438 1695">
     <span class='ocr_line' id='line_1_31' title="bbox 1874 1619 3438 1695; baseline -0.003 -17"><span class='ocrx_word' id='word_1_225' title='bbox 1874 1626 2129 1679; x_wconf 88' lang='lat' dir='ltr'><strong>omnibus</strong></span> <span class='ocrx_word' id='word_1_226' title='bbox 2166 1623 2406 1695; x_wconf 82' lang='lat' dir='ltr'><strong>impono.</strong></span> <span class='ocrx_word' id='word_1_227' title='bbox 2466 1625 2666 1678; x_wconf 82' lang='lat' dir='ltr'><strong>Eadem</strong></span> <span class='ocrx_word' id='word_1_228' title='bbox 2713 1632 2891 1677; x_wconf 86' lang='lat' dir='ltr'><strong>autem</strong></span> <span class='ocrx_word' id='word_1_229' title='bbox 2954 1619 3335 1684; x_wconf 78' lang='lat' dir='ltr'><strong>indiﬂerentia,</strong></span> <span class='ocrx_word' id='word_1_230' title='bbox 3382 1630 3438 1673; x_wconf 85' lang='lat' dir='ltr'><strong>et</strong></span> 
     </span>
    </p>
   </div>
   <div class='ocr_carea' id='block_1_32' title="bbox 1876 1712 3438 1786">
    <p class='ocr_par' dir='ltr' id='par_1_32' title="bbox 1876 1712 3438 1786">
     <span class='ocr_line' id='line_1_32' title="bbox 1876 1712 3438 1786; baseline -0.004 -14"><span class='ocrx_word' id='word_1_231' title='bbox 1876 1719 2228 1786; x_wconf 88' lang='lat' dir='ltr'><strong>comparatio,</strong></span> <span class='ocrx_word' id='word_1_232' title='bbox 2278 1727 2335 1773; x_wconf 92' lang='lat' dir='ltr'><strong>et</strong></span> <span class='ocrx_word' id='word_1_233' title='bbox 2381 1716 2659 1781; x_wconf 84' lang='lat' dir='ltr'><strong>discretio,</strong></span> <span class='ocrx_word' id='word_1_234' title='bbox 2713 1725 2767 1771; x_wconf 89' lang='lat' dir='ltr'><strong>et</strong></span> <span class='ocrx_word' id='word_1_235' title='bbox 2791 1714 3050 1785; x_wconf 86' lang='lat' dir='ltr'><strong>judicium</strong></span> <span class='ocrx_word' id='word_1_236' title='bbox 3108 1714 3159 1767; x_wconf 91' lang='lat' dir='ltr'><strong>in</strong></span> <span class='ocrx_word' id='word_1_237' title='bbox 3193 1712 3438 1766; x_wconf 87' lang='lat' dir='ltr'><strong>mulieri-</strong></span> 
     </span>
    </p>
   </div>
   <div class='ocr_carea' id='block_1_33' title="bbox 1881 1804 3440 1871">
    <p class='ocr_par' dir='ltr' id='par_1_33' title="bbox 1881 1804 3440 1871">
     <span class='ocr_line' id='line_1_33' title="bbox 1881 1804 3440 1871; baseline -0.001 -11"><span class='ocrx_word' id='word_1_238' title='bbox 1881 1808 1979 1863; x_wconf 85' lang='lat' dir='ltr'><strong>bus</strong></span> <span class='ocrx_word' id='word_1_239' title='bbox 2007 1819 2060 1862; x_wconf 71' lang='grc' dir='ltr'><strong>οι</strong></span> <span class='ocrx_word' id='word_1_240' title='bbox 2110 1807 2242 1863; x_wconf 88' lang='lat' dir='ltr'><strong>viris</strong></span> <span class='ocrx_word' id='word_1_241' title='bbox 2297 1824 2418 1863; x_wconf 88' lang='lat' dir='ltr'><strong>esse</strong></span> <span class='ocrx_word' id='word_1_242' title='bbox 2447 1808 2625 1869; x_wconf 85' lang='lat' dir='ltr'><strong>debet,</strong></span> <span class='ocrx_word' id='word_1_243' title='bbox 2660 1808 2772 1861; x_wconf 86' lang='lat' dir='ltr'><strong>sive</strong></span> <span class='ocrx_word' id='word_1_244' title='bbox 2801 1808 3108 1871; x_wconf 67' lang='lat' dir='ltr'><strong>saeculares,</strong></span> <span class='ocrx_word' id='word_1_245' title='bbox 3154 1804 3269 1859; x_wconf 83' lang='lat' dir='ltr'><strong>sive</strong></span> <span class='ocrx_word' id='word_1_246' title='bbox 3321 1819 3440 1859; x_wconf 87' lang='lat' dir='ltr'><strong>mo-</strong></span> 
     </span>
    </p>
   </div>
   <div class='ocr_carea' id='block_1_34' title="bbox 203 1884 1771 1968">
    <p class='ocr_par' dir='ltr' id='par_1_34' title="bbox 203 1884 1771 1961">
     <span class='ocr_line' id='line_1_34' title="bbox 203 1884 1771 1961; baseline 0.006 -25"><span class='ocrx_word' id='word_1_247' title='bbox 203 1884 265 1936; x_wconf 87' lang='grc' dir='ltr'><strong>τὸ</strong></span> <span class='ocrx_word' id='word_1_248' title='bbox 290 1884 465 1953; x_wconf 70' lang='grc' dir='ltr'>ἥμισυ</span> <span class='ocrx_word' id='word_1_249' title='bbox 496 1885 552 1938; x_wconf 89' lang='grc' dir='ltr'>δὲ</span> <span class='ocrx_word' id='word_1_250' title='bbox 589 1886 747 1956; x_wconf 90' lang='grc' dir='ltr'>μόνον</span> <span class='ocrx_word' id='word_1_251' title='bbox 780 1888 880 1957; x_wconf 79' lang='grc' dir='ltr'>τῆς</span> <span class='ocrx_word' id='word_1_252' title='bbox 913 1888 1283 1958; x_wconf 78' lang='grc' dir='ltr'><strong>ἐπιτιμήσεως</strong></span> <span class='ocrx_word' id='word_1_253' title='bbox 1331 1889 1656 1961; x_wconf 81' lang='grc' dir='ltr'>λαμϐάνειν,’</span> <span class='ocrx_word' id='word_1_254' title='bbox 1687 1894 1771 1946; x_wconf 83' lang='grc' dir='ltr'>διὰ</span> 
     </span>
    </p>
   </div>
   <div class='ocr_carea' id='block_1_35' title="bbox 1870 1884 3437 1968">
    <p class='ocr_par' dir='ltr' id='par_1_35' title="bbox 1879 1895 3437 1968">
     <span class='ocr_line' id='line_1_35' title="bbox 1879 1895 3437 1968; baseline -0.002 -17"><span class='ocrx_word' id='word_1_255' title='bbox 1879 1899 2058 1962; x_wconf 86' lang='lat' dir='ltr'><strong>nachi,</strong></span> <span class='ocrx_word' id='word_1_256' title='bbox 2092 1900 2185 1952; x_wconf 89' lang='lat' dir='ltr'><strong>sed</strong></span> <span class='ocrx_word' id='word_1_257' title='bbox 2236 1899 2539 1968; x_wconf 74' lang='lat' dir='ltr'><strong>excipiendi</strong></span> <span class='ocrx_word' id='word_1_258' title='bbox 2570 1906 2698 1953; x_wconf 84' lang='lat' dir='ltr'><strong>sunt</strong></span> <span class='ocrx_word' id='word_1_259' title='bbox 2747 1898 2887 1952; x_wconf 88' lang='lat' dir='ltr'><strong>servi</strong></span> <span class='ocrx_word' id='word_1_260' title='bbox 2936 1907 2990 1952; x_wconf 90' lang='lat' dir='ltr'><strong>et</strong></span> <span class='ocrx_word' id='word_1_261' title='bbox 3027 1896 3249 1951; x_wconf 63' lang='lat' dir='ltr'><strong>ancilla}.</strong></span> <span class='ocrx_word' id='word_1_262' title='bbox 3286 1895 3437 1949; x_wconf 73' lang='lat' dir='ltr'><strong>Servi</strong></span> 
     </span>
    </p>
   </div>
   <div class='ocr_carea' id='block_1_36' title="bbox 205 1972 1342 2052">
    <p class='ocr_par' dir='ltr' id='par_1_36' title="bbox 205 1972 1342 2052">
     <span class='ocr_line' id='line_1_36' title="bbox 205 1972 1342 2052; baseline 0.006 -26"><span class='ocrx_word' id='word_1_263' title='bbox 205 1974 265 2027; x_wconf 89' lang='grc' dir='ltr'><strong>τὸ</strong></span> <span class='ocrx_word' id='word_1_264' title='bbox 292 1974 369 2045; x_wconf 76' lang='grc' dir='ltr'>μὴ</span> <span class='ocrx_word' id='word_1_265' title='bbox 392 1972 532 2030; x_wconf 79' lang='grc' dir='ltr'>εἷναι</span> <span class='ocrx_word' id='word_1_266' title='bbox 552 1978 754 2042; x_wconf 82' lang='grc' dir='ltr'>αὐτοὺς</span> <span class='ocrx_word' id='word_1_267' title='bbox 781 1981 839 2032; x_wconf 81' lang='grc' dir='ltr'><strong>έν</strong></span> <span class='ocrx_word' id='word_1_268' title='bbox 862 1983 929 2049; x_wconf 84' lang='grc' dir='ltr'><strong>τῇ</strong></span> <span class='ocrx_word' id='word_1_269' title='bbox 965 1979 1072 2051; x_wconf 81' lang='grc' dir='ltr'>ἰδίᾳ</span> <span class='ocrx_word' id='word_1_270' title='bbox 1104 1980 1342 2052; x_wconf 72' lang='grc' dir='ltr'>ἐξουσίᾳ.</span> 
     </span>
    </p>
   </div>
   <div class='ocr_carea' id='block_1_37' title="bbox 1874 1990 3439 2046">
    <p class='ocr_par' dir='ltr' id='par_1_37' title="bbox 1874 1990 3439 2046">
     <span class='ocr_line' id='line_1_37' title="bbox 1874 1990 3439 2046; baseline -0.002 -3"><span class='ocrx_word' id='word_1_271' title='bbox 1874 2001 2051 2045; x_wconf 90' lang='lat' dir='ltr'><strong>autem</strong></span> <span class='ocrx_word' id='word_1_272' title='bbox 2109 2001 2165 2046; x_wconf 87' lang='lat' dir='ltr'><strong>et</strong></span> <span class='ocrx_word' id='word_1_273' title='bbox 2212 1992 2419 2046; x_wconf 70' lang='lat' dir='ltr'><strong>ancilla:</strong></span> <span class='ocrx_word' id='word_1_274' title='bbox 2476 1992 2770 2045; x_wconf 88' lang='lat' dir='ltr'><strong>secundum</strong></span> <span class='ocrx_word' id='word_1_275' title='bbox 2822 1990 3128 2043; x_wconf 90' lang='lat' dir='ltr'><strong>divinorum</strong></span> <span class='ocrx_word' id='word_1_276' title='bbox 3167 2001 3439 2043; x_wconf 89' lang='lat' dir='ltr'><strong>canonum</strong></span> 
     </span>
    </p>
   </div>
   <div class='ocr_carea' id='block_1_38' title="bbox 122 2067 3441 2163">
    <p class='ocr_par' dir='ltr' id='par_1_38' title="bbox 122 2067 3441 2163">
     <span class='ocr_line' id='line_1_38' title="bbox 122 2067 3441 2163; baseline 0.003 -37"><span class='ocrx_word' id='word_1_277' title='bbox 122 2098 143 2117; x_wconf 73' lang='grc' dir='ltr'><strong>τ</strong></span> <span class='ocrx_word' id='word_1_278' title='bbox 203 2067 425 2123; x_wconf 78' lang='lat' dir='ltr'><strong>decreta</strong></span> <span class='ocrx_word' id='word_1_279' title='bbox 502 2068 733 2124; x_wconf 87' lang='lat' dir='ltr'><strong>mediam</strong></span> <span class='ocrx_word' id='word_1_280' title='bbox 788 2079 994 2124; x_wconf 89' lang='lat' dir='ltr'><strong>tantmn</strong></span> <span class='ocrx_word' id='word_1_281' title='bbox 1054 2073 1493 2139; x_wconf 78' lang='lat' dir='ltr'><strong>pcenitentiarum</strong></span> <span class='ocrx_word' id='word_1_282' title='bbox 1548 2084 1753 2143; x_wconf 90' lang='lat' dir='ltr'><strong>partem</strong></span> <span class='ocrx_word' id='word_1_283' title='bbox 1789 2095 1911 2150; x_wconf 75' lang='lat' dir='ltr'><strong>qua:</strong></span> <span class='ocrx_word' id='word_1_284' title='bbox 1988 2083 2219 2163; x_wconf 89' lang='lat' dir='ltr'><strong>dominis</strong></span> <span class='ocrx_word' id='word_1_285' title='bbox 2259 2083 2459 2151; x_wconf 81' lang='lat' dir='ltr'><strong>imponi</strong></span> <span class='ocrx_word' id='word_1_286' title='bbox 2533 2083 2689 2145; x_wconf 85' lang='lat' dir='ltr'><strong>solet,</strong></span> <span class='ocrx_word' id='word_1_287' title='bbox 2727 2081 3002 2150; x_wconf 85' lang='lat' dir='ltr'><strong>suscipere</strong></span> <span class='ocrx_word' id='word_1_288' title='bbox 3075 2090 3441 2147; x_wconf 87' lang='lat' dir='ltr'><strong>tenentur,eo</strong></span> 
     </span>
    </p>
   </div>
   <div class='ocr_carea' id='block_1_39' title="bbox 203 2160 1187 2232">
    <p class='ocr_par' dir='ltr' id='par_1_39' title="bbox 203 2160 1187 2232">
     <span class='ocr_line' id='line_1_39' title="bbox 203 2160 1187 2232; baseline 0.004 -19"><span class='ocrx_word' id='word_1_289' title='bbox 203 2160 352 2230; x_wconf 88' lang='lat' dir='ltr'><strong>quod</strong></span> <span class='ocrx_word' id='word_1_290' title='bbox 386 2161 441 2214; x_wconf 92' lang='lat' dir='ltr'><strong>in</strong></span> <span class='ocrx_word' id='word_1_291' title='bbox 481 2174 580 2216; x_wconf 89' lang='lat' dir='ltr'><strong>sua</strong></span> <span class='ocrx_word' id='word_1_292' title='bbox 627 2176 734 2215; x_wconf 90' lang='lat' dir='ltr'><strong>non</strong></span> <span class='ocrx_word' id='word_1_293' title='bbox 766 2162 876 2216; x_wconf 91' lang='lat' dir='ltr'><strong>sint</strong></span> <span class='ocrx_word' id='word_1_294' title='bbox 903 2172 1187 2232; x_wconf 87' lang='lat' dir='ltr'><strong>potestate.</strong></span> 
     </span>
    </p>
   </div>
   <div class='ocr_carea' id='block_1_40' title="bbox 273 2270 1765 2351">
    <p class='ocr_par' dir='ltr' id='par_1_40' title="bbox 273 2270 1765 2351">
     <span class='ocr_line' id='line_1_40' title="bbox 273 2270 1765 2351; baseline 0.003 -23"><span class='ocrx_word' id='word_1_295' title='bbox 273 2271 448 2337; x_wconf 75' lang='grc' dir='ltr'>οὗτος</span> <span class='ocrx_word' id='word_1_296' title='bbox 468 2270 559 2327; x_wconf 79' lang='grc' dir='ltr'>οὖν</span> <span class='ocrx_word' id='word_1_297' title='bbox 582 2275 611 2325; x_wconf 88' lang='grc' dir='ltr'>ὁ</span> <span class='ocrx_word' id='word_1_298' title='bbox 635 2274 850 2351; x_wconf 82' lang='grc' dir='ltr'>πρῶτος</span> <span class='ocrx_word' id='word_1_299' title='bbox 874 2276 973 2343; x_wconf 85' lang='grc' dir='ltr'>τῆς</span> <span class='ocrx_word' id='word_1_300' title='bbox 1006 2276 1376 2347; x_wconf 72' lang='grc' dir='ltr'><strong>ἐπιτιμήσεως</strong></span> <span class='ocrx_word' id='word_1_301' title='bbox 1396 2278 1505 2329; x_wconf 81' lang='grc' dir='ltr'>τῶν</span> <span class='ocrx_word' id='word_1_302' title='bbox 1529 2279 1765 2345; x_wconf 88' lang='grc' dir='ltr'>πάντων,</span> 
     </span>
    </p>
   </div>
   <div class='ocr_carea' id='block_1_41' title="bbox 201 2352 1768 2438">
    <p class='ocr_par' dir='ltr' id='par_1_41' title="bbox 201 2352 1768 2438">
     <span class='ocr_line' id='line_1_41' title="bbox 201 2352 1768 2438; baseline 0.001 -19"><span class='ocrx_word' id='word_1_303' title='bbox 201 2367 375 2438; x_wconf 72' lang='grc' dir='ltr'>χωρὶς</span> <span class='ocrx_word' id='word_1_304' title='bbox 398 2365 601 2419; x_wconf 86' lang='grc' dir='ltr'>δούλων</span> <span class='ocrx_word' id='word_1_305' title='bbox 625 2352 719 2418; x_wconf 73' lang='grc' dir='ltr'>καὶ</span> <span class='ocrx_word' id='word_1_306' title='bbox 743 2366 1022 2428; x_wconf 85' lang='grc' dir='ltr'>δουλίδων,</span> <span class='ocrx_word' id='word_1_307' title='bbox 1064 2367 1194 2437; x_wconf 87' lang='grc' dir='ltr'>παρ’</span> <span class='ocrx_word' id='word_1_308' title='bbox 1221 2367 1345 2435; x_wconf 71' lang='grc' dir='ltr'>ἐμοὶ</span> <span class='ocrx_word' id='word_1_309' title='bbox 1376 2366 1652 2437; x_wconf 83' lang='grc' dir='ltr'>διδόμενος</span> <span class='ocrx_word' id='word_1_310' title='bbox 1688 2370 1768 2432; x_wconf 87' lang='grc' dir='ltr'><strong>είς</strong></span> 
     </span>
    </p>
   </div>
   <div class='ocr_carea' id='block_1_42' title="bbox 202 2456 1771 2526">
    <p class='ocr_par' dir='ltr' id='par_1_42' title="bbox 202 2456 1771 2526">
     <span class='ocr_line' id='line_1_42' title="bbox 202 2456 1771 2526; baseline 0.002 -17"><span class='ocrx_word' id='word_1_311' title='bbox 202 2459 414 2519; x_wconf 82' lang='grc' dir='ltr'>πάντας</span> <span class='ocrx_word' id='word_1_312' title='bbox 444 2456 553 2508; x_wconf 85' lang='grc' dir='ltr'><strong>τῶν</strong></span> <span class='ocrx_word' id='word_1_313' title='bbox 600 2457 891 2526; x_wconf 72' lang='grc' dir='ltr'>ἐπιτιμίων</span> <span class='ocrx_word' id='word_1_314' title='bbox 919 2458 1063 2525; x_wconf 83' lang='grc' dir='ltr'>ὅρος.</span> <span class='ocrx_word' id='word_1_315' title='bbox 1113 2457 1381 2526; x_wconf 88' lang='grc' dir='ltr'>Δευτέραν</span> <span class='ocrx_word' id='word_1_316' title='bbox 1428 2457 1527 2526; x_wconf 80' lang='grc' dir='ltr'>μὲν</span> <span class='ocrx_word' id='word_1_317' title='bbox 1563 2460 1656 2511; x_wconf 58' lang='grc' dir='ltr'><strong>καὶ⁸</strong></span> <span class='ocrx_word' id='word_1_318' title='bbox 1682 2476 1771 2511; x_wconf 86' lang='grc' dir='ltr'>τε·</span> 
     </span>
    </p>
   </div>
   <div class='ocr_carea' id='block_1_43' title="bbox 200 2547 1770 2621">
    <p class='ocr_par' dir='ltr' id='par_1_43' title="bbox 200 2547 1770 2621">
     <span class='ocr_line' id='line_1_43' title="bbox 200 2547 1770 2621; baseline 0 -18"><span class='ocrx_word' id='word_1_319' title='bbox 200 2547 753 2621; x_wconf 71' lang='grc' dir='ltr'>τραδοπαρασκευὴν,</span> <span class='ocrx_word' id='word_1_320' title='bbox 794 2548 995 2600; x_wconf 78' lang='grc' dir='ltr'>ἐσθίειν</span> <span class='ocrx_word' id='word_1_321' title='bbox 1034 2549 1212 2601; x_wconf 74' lang='grc' dir='ltr'>ἔλαιον</span> <span class='ocrx_word' id='word_1_322' title='bbox 1253 2550 1351 2602; x_wconf 63' lang='grc' dir='ltr'>καὶ</span> <span class='ocrx_word' id='word_1_323' title='bbox 1379 2549 1603 2621; x_wconf 76' lang='grc' dir='ltr'><strong>ὄσπριον</strong></span> <span class='ocrx_word' id='word_1_324' title='bbox 1631 2551 1770 2620; x_wconf 76' lang='grc' dir='ltr'>μετὰ</span> 
     </span>
    </p>
   </div>
   <div class='ocr_carea' id='block_1_44' title="bbox 202 2638 1771 2711">
    <p class='ocr_par' dir='ltr' id='par_1_44' title="bbox 202 2638 1771 2711">
     <span class='ocr_line' id='line_1_44' title="bbox 202 2638 1771 2711; baseline 0.002 -22"><span class='ocrx_word' id='word_1_325' title='bbox 202 2640 454 2709; x_wconf 78' lang='grc' dir='ltr'>λαχάνων</span> <span class='ocrx_word' id='word_1_326' title='bbox 481 2638 639 2709; x_wconf 91' lang='grc' dir='ltr'>μόνον</span> <span class='ocrx_word' id='word_1_327' title='bbox 660 2678 676 2702; x_wconf 88' lang='grc'><strong>,</strong></span> <span class='ocrx_word' id='word_1_328' title='bbox 706 2638 875 2709; x_wconf 80' lang='grc' dir='ltr'>τυροῦ</span> <span class='ocrx_word' id='word_1_329' title='bbox 901 2639 957 2692; x_wconf 79' lang='grc' dir='ltr'>δὲ</span> <span class='ocrx_word' id='word_1_330' title='bbox 996 2639 1091 2693; x_wconf 76' lang='grc' dir='ltr'>καὶ</span> <span class='ocrx_word' id='word_1_331' title='bbox 1138 2639 1246 2692; x_wconf 84' lang='grc' dir='ltr'>ὼοῦ</span> <span class='ocrx_word' id='word_1_332' title='bbox 1289 2638 1385 2693; x_wconf 74' lang='grc' dir='ltr'>καὶ</span> <span class='ocrx_word' id='word_1_333' title='bbox 1428 2641 1657 2711; x_wconf 86' lang='grc' dir='ltr'>κρέατος</span> <span class='ocrx_word' id='word_1_334' title='bbox 1676 2641 1771 2692; x_wconf 78' lang='grc' dir='ltr'>καὶ</span> 
     </span>
    </p>
   </div>
   <div class='ocr_carea' id='block_1_45' title="bbox 198 2730 1769 2801">
    <p class='ocr_par' dir='ltr' id='par_1_45' title="bbox 198 2730 1769 2801">
     <span class='ocr_line' id='line_1_45' title="bbox 198 2730 1769 2801; baseline 0 -18"><span class='ocrx_word' id='word_1_335' title='bbox 198 2731 435 2801; x_wconf 59' lang='grc' dir='ltr'>όιῖναρίου</span> <span class='ocrx_word' id='word_1_336' title='bbox 478 2730 815 2800; x_wconf 78' lang='grc' dir='ltr'>ἀπέχεσθαι·</span> <span class='ocrx_word' id='word_1_337' title='bbox 844 2732 1030 2801; x_wconf 82' lang='grc' dir='ltr'><strong>τρίτην</strong></span> <span class='ocrx_word' id='word_1_338' title='bbox 1072 2730 1130 2784; x_wconf 84' lang='grc' dir='ltr'>δὲ</span> <span class='ocrx_word' id='word_1_339' title='bbox 1168 2732 1263 2783; x_wconf 80' lang='grc' dir='ltr'>καὶ</span> <span class='ocrx_word' id='word_1_340' title='bbox 1310 2730 1567 2801; x_wconf 81' lang='grc' dir='ltr'>πέμπτην</span> <span class='ocrx_word' id='word_1_341' title='bbox 1593 2732 1769 2784; x_wconf 85' lang='grc' dir='ltr'>πάντα</span> 
     </span>
    </p>
   </div>
   <div class='ocr_carea' id='block_1_46' title="bbox 201 2814 1776 2894">
    <p class='ocr_par' dir='ltr' id='par_1_46' title="bbox 201 2814 1776 2894">
     <span class='ocr_line' id='line_1_46' title="bbox 201 2814 1776 2894; baseline 0 -19"><span class='ocrx_word' id='word_1_342' title='bbox 201 2822 410 2876; x_wconf 66' lang='grc' dir='ltr'>ἐσθίειν</span> <span class='ocrx_word' id='word_1_343' title='bbox 462 2822 761 2886; x_wconf 83' lang='grc' dir='ltr'>ἀκωλύτως</span> <span class='ocrx_word' id='word_1_344' title='bbox 802 2823 930 2875; x_wconf 77' lang='grc' dir='ltr'>ἄνευ</span> <span class='ocrx_word' id='word_1_345' title='bbox 981 2814 1232 2894; x_wconf 79' lang='grc' dir='ltr'>κρέατος.</span> <span class='ocrx_word' id='word_1_346' title='bbox 1282 2820 1545 2891; x_wconf 83' lang='grc' dir='ltr'>Σαϐϐάτῳ</span> <span class='ocrx_word' id='word_1_347' title='bbox 1585 2821 1641 2874; x_wconf 83' lang='grc' dir='ltr'>δὲ</span> <span class='ocrx_word' id='word_1_348' title='bbox 1681 2824 1776 2875; x_wconf 77' lang='grc' dir='ltr'>καὶ</span> 
     </span>
    </p>
   </div>
   <div class='ocr_carea' id='block_1_47' title="bbox 200 2909 1775 2985">
    <p class='ocr_par' dir='ltr' id='par_1_47' title="bbox 200 2909 1775 2985">
     <span class='ocr_line' id='line_1_47' title="bbox 200 2909 1775 2985; baseline -0.002 -17"><span class='ocrx_word' id='word_1_349' title='bbox 200 2916 455 2985; x_wconf 71' lang='grc' dir='ltr'>κυριακῇ</span> <span class='ocrx_word' id='word_1_350' title='bbox 486 2917 561 2985; x_wconf 87' lang='grc' dir='ltr'>μὴ</span> <span class='ocrx_word' id='word_1_351' title='bbox 591 2915 647 2967; x_wconf 81' lang='grc' dir='ltr'>ἐν</span> <span class='ocrx_word' id='word_1_352' title='bbox 695 2932 801 2966; x_wconf 89' lang='grc' dir='ltr'>τινι</span> <span class='ocrx_word' id='word_1_353' title='bbox 842 2913 1091 2984; x_wconf 80' lang='grc' dir='ltr'>βρώματι</span> <span class='ocrx_word' id='word_1_354' title='bbox 1120 2913 1153 2984; x_wconf 82' lang='grc' dir='ltr'>ἢ</span> <span class='ocrx_word' id='word_1_355' title='bbox 1199 2914 1405 2983; x_wconf 85' lang='grc' dir='ltr'>πόματι</span> <span class='ocrx_word' id='word_1_356' title='bbox 1436 2914 1498 2966; x_wconf 87' lang='grc' dir='ltr'><strong>τὸ</strong></span> <span class='ocrx_word' id='word_1_357' title='bbox 1544 2909 1655 2966; x_wconf 69' lang='grc' dir='ltr'>οἷον</span> <span class='ocrx_word' id='word_1_358' title='bbox 1682 2910 1775 2966; x_wconf 77' lang='grc' dir='ltr'>οὖν</span> 
     </span>
    </p>
   </div>
   <div class='ocr_carea' id='block_1_48' title="bbox 201 3001 1777 3075">
    <p class='ocr_par' dir='ltr' id='par_1_48' title="bbox 201 3001 1777 3075">
     <span class='ocr_line' id='line_1_48' title="bbox 201 3001 1777 3075; baseline 0.001 -19"><span class='ocrx_word' id='word_1_359' title='bbox 201 3005 603 3075; x_wconf 77' lang='grc' dir='ltr'>ἐπιτιμᾶσθαι·</span> <span class='ocrx_word' id='word_1_360' title='bbox 638 3005 752 3058; x_wconf 84' lang='grc' dir='ltr'>ἀλλ’</span> <span class='ocrx_word' id='word_1_361' title='bbox 807 3001 949 3059; x_wconf 86' lang='grc' dir='ltr'>εἶναι</span> <span class='ocrx_word' id='word_1_362' title='bbox 994 3002 1270 3060; x_wconf 77' lang='grc' dir='ltr'>ἀκώλυτον</span> <span class='ocrx_word' id='word_1_363' title='bbox 1334 3008 1416 3068; x_wconf 80' lang='grc' dir='ltr'>εἰς</span> <span class='ocrx_word' id='word_1_364' title='bbox 1458 3005 1654 3067; x_wconf 85' lang='grc' dir='ltr'>πάντα,</span> <span class='ocrx_word' id='word_1_365' title='bbox 1702 3007 1777 3069; x_wconf 85' lang='grc' dir='ltr'>ὼς</span> 
     </span>
    </p>
   </div>
   <div class='ocr_carea' id='block_1_49' title="bbox 200 3096 1778 3167">
    <p class='ocr_par' dir='ltr' id='par_1_49' title="bbox 200 3096 1778 3167">
     <span class='ocr_line' id='line_1_49' title="bbox 200 3096 1778 3167; baseline 0.001 -17"><span class='ocrx_word' id='word_1_366' title='bbox 200 3096 409 3159; x_wconf 78' lang='grc' dir='ltr'>πάντες</span> <span class='ocrx_word' id='word_1_367' title='bbox 440 3099 490 3150; x_wconf 80' lang='grc' dir='ltr'>οἱ</span> <span class='ocrx_word' id='word_1_368' title='bbox 535 3096 611 3167; x_wconf 82' lang='grc' dir='ltr'>μὴ</span> <span class='ocrx_word' id='word_1_369' title='bbox 635 3096 847 3167; x_wconf 73' lang='grc' dir='ltr'>ἔχοντες</span> <span class='ocrx_word' id='word_1_370' title='bbox 896 3097 1168 3166; x_wconf 75' lang='grc' dir='ltr'>ἐπιτίμιον</span> <span class='ocrx_word' id='word_1_371' title='bbox 1189 3138 1203 3160; x_wconf 88' lang='grc'><strong>,</strong></span> <span class='ocrx_word' id='word_1_372' title='bbox 1254 3096 1397 3150; x_wconf 76' lang='grc' dir='ltr'>τοῦτ’</span> <span class='ocrx_word' id='word_1_373' title='bbox 1436 3097 1551 3150; x_wconf 77' lang='grc' dir='ltr'>ἔστι</span> <span class='ocrx_word' id='word_1_374' title='bbox 1584 3100 1676 3152; x_wconf 69' lang='grc' dir='ltr'>καὶ</span> <span class='ocrx_word' id='word_1_375' title='bbox 1701 3102 1778 3161; x_wconf 85' lang='grc' dir='ltr'><strong>εἰς</strong></span> 
     </span>
    </p>
   </div>
   <div class='ocr_carea' id='block_1_50' title="bbox 201 3185 1130 3261">
    <p class='ocr_par' dir='ltr' id='par_1_50' title="bbox 201 3185 1130 3261">
     <span class='ocr_line' id='line_1_50' title="bbox 201 3185 1130 3261; baseline 0.002 -19"><span class='ocrx_word' id='word_1_376' title='bbox 201 3190 385 3261; x_wconf 83' lang='grc' dir='ltr'>κρέας</span> <span class='ocrx_word' id='word_1_377' title='bbox 436 3192 531 3244; x_wconf 74' lang='grc' dir='ltr'>καὶ</span> <span class='ocrx_word' id='word_1_378' title='bbox 582 3192 662 3254; x_wconf 82' lang='grc' dir='ltr'><strong>είς</strong></span> <span class='ocrx_word' id='word_1_379' title='bbox 706 3185 869 3255; x_wconf 81' lang='grc' dir='ltr'>οἶνον,</span> <span class='ocrx_word' id='word_1_380' title='bbox 922 3192 1015 3244; x_wconf 76' lang='grc' dir='ltr'><strong>καὶ</strong></span> <span class='ocrx_word' id='word_1_381' title='bbox 1051 3193 1130 3254; x_wconf 81' lang='grc' dir='ltr'><strong>είς</strong></span> 
     </span>
    </p>
   </div>
   <div class='ocr_carea' id='block_1_51' title="bbox 198 3282 1769 3352">
    <p class='ocr_par' dir='ltr' id='par_1_51' title="bbox 198 3282 1769 3352">
     <span class='ocr_line' id='line_1_51' title="bbox 198 3282 1769 3352; baseline -0.001 -17"><span class='ocrx_word' id='word_1_382' title='bbox 198 3286 283 3346; x_wconf 88' lang='grc' dir='ltr'><strong>εἰς</strong></span> <span class='ocrx_word' id='word_1_383' title='bbox 334 3284 518 3336; x_wconf 83' lang='grc' dir='ltr'>πᾶσαν</span> <span class='ocrx_word' id='word_1_384' title='bbox 559 3283 755 3352; x_wconf 76' lang='grc' dir='ltr'>ἑορτὴν</span> <span class='ocrx_word' id='word_1_385' title='bbox 812 3284 1150 3352; x_wconf 78' lang='grc' dir='ltr'>Δεσποτικὴν</span> <span class='ocrx_word' id='word_1_386' title='bbox 1202 3283 1301 3336; x_wconf 75' lang='grc' dir='ltr'>καὶ</span> <span class='ocrx_word' id='word_1_387' title='bbox 1349 3282 1446 3352; x_wconf 84' lang='grc' dir='ltr'><strong>τῆς</strong></span> <span class='ocrx_word' id='word_1_388' title='bbox 1498 3282 1769 3348; x_wconf 82' lang='grc' dir='ltr'>παναγίας</span> 
     </span>
    </p>
   </div>
   <div class='ocr_carea' id='block_1_52' title="bbox 204 3372 1771 3445">
    <p class='ocr_par' dir='ltr' id='par_1_52' title="bbox 204 3372 1771 3445">
     <span class='ocr_line' id='line_1_52' title="bbox 204 3372 1771 3445; baseline -0.002 -18"><span class='ocrx_word' id='word_1_389' title='bbox 204 3374 502 3435; x_wconf 86' lang='grc' dir='ltr'>Θεοτόκου,</span> <span class='ocrx_word' id='word_1_390' title='bbox 568 3374 663 3426; x_wconf 75' lang='grc' dir='ltr'>καὶ</span> <span class='ocrx_word' id='word_1_391' title='bbox 724 3373 832 3427; x_wconf 86' lang='grc' dir='ltr'><strong>τῶν</strong></span> <span class='ocrx_word' id='word_1_392' title='bbox 876 3375 942 3445; x_wconf 83' lang='grc' dir='ltr'><strong>ιβ’</strong></span> <span class='ocrx_word' id='word_1_393' title='bbox 984 3375 1320 3429; x_wconf 80' lang='grc' dir='ltr'>Ἀποστόλων</span> <span class='ocrx_word' id='word_1_394' title='bbox 1348 3374 1459 3426; x_wconf 84' lang='grc' dir='ltr'>οἴου</span> <span class='ocrx_word' id='word_1_395' title='bbox 1508 3372 1573 3425; x_wconf 84' lang='grc' dir='ltr'>ἂν</span> <span class='ocrx_word' id='word_1_396' title='bbox 1633 3372 1771 3445; x_wconf 75' lang='grc' dir='ltr'>λάχῃ</span> 
     </span>
    </p>
   </div>
   <div class='ocr_carea' id='block_1_53' title="bbox 198 3460 1770 3535">
    <p class='ocr_par' dir='ltr' id='par_1_53' title="bbox 198 3460 1770 3535">
     <span class='ocr_line' id='line_1_53' title="bbox 198 3460 1770 3535; baseline -0.003 -15"><span class='ocrx_word' id='word_1_397' title='bbox 198 3466 404 3534; x_wconf 75' lang='grc' dir='ltr'>ὄνομα.</span> <span class='ocrx_word' id='word_1_398' title='bbox 434 3467 527 3519; x_wconf 75' lang='grc' dir='ltr'>καὶ</span> <span class='ocrx_word' id='word_1_399' title='bbox 571 3466 659 3520; x_wconf 80' lang='grc' dir='ltr'>οἶα</span> <span class='ocrx_word' id='word_1_400' title='bbox 714 3465 817 3519; x_wconf 74' lang='grc' dir='ltr'>κᾶν</span> <span class='ocrx_word' id='word_1_401' title='bbox 860 3467 1006 3518; x_wconf 77' lang='grc' dir='ltr'>ἐστιν</span> <span class='ocrx_word' id='word_1_402' title='bbox 1059 3466 1262 3535; x_wconf 80' lang='grc' dir='ltr'>ἡμέρα,</span> <span class='ocrx_word' id='word_1_403' title='bbox 1320 3460 1457 3516; x_wconf 76' lang='grc' dir='ltr'>εἶναι</span> <span class='ocrx_word' id='word_1_404' title='bbox 1495 3464 1770 3516; x_wconf 79' lang='grc' dir='ltr'>ἀκώλυτον</span> 
     </span>
    </p>
   </div>
   <div class='ocr_carea' id='block_1_54' title="bbox 178 3544 1771 3627">
    <p class='ocr_par' dir='ltr' id='par_1_54' title="bbox 178 3544 1771 3627">
     <span class='ocr_line' id='line_1_54' title="bbox 178 3544 1771 3627; baseline -0.004 -16"><span class='ocrx_word' id='word_1_405' title='bbox 178 3559 261 3611; x_wconf 68' lang='grc' dir='ltr'>ἐν</span> <span class='ocrx_word' id='word_1_406' title='bbox 304 3556 507 3627; x_wconf 83' lang='grc' dir='ltr'>βρώσει</span> <span class='ocrx_word' id='word_1_407' title='bbox 540 3558 634 3609; x_wconf 76' lang='grc' dir='ltr'>καὶ</span> <span class='ocrx_word' id='word_1_408' title='bbox 659 3555 816 3609; x_wconf 86' lang='grc' dir='ltr'>πόσει</span> <span class='ocrx_word' id='word_1_409' title='bbox 864 3558 956 3609; x_wconf 88' lang='grc' dir='ltr'><strong>τὸν</strong></span> <span class='ocrx_word' id='word_1_410' title='bbox 978 3544 1405 3625; x_wconf 70' lang='grc' dir='ltr'>ἐπιτιμώμενον.</span> <span class='ocrx_word' id='word_1_411' title='bbox 1443 3555 1549 3606; x_wconf 79' lang='grc' dir='ltr'><strong>Καὶ</strong></span> <span class='ocrx_word' id='word_1_412' title='bbox 1579 3556 1654 3623; x_wconf 77' lang='grc' dir='ltr'>μὴ</span> <span class='ocrx_word' id='word_1_413' title='bbox 1685 3572 1771 3605; x_wconf 82' lang='grc' dir='ltr'>τε·</span> 
     </span>
    </p>
   </div>
   <div class='ocr_carea' id='block_1_55' title="bbox 196 3644 1767 3718">
    <p class='ocr_par' dir='ltr' id='par_1_55' title="bbox 196 3644 1767 3718">
     <span class='ocr_line' id='line_1_55' title="bbox 196 3644 1767 3718; baseline -0.003 -19"><span class='ocrx_word' id='word_1_414' title='bbox 196 3646 440 3718; x_wconf 84' lang='grc' dir='ltr'>τράδαῆ</span> <span class='ocrx_word' id='word_1_415' title='bbox 493 3645 851 3716; x_wconf 80' lang='grc' dir='ltr'>παρασκευὴν</span> <span class='ocrx_word' id='word_1_416' title='bbox 898 3646 1186 3713; x_wconf 78' lang='grc' dir='ltr'>φυλάττειν</span> <span class='ocrx_word' id='word_1_417' title='bbox 1228 3649 1284 3697; x_wconf 84' lang='grc' dir='ltr'>ὲν</span> <span class='ocrx_word' id='word_1_418' title='bbox 1324 3644 1545 3714; x_wconf 85' lang='grc' dir='ltr'>τοιαύτῃ</span> <span class='ocrx_word' id='word_1_419' title='bbox 1586 3645 1767 3712; x_wconf 78' lang='grc' dir='ltr'>ἑορτῇ.</span> 
     </span>
    </p>
   </div>
   <div class='ocr_carea' id='block_1_56' title="bbox 205 3734 1769 3809">
    <p class='ocr_par' dir='ltr' id='par_1_56' title="bbox 205 3734 1769 3809">
     <span class='ocr_line' id='line_1_56' title="bbox 205 3734 1769 3809; baseline -0.006 -16"><span class='ocrx_word' id='word_1_420' title='bbox 205 3736 453 3809; x_wconf 75' lang='grc' dir='ltr'>Ὁμοίαις</span> <span class='ocrx_word' id='word_1_421' title='bbox 485 3740 578 3789; x_wconf 71' lang='grc' dir='ltr'>καὶ</span> <span class='ocrx_word' id='word_1_422' title='bbox 602 3734 695 3788; x_wconf 80' lang='grc' dir='ltr'>τοῦ</span> <span class='ocrx_word' id='word_1_423' title='bbox 748 3736 1086 3806; x_wconf 86' lang='grc' dir='ltr'>Προδρόμου,</span> <span class='ocrx_word' id='word_1_424' title='bbox 1123 3738 1217 3789; x_wconf 77' lang='grc' dir='ltr'>καὶ</span> <span class='ocrx_word' id='word_1_425' title='bbox 1246 3736 1308 3788; x_wconf 85' lang='grc' dir='ltr'><strong>τὸ</strong></span> <span class='ocrx_word' id='word_1_426' title='bbox 1334 3734 1645 3804; x_wconf 80' lang='grc' dir='ltr'>δωδεκαήμε</span> <span class='ocrx_word' id='word_1_427' title='bbox 1657 3751 1769 3804; x_wconf 86' lang='grc' dir='ltr'>ρον,</span> 
     </span>
    </p>
   </div>
   <div class='ocr_carea' id='block_1_57' title="bbox 197 3825 1771 3897">
    <p class='ocr_par' dir='ltr' id='par_1_57' title="bbox 197 3825 1771 3897">
     <span class='ocr_line' id='line_1_57' title="bbox 197 3825 1771 3897; baseline -0.005 -13"><span class='ocrx_word' id='word_1_428' title='bbox 197 3834 299 3884; x_wconf 75' lang='grc' dir='ltr'>καὶ</span> <span class='ocrx_word' id='word_1_429' title='bbox 330 3831 433 3897; x_wconf 74' lang='grc' dir='ltr'>τὴν</span> <span class='ocrx_word' id='word_1_430' title='bbox 479 3827 748 3897; x_wconf 79' lang='grc' dir='ltr'>ἑϐδομάδα</span> <span class='ocrx_word' id='word_1_431' title='bbox 806 3827 898 3879; x_wconf 78' lang='grc' dir='ltr'>τοῦ</span> <span class='ocrx_word' id='word_1_432' title='bbox 945 3828 1158 3896; x_wconf 87' lang='grc' dir='ltr'>Πάσχα,</span> <span class='ocrx_word' id='word_1_433' title='bbox 1211 3830 1303 3880; x_wconf 80' lang='grc' dir='ltr'>καὶ</span> <span class='ocrx_word' id='word_1_434' title='bbox 1357 3828 1454 3896; x_wconf 84' lang='grc' dir='ltr'>τὴν</span> <span class='ocrx_word' id='word_1_435' title='bbox 1509 3826 1617 3878; x_wconf 83' lang='grc' dir='ltr'><strong>ἀπὸ</strong></span> <span class='ocrx_word' id='word_1_436' title='bbox 1670 3825 1771 3892; x_wconf 74' lang='grc' dir='ltr'>τῆς</span> 
     </span>
    </p>
   </div>
   <div class='ocr_carea' id='block_1_58' title="bbox 196 3917 1772 3991">
    <p class='ocr_par' dir='ltr' id='par_1_58' title="bbox 196 3917 1772 3991">
     <span class='ocr_line' id='line_1_58' title="bbox 196 3917 1772 3991; baseline -0.006 -14"><span class='ocrx_word' id='word_1_437' title='bbox 196 3920 613 3991; x_wconf 80' lang='grc' dir='ltr'>Πεντηκοστῆς,</span> <span class='ocrx_word' id='word_1_438' title='bbox 666 3919 735 3989; x_wconf 82' lang='grc' dir='ltr'>ἣν</span> <span class='ocrx_word' id='word_1_439' title='bbox 790 3918 885 3972; x_wconf 82' lang='grc' dir='ltr'>τοῦ</span> <span class='ocrx_word' id='word_1_440' title='bbox 933 3918 1088 3985; x_wconf 76' lang='grc' dir='ltr'>ἁγίου</span> <span class='ocrx_word' id='word_1_441' title='bbox 1145 3917 1458 3986; x_wconf 77' lang='grc' dir='ltr'>Πνεύματος</span> <span class='ocrx_word' id='word_1_442' title='bbox 1500 3917 1772 3985; x_wconf 78' lang='grc' dir='ltr'>καλοῦμεν</span> 
     </span>
    </p>
   </div>
   <div class='ocr_carea' id='block_1_59' title="bbox 192 4007 1773 4082">
    <p class='ocr_par' dir='ltr' id='par_1_59' title="bbox 192 4007 1773 4082">
     <span class='ocr_line' id='line_1_59' title="bbox 192 4007 1773 4082; baseline -0.006 -16"><span class='ocrx_word' id='word_1_443' title='bbox 192 4011 479 4082; x_wconf 76' lang='grc' dir='ltr'>ἑϐδομάδα</span> <span class='ocrx_word' id='word_1_444' title='bbox 498 4026 512 4040; x_wconf 89' lang='grc'><strong>·</strong></span> <span class='ocrx_word' id='word_1_445' title='bbox 544 4010 643 4072; x_wconf 80' lang='grc' dir='ltr'><strong>τάς</strong></span> <span class='ocrx_word' id='word_1_446' title='bbox 671 4010 731 4063; x_wconf 82' lang='grc' dir='ltr'>δὲ</span> <span class='ocrx_word' id='word_1_447' title='bbox 754 4008 978 4062; x_wconf 85' lang='grc' dir='ltr'>ἀπὸτοῦ</span> <span class='ocrx_word' id='word_1_448' title='bbox 1014 4007 1346 4075; x_wconf 78' lang='grc' dir='ltr'>Ἀντίπασχα</span> <span class='ocrx_word' id='word_1_449' title='bbox 1378 4007 1481 4070; x_wconf 72' lang='grc' dir='ltr'>ἕως</span> <span class='ocrx_word' id='word_1_450' title='bbox 1511 4008 1608 4074; x_wconf 86' lang='grc' dir='ltr'>τῆς</span> <span class='ocrx_word' id='word_1_451' title='bbox 1641 4008 1773 4058; x_wconf 62' lang='grc' dir='ltr'>Πενι</span> 
     </span>
    </p>
   </div>
   <div class='ocr_carea' id='block_1_60' title="bbox 192 4094 1771 4175">
    <p class='ocr_par' dir='ltr' id='par_1_60' title="bbox 192 4094 1771 4175">
     <span class='ocr_line' id='line_1_60' title="bbox 192 4094 1771 4175; baseline -0.005 -18"><span class='ocrx_word' id='word_1_452' title='bbox 192 4102 478 4175; x_wconf 80' lang='grc' dir='ltr'>τηκοστῆς</span> <span class='ocrx_word' id='word_1_453' title='bbox 534 4100 767 4171; x_wconf 78' lang='grc' dir='ltr'>ἡμέρας,</span> <span class='ocrx_word' id='word_1_454' title='bbox 828 4099 971 4153; x_wconf 73' lang='grc' dir='ltr'>οὕτω</span> <span class='ocrx_word' id='word_1_455' title='bbox 1033 4099 1131 4168; x_wconf 86' lang='grc' dir='ltr'>μὲν</span> <span class='ocrx_word' id='word_1_456' title='bbox 1161 4094 1406 4160; x_wconf 81' lang='grc' dir='ltr'>εἷναιείς</span> <span class='ocrx_word' id='word_1_457' title='bbox 1460 4097 1625 4158; x_wconf 73' lang='grc' dir='ltr'>αὐτὰς</span> <span class='ocrx_word' id='word_1_458' title='bbox 1652 4098 1771 4149; x_wconf 81' lang='grc' dir='ltr'>ὀλο-</span> 
     </span>
    </p>
   </div>
   <div class='ocr_carea' id='block_1_61' title="bbox 192 4185 1769 4259">
    <p class='ocr_par' dir='ltr' id='par_1_61' title="bbox 192 4185 1769 4259">
     <span class='ocr_line' id='line_1_61' title="bbox 192 4185 1769 4259; baseline -0.005 -13"><span class='ocrx_word' id='word_1_459' title='bbox 192 4190 509 4250; x_wconf 81' lang='grc' dir='ltr'>ἀπολύτους</span> <span class='ocrx_word' id='word_1_460' title='bbox 537 4191 617 4251; x_wconf 80' lang='grc' dir='ltr'>εἰς</span> <span class='ocrx_word' id='word_1_461' title='bbox 648 4188 979 4259; x_wconf 63' lang='grc' dir='ltr'>πάνταίπλὴν</span> <span class='ocrx_word' id='word_1_462' title='bbox 1009 4185 1602 4257; x_wconf 80' lang='grc' dir='ltr'>τετραδοπαρασκευῆς,</span> <span class='ocrx_word' id='word_1_463' title='bbox 1634 4203 1769 4258; x_wconf 83' lang='grc' dir='ltr'>κρα-</span> 
     </span>
    </p>
   </div>
   <div class='ocr_carea' id='block_1_62' title="bbox 192 4280 1767 4355">
    <p class='ocr_par' dir='ltr' id='par_1_62' title="bbox 192 4280 1767 4355">
     <span class='ocr_line' id='line_1_62' title="bbox 192 4280 1767 4355; baseline -0.005 -15"><span class='ocrx_word' id='word_1_464' title='bbox 192 4287 318 4341; x_wconf 83' lang='grc' dir='ltr'>τεῖν</span> <span class='ocrx_word' id='word_1_465' title='bbox 355 4282 815 4355; x_wconf 84' lang='grc' dir='ltr'>μονοπροσὼπως,</span> <span class='ocrx_word' id='word_1_466' title='bbox 866 4284 992 4343; x_wconf 78' lang='grc' dir='ltr'>τοὺς</span> <span class='ocrx_word' id='word_1_467' title='bbox 1024 4282 1123 4350; x_wconf 80' lang='grc' dir='ltr'>μὲν</span> <span class='ocrx_word' id='word_1_468' title='bbox 1168 4280 1464 4348; x_wconf 71' lang='grc' dir='ltr'>κοσμικοὺς</span> <span class='ocrx_word' id='word_1_469' title='bbox 1495 4280 1552 4331; x_wconf 87' lang='grc' dir='ltr'><strong>τὸ</strong></span> <span class='ocrx_word' id='word_1_470' title='bbox 1581 4280 1767 4349; x_wconf 77' lang='grc' dir='ltr'>κρέας,</span> 
     </span>
    </p>
   </div>
   <div class='ocr_carea' id='block_1_63' title="bbox 190 4366 1771 4445">
    <p class='ocr_par' dir='ltr' id='par_1_63' title="bbox 190 4366 1771 4445">
     <span class='ocr_line' id='line_1_63' title="bbox 190 4366 1771 4445; baseline 0.009 -38"><span class='ocrx_word' id='word_1_471' title='bbox 190 4380 331 4442; x_wconf 62' lang='grc' dir='ltr'><strong>τοὺς</strong></span> <span class='ocrx_word' id='word_1_472' title='bbox 364 4376 421 4430; x_wconf 68' lang='grc' dir='ltr'><strong>δὲ</strong></span> <span class='ocrx_word' id='word_1_473' title='bbox 464 4375 729 4445; x_wconf 72' lang='grc' dir='ltr'><strong>μοναχοὺς</strong></span> <span class='ocrx_word' id='word_1_474' title='bbox 780 4374 870 4425; x_wconf 79' lang='grc' dir='ltr'>τὸν</span> <span class='ocrx_word' id='word_1_475' title='bbox 922 4372 1083 4441; x_wconf 86' lang='grc' dir='ltr'>τυρὸν</span> <span class='ocrx_word' id='word_1_476' title='bbox 1135 4372 1227 4425; x_wconf 86' lang='grc' dir='ltr'><strong>καί</strong></span> <span class='ocrx_word' id='word_1_477' title='bbox 1260 4370 1361 4423; x_wconf 85' lang='grc' dir='ltr'><strong>ὠά.</strong></span> <span class='ocrx_word' id='word_1_478' title='bbox 1397 4366 1550 4422; x_wconf 86' lang='grc' dir='ltr'>Εἶναι</span> <span class='ocrx_word' id='word_1_479' title='bbox 1590 4371 1645 4423; x_wconf 79' lang='grc' dir='ltr'>δὲ</span> <span class='ocrx_word' id='word_1_480' title='bbox 1680 4373 1771 4423; x_wconf 79' lang='grc' dir='ltr'>καὶ</span> 
     </span>
    </p>
   </div>
   <div class='ocr_carea' id='block_1_64' title="bbox 188 4461 1837 4534">
    <p class='ocr_par' dir='ltr' id='par_1_64' title="bbox 188 4461 1837 4534">
     <span class='ocr_line' id='line_1_64' title="bbox 188 4461 1837 4534; baseline -0.007 -10"><span class='ocrx_word' id='word_1_481' title='bbox 188 4471 297 4534; x_wconf 76' lang='grc' dir='ltr'><strong>τὰς</strong></span> <span class='ocrx_word' id='word_1_482' title='bbox 332 4468 432 4522; x_wconf 74' lang='grc' dir='ltr'>δύο</span> <span class='ocrx_word' id='word_1_483' title='bbox 458 4465 780 4533; x_wconf 81' lang='grc' dir='ltr'>ἑϐδομάδας,</span> <span class='ocrx_word' id='word_1_484' title='bbox 815 4464 911 4528; x_wconf 76' lang='grc' dir='ltr'>τῆς</span> <span class='ocrx_word' id='word_1_485' title='bbox 953 4478 1012 4514; x_wconf 85' lang='grc' dir='ltr'><strong>τε</strong></span> <span class='ocrx_word' id='word_1_486' title='bbox 1052 4461 1344 4531; x_wconf 84' lang='grc' dir='ltr'>Ἀποκρέου</span> <span class='ocrx_word' id='word_1_487' title='bbox 1377 4462 1469 4515; x_wconf 79' lang='grc' dir='ltr'>καὶ</span> <span class='ocrx_word' id='word_1_488' title='bbox 1500 4463 1597 4532; x_wconf 75' lang='grc' dir='ltr'>τῆς</span> <span class='ocrx_word' id='word_1_489' title='bbox 1631 4464 1769 4531; x_wconf 87' lang='grc' dir='ltr'>Προ-</span> <span class='ocrx_word' id='word_1_490' title='bbox 1824 4515 1837 4525; x_wconf 64' lang='grc'><em>,</em></span> 
     </span>
    </p>
   </div>
   <div class='ocr_carea' id='block_1_65' title="bbox 1946 2257 3443 2328">
    <p class='ocr_par' dir='ltr' id='par_1_65' title="bbox 1946 2257 3443 2328">
     <span class='ocr_line' id='line_1_65' title="bbox 1946 2257 3443 2328; baseline 0.001 -15"><span class='ocrx_word' id='word_1_491' title='bbox 1946 2258 2071 2313; x_wconf 70' lang='lat' dir='ltr'><strong>Haec</strong></span> <span class='ocrx_word' id='word_1_492' title='bbox 2100 2267 2181 2312; x_wconf 88' lang='lat' dir='ltr'><strong>est</strong></span> <span class='ocrx_word' id='word_1_493' title='bbox 2205 2258 2363 2327; x_wconf 82' lang='lat' dir='ltr'><strong>igitur</strong></span> <span class='ocrx_word' id='word_1_494' title='bbox 2384 2259 2560 2326; x_wconf 85' lang='lat' dir='ltr'><strong>prima</strong></span> <span class='ocrx_word' id='word_1_495' title='bbox 2590 2257 2959 2325; x_wconf 83' lang='lat' dir='ltr'><strong>castigationis</strong></span> <span class='ocrx_word' id='word_1_496' title='bbox 2982 2267 3037 2313; x_wconf 89' lang='lat' dir='ltr'><strong>et</strong></span> <span class='ocrx_word' id='word_1_497' title='bbox 3097 2260 3443 2328; x_wconf 68' lang='lat' dir='ltr'><strong>pcenitentia‘</strong></span> 
     </span>
    </p>
   </div>
   <div class='ocr_carea' id='block_1_66' title="bbox 1870 2346 3441 2416">
    <p class='ocr_par' dir='ltr' id='par_1_66' title="bbox 1870 2346 3441 2416">
     <span class='ocr_line' id='line_1_66' title="bbox 1870 2346 3441 2416; baseline 0.003 -15"><span class='ocrx_word' id='word_1_498' title='bbox 1870 2364 1991 2401; x_wconf 85' lang='lat' dir='ltr'><strong>rum</strong></span> <span class='ocrx_word' id='word_1_499' title='bbox 2015 2347 2287 2408; x_wconf 85' lang='lat' dir='ltr'><strong>omnibus,</strong></span> <span class='ocrx_word' id='word_1_500' title='bbox 2306 2346 2615 2399; x_wconf 84' lang='lat' dir='ltr'><strong>siservoset</strong></span> <span class='ocrx_word' id='word_1_501' title='bbox 2634 2346 2858 2399; x_wconf 81' lang='lat' dir='ltr'><strong>ancillas</strong></span> <span class='ocrx_word' id='word_1_502' title='bbox 2872 2347 3133 2416; x_wconf 82' lang='lat' dir='ltr'><strong>excipias,</strong></span> <span class='ocrx_word' id='word_1_503' title='bbox 3162 2364 3190 2402; x_wconf 90' lang='lat' dir='ltr'><strong>a</strong></span> <span class='ocrx_word' id='word_1_504' title='bbox 3221 2351 3441 2406; x_wconf 80' lang='lat' dir='ltr'><strong>medata</strong></span> 
     </span>
    </p>
   </div>
   <div class='ocr_carea' id='block_1_67' title="bbox 1870 2435 3442 2499">
    <p class='ocr_par' dir='ltr' id='par_1_67' title="bbox 1870 2435 3442 2499">
     <span class='ocr_line' id='line_1_67' title="bbox 1870 2435 3442 2499; baseline 0.004 -8"><span class='ocrx_word' id='word_1_505' title='bbox 1870 2438 2129 2491; x_wconf 81' lang='lat' dir='ltr'><strong>deﬁnitio.</strong></span> <span class='ocrx_word' id='word_1_506' title='bbox 2158 2436 2309 2491; x_wconf 88' lang='lat' dir='ltr'><strong>Feria</strong></span> <span class='ocrx_word' id='word_1_507' title='bbox 2340 2453 2375 2490; x_wconf 91' lang='lat' dir='ltr'><strong>ll</strong></span> <span class='ocrx_word' id='word_1_508' title='bbox 2398 2448 2537 2499; x_wconf 80' lang='lat' dir='ltr'><strong>etiv,</strong></span> <span class='ocrx_word' id='word_1_509' title='bbox 2555 2445 2607 2489; x_wconf 89' lang='lat' dir='ltr'><strong>et</strong></span> <span class='ocrx_word' id='word_1_510' title='bbox 2633 2435 2924 2490; x_wconf 87' lang='lat' dir='ltr'><strong>Parasceve</strong></span> <span class='ocrx_word' id='word_1_511' title='bbox 2951 2437 3127 2491; x_wconf 92' lang='lat' dir='ltr'><strong>oleum</strong></span> <span class='ocrx_word' id='word_1_512' title='bbox 3160 2440 3442 2497; x_wconf 86' lang='lat' dir='ltr'><strong>comedere</strong></span> 
     </span>
    </p>
   </div>
   <div class='ocr_carea' id='block_1_68' title="bbox 1869 2509 3441 2599">
    <p class='ocr_par' dir='ltr' id='par_1_68' title="bbox 1869 2509 3441 2599">
     <span class='ocr_line' id='line_1_68' title="bbox 1869 2509 3441 2599; baseline 0.002 -16"><span class='ocrx_word' id='word_1_513' title='bbox 1869 2509 1923 2583; x_wconf 79' lang='lat' dir='ltr'><strong>et</strong></span> <span class='ocrx_word' id='word_1_514' title='bbox 1954 2530 2221 2599; x_wconf 79' lang='lat' dir='ltr'><strong>legumina</strong></span> <span class='ocrx_word' id='word_1_515' title='bbox 2253 2544 2375 2584; x_wconf 90' lang='lat' dir='ltr'><strong>cum</strong></span> <span class='ocrx_word' id='word_1_516' title='bbox 2406 2528 2644 2582; x_wconf 84' lang='lat' dir='ltr'><strong>oleribus</strong></span> <span class='ocrx_word' id='word_1_517' title='bbox 2671 2537 2880 2581; x_wconf 90' lang='lat' dir='ltr'><strong>tantum</strong></span> <span class='ocrx_word' id='word_1_518' title='bbox 2909 2546 2924 2593; x_wconf 86' lang='lat'><strong>;</strong></span> <span class='ocrx_word' id='word_1_519' title='bbox 2978 2529 3250 2584; x_wconf 87' lang='lat' dir='ltr'><strong>abstinere</strong></span> <span class='ocrx_word' id='word_1_520' title='bbox 3314 2547 3441 2587; x_wconf 89' lang='lat' dir='ltr'><strong>vero</strong></span> 
     </span>
    </p>
   </div>
   <div class='ocr_carea' id='block_1_69' title="bbox 1868 2618 3440 2685">
    <p class='ocr_par' dir='ltr' id='par_1_69' title="bbox 1868 2618 3440 2685">
     <span class='ocr_line' id='line_1_69' title="bbox 1868 2618 3440 2685; baseline 0.001 -13"><span class='ocrx_word' id='word_1_521' title='bbox 1868 2633 1899 2672; x_wconf 83' lang='lat' dir='ltr'><strong>a</strong></span> <span class='ocrx_word' id='word_1_522' title='bbox 1950 2633 2132 2683; x_wconf 90' lang='lat' dir='ltr'><strong>caseo,</strong></span> <span class='ocrx_word' id='word_1_523' title='bbox 2183 2632 2305 2683; x_wconf 90' lang='lat' dir='ltr'><strong>ovo,</strong></span> <span class='ocrx_word' id='word_1_524' title='bbox 2336 2626 2392 2671; x_wconf 91' lang='lat' dir='ltr'><strong>et</strong></span> <span class='ocrx_word' id='word_1_525' title='bbox 2436 2630 2621 2681; x_wconf 89' lang='lat' dir='ltr'><strong>carne,</strong></span> <span class='ocrx_word' id='word_1_526' title='bbox 2657 2626 2708 2671; x_wconf 91' lang='lat' dir='ltr'><strong>et</strong></span> <span class='ocrx_word' id='word_1_527' title='bbox 2736 2618 3015 2685; x_wconf 85' lang='lat' dir='ltr'><strong>piscibus;</strong></span> <span class='ocrx_word' id='word_1_528' title='bbox 3046 2619 3200 2672; x_wconf 83' lang='lat' dir='ltr'><strong>tertia</strong></span> <span class='ocrx_word' id='word_1_529' title='bbox 3232 2634 3361 2673; x_wconf 87' lang='lat' dir='ltr'><strong>vero</strong></span> <span class='ocrx_word' id='word_1_530' title='bbox 3386 2630 3440 2674; x_wconf 92' lang='lat' dir='ltr'><strong>et</strong></span> 
     </span>
    </p>
   </div>
   <div class='ocr_carea' id='block_1_70' title="bbox 1870 2708 3435 2778">
    <p class='ocr_par' dir='ltr' id='par_1_70' title="bbox 1870 2708 3435 2778">
     <span class='ocr_line' id='line_1_70' title="bbox 1870 2708 3435 2778; baseline 0.001 -16"><span class='ocrx_word' id='word_1_531' title='bbox 1870 2710 2056 2778; x_wconf 86' lang='lat' dir='ltr'><strong>quinta</strong></span> <span class='ocrx_word' id='word_1_532' title='bbox 2126 2709 2305 2762; x_wconf 82' lang='lat' dir='ltr'><strong>omnia</strong></span> <span class='ocrx_word' id='word_1_533' title='bbox 2379 2708 2545 2762; x_wconf 88' lang='lat' dir='ltr'><strong>libere</strong></span> <span class='ocrx_word' id='word_1_534' title='bbox 2594 2708 2876 2762; x_wconf 83' lang='lat' dir='ltr'><strong>comedere</strong></span> <span class='ocrx_word' id='word_1_535' title='bbox 2930 2718 3123 2778; x_wconf 67' lang='lat' dir='ltr'><strong>praeter</strong></span> <span class='ocrx_word' id='word_1_536' title='bbox 3175 2724 3435 2764; x_wconf 86' lang='lat' dir='ltr'><strong>carnem:</strong></span> 
     </span>
    </p>
   </div>
   <div class='ocr_carea' id='block_1_71' title="bbox 1871 2797 3440 2870">
    <p class='ocr_par' dir='ltr' id='par_1_71' title="bbox 1871 2797 3440 2870">
     <span class='ocr_line' id='line_1_71' title="bbox 1871 2797 3440 2870; baseline 0.001 -15"><span class='ocrx_word' id='word_1_537' title='bbox 1871 2801 2109 2855; x_wconf 82' lang='lat' dir='ltr'><strong>Sabbato</strong></span> <span class='ocrx_word' id='word_1_538' title='bbox 2141 2814 2275 2853; x_wconf 83' lang='lat' dir='ltr'><strong>vero</strong></span> <span class='ocrx_word' id='word_1_539' title='bbox 2307 2808 2363 2852; x_wconf 90' lang='lat' dir='ltr'><strong>et</strong></span> <span class='ocrx_word' id='word_1_540' title='bbox 2395 2797 2673 2852; x_wconf 89' lang='lat' dir='ltr'><strong>Dominica</strong></span> <span class='ocrx_word' id='word_1_541' title='bbox 2721 2797 2774 2852; x_wconf 93' lang='lat' dir='ltr'><strong>in</strong></span> <span class='ocrx_word' id='word_1_542' title='bbox 2817 2799 2939 2853; x_wconf 90' lang='lat' dir='ltr'><strong>cibo</strong></span> <span class='ocrx_word' id='word_1_543' title='bbox 2997 2809 3051 2854; x_wconf 92' lang='lat' dir='ltr'><strong>et</strong></span> <span class='ocrx_word' id='word_1_544' title='bbox 3105 2809 3233 2870; x_wconf 92' lang='lat' dir='ltr'><strong>potu</strong></span> <span class='ocrx_word' id='word_1_545' title='bbox 3292 2802 3440 2856; x_wconf 91' lang='lat' dir='ltr'><strong>nullo</strong></span> 
     </span>
    </p>
   </div>
   <div class='ocr_carea' id='block_1_72' title="bbox 1873 2890 3439 2961">
    <p class='ocr_par' dir='ltr' id='par_1_72' title="bbox 1873 2890 3439 2961">
     <span class='ocr_line' id='line_1_72' title="bbox 1873 2890 3439 2961; baseline 0.001 -16"><span class='ocrx_word' id='word_1_546' title='bbox 1873 2905 2197 2961; x_wconf 89' lang='lat' dir='ltr'><strong>quocunque</strong></span> <span class='ocrx_word' id='word_1_547' title='bbox 2229 2890 2391 2945; x_wconf 87' lang='lat' dir='ltr'><strong>modo</strong></span> <span class='ocrx_word' id='word_1_548' title='bbox 2420 2891 2623 2960; x_wconf 90' lang='lat' dir='ltr'><strong>puniri,</strong></span> <span class='ocrx_word' id='word_1_549' title='bbox 2652 2891 2748 2944; x_wconf 91' lang='lat' dir='ltr'><strong>sed</strong></span> <span class='ocrx_word' id='word_1_550' title='bbox 2796 2891 2850 2945; x_wconf 89' lang='lat' dir='ltr'><strong>in</strong></span> <span class='ocrx_word' id='word_1_551' title='bbox 2900 2892 3156 2948; x_wconf 88' lang='lat' dir='ltr'><strong>omnibus</strong></span> <span class='ocrx_word' id='word_1_552' title='bbox 3210 2894 3439 2948; x_wconf 91' lang='lat' dir='ltr'><strong>liberum</strong></span> 
     </span>
    </p>
   </div>
   <div class='ocr_carea' id='block_1_73' title="bbox 1873 2983 3437 3063">
    <p class='ocr_par' dir='ltr' id='par_1_73' title="bbox 1873 2983 3437 3063">
     <span class='ocr_line' id='line_1_73' title="bbox 1873 2983 3437 3063; baseline 0.002 -26"><span class='ocrx_word' id='word_1_553' title='bbox 1873 2998 2012 3046; x_wconf 85' lang='lat' dir='ltr'><strong>esse,</strong></span> <span class='ocrx_word' id='word_1_554' title='bbox 2046 2998 2150 3037; x_wconf 93' lang='lat' dir='ltr'><strong>non</strong></span> <span class='ocrx_word' id='word_1_555' title='bbox 2178 2997 2335 3038; x_wconf 86' lang='lat' dir='ltr'><strong>secus</strong></span> <span class='ocrx_word' id='word_1_556' title='bbox 2371 2997 2435 3036; x_wconf 87' lang='lat' dir='ltr'><strong>ac</strong></span> <span class='ocrx_word' id='word_1_557' title='bbox 2480 2983 2554 3036; x_wconf 89' lang='lat' dir='ltr'><strong>illi</strong></span> <span class='ocrx_word' id='word_1_558' title='bbox 2586 2984 2678 3053; x_wconf 91' lang='lat' dir='ltr'><strong>qui</strong></span> <span class='ocrx_word' id='word_1_559' title='bbox 2707 2984 2855 3037; x_wconf 91' lang='lat' dir='ltr'><strong>nullo</strong></span> <span class='ocrx_word' id='word_1_560' title='bbox 2889 2984 3136 3063; x_wconf 79' lang='lat' dir='ltr'><strong>epitimio</strong></span> <span class='ocrx_word' id='word_1_561' title='bbox 3165 2996 3437 3049; x_wconf 88' lang='lat' dir='ltr'><strong>tenentur,</strong></span> 
     </span>
    </p>
   </div>
   <div class='ocr_carea' id='block_1_74' title="bbox 1877 3074 3435 3145">
    <p class='ocr_par' dir='ltr' id='par_1_74' title="bbox 1877 3074 3435 3145">
     <span class='ocr_line' id='line_1_74' title="bbox 1877 3074 3435 3145; baseline 0.003 -17"><span class='ocrx_word' id='word_1_562' title='bbox 1877 3077 1979 3129; x_wconf 87' lang='lat' dir='ltr'><strong>hoc</strong></span> <span class='ocrx_word' id='word_1_563' title='bbox 2014 3088 2117 3139; x_wconf 78' lang='lat' dir='ltr'><strong>est,</strong></span> <span class='ocrx_word' id='word_1_564' title='bbox 2168 3074 2221 3129; x_wconf 90' lang='lat' dir='ltr'><strong>in</strong></span> <span class='ocrx_word' id='word_1_565' title='bbox 2269 3075 2414 3140; x_wconf 84' lang='lat' dir='ltr'><strong>vino,</strong></span> <span class='ocrx_word' id='word_1_566' title='bbox 2450 3075 2503 3128; x_wconf 93' lang='lat' dir='ltr'><strong>in</strong></span> <span class='ocrx_word' id='word_1_567' title='bbox 2554 3091 2741 3139; x_wconf 89' lang='lat' dir='ltr'><strong>carne,</strong></span> <span class='ocrx_word' id='word_1_568' title='bbox 2793 3085 2847 3129; x_wconf 89' lang='lat' dir='ltr'><strong>et</strong></span> <span class='ocrx_word' id='word_1_569' title='bbox 2881 3077 3108 3145; x_wconf 83' lang='lat' dir='ltr'><strong>reliquis</strong></span> <span class='ocrx_word' id='word_1_570' title='bbox 3164 3079 3435 3134; x_wconf 90' lang='lat' dir='ltr'><strong>omnibus.</strong></span> 
     </span>
    </p>
   </div>
   <div class='ocr_carea' id='block_1_75' title="bbox 1167 3165 1771 3260">
    <p class='ocr_par' dir='ltr' id='par_1_75' title="bbox 1167 3192 1771 3260">
     <span class='ocr_line' id='line_1_75' title="bbox 1167 3192 1771 3260; baseline -0.003 -16"><span class='ocrx_word' id='word_1_571' title='bbox 1167 3193 1362 3247; x_wconf 87' lang='grc' dir='ltr'>πάντα.</span> <span class='ocrx_word' id='word_1_572' title='bbox 1415 3192 1641 3260; x_wconf 84' lang='grc' dir='ltr'>Ὁμοίως</span> <span class='ocrx_word' id='word_1_573' title='bbox 1684 3193 1771 3243; x_wconf 72' lang='grc' dir='ltr'>καὶ</span> 
     </span>
    </p>
   </div>
   <div class='ocr_carea' id='block_1_76' title="bbox 1870 3165 3440 3260">
    <p class='ocr_par' dir='ltr' id='par_1_76' title="bbox 1883 3165 3440 3231">
     <span class='ocr_line' id='line_1_76' title="bbox 1883 3165 3440 3231; baseline 0.004 -14"><span class='ocrx_word' id='word_1_574' title='bbox 1883 3166 2076 3220; x_wconf 77' lang='lat' dir='ltr'><strong>Eadem</strong></span> <span class='ocrx_word' id='word_1_575' title='bbox 2124 3166 2262 3219; x_wconf 88' lang='lat' dir='ltr'><strong>ratio</strong></span> <span class='ocrx_word' id='word_1_576' title='bbox 2299 3166 2402 3218; x_wconf 87' lang='lat' dir='ltr'><strong>erit</strong></span> <span class='ocrx_word' id='word_1_577' title='bbox 2432 3165 2486 3218; x_wconf 91' lang='lat' dir='ltr'><strong>in</strong></span> <span class='ocrx_word' id='word_1_578' title='bbox 2526 3166 2779 3219; x_wconf 89' lang='lat' dir='ltr'><strong>omnibus</strong></span> <span class='ocrx_word' id='word_1_579' title='bbox 2830 3166 2982 3221; x_wconf 79' lang='lat' dir='ltr'><strong>festis</strong></span> <span class='ocrx_word' id='word_1_580' title='bbox 3014 3167 3335 3231; x_wconf 83' lang='lat' dir='ltr'><strong>Dominicis,</strong></span> <span class='ocrx_word' id='word_1_581' title='bbox 3384 3180 3440 3224; x_wconf 89' lang='lat' dir='ltr'><strong>et</strong></span> 
     </span>
    </p>
   </div>
   <div class='ocr_carea' id='block_1_77' title="bbox 1876 3255 3437 3326">
    <p class='ocr_par' dir='ltr' id='par_1_77' title="bbox 1876 3255 3437 3326">
     <span class='ocr_line' id='line_1_77' title="bbox 1876 3255 3437 3326; baseline 0.003 -17"><span class='ocrx_word' id='word_1_582' title='bbox 1876 3257 2230 3310; x_wconf 69' lang='lat' dir='ltr'><strong>sanctissimae</strong></span> <span class='ocrx_word' id='word_1_583' title='bbox 2262 3255 2354 3309; x_wconf 86' lang='lat' dir='ltr'><strong>Dei</strong></span> <span class='ocrx_word' id='word_1_584' title='bbox 2385 3255 2695 3321; x_wconf 87' lang='lat' dir='ltr'><strong>Genitricis,</strong></span> <span class='ocrx_word' id='word_1_585' title='bbox 2727 3265 2781 3309; x_wconf 91' lang='lat' dir='ltr'><strong>et</strong></span> <span class='ocrx_word' id='word_1_586' title='bbox 2812 3256 3097 3311; x_wconf 87' lang='lat' dir='ltr'><strong>duodecim</strong></span> <span class='ocrx_word' id='word_1_587' title='bbox 3164 3263 3437 3326; x_wconf 87' lang='lat' dir='ltr'><strong>apostolo-</strong></span> 
     </span>
    </p>
   </div>
   <div class='ocr_carea' id='block_1_78' title="bbox 1871 3346 3436 3420">
    <p class='ocr_par' dir='ltr' id='par_1_78' title="bbox 1871 3346 3436 3420">
     <span class='ocr_line' id='line_1_78' title="bbox 1871 3346 3436 3420; baseline 0.001 -19"><span class='ocrx_word' id='word_1_588' title='bbox 1871 3362 1989 3401; x_wconf 89' lang='lat' dir='ltr'><strong>rum</strong></span> <span class='ocrx_word' id='word_1_589' title='bbox 2023 3346 2396 3420; x_wconf 85' lang='lat' dir='ltr'><strong>cujuscunque</strong></span> <span class='ocrx_word' id='word_1_590' title='bbox 2443 3361 2638 3400; x_wconf 88' lang='lat' dir='ltr'><strong>nomen</strong></span> <span class='ocrx_word' id='word_1_591' title='bbox 2670 3347 2950 3410; x_wconf 84' lang='lat' dir='ltr'><strong>sortiatur,</strong></span> <span class='ocrx_word' id='word_1_592' title='bbox 3000 3358 3054 3402; x_wconf 92' lang='lat' dir='ltr'><strong>et</strong></span> <span class='ocrx_word' id='word_1_593' title='bbox 3125 3351 3436 3418; x_wconf 81' lang='lat' dir='ltr'><strong>qualiscun-</strong></span> 
     </span>
    </p>
   </div>
   <div class='ocr_carea' id='block_1_79' title="bbox 1870 3438 3438 3508">
    <p class='ocr_par' dir='ltr' id='par_1_79' title="bbox 1870 3438 3438 3508">
     <span class='ocr_line' id='line_1_79' title="bbox 1870 3438 3438 3508; baseline 0.001 -15"><span class='ocrx_word' id='word_1_594' title='bbox 1870 3456 1974 3508; x_wconf 91' lang='lat' dir='ltr'><strong>que</strong></span> <span class='ocrx_word' id='word_1_595' title='bbox 2001 3440 2072 3493; x_wconf 86' lang='lat' dir='ltr'><strong>sit</strong></span> <span class='ocrx_word' id='word_1_596' title='bbox 2102 3439 2216 3494; x_wconf 90' lang='lat' dir='ltr'><strong>dies</strong></span> <span class='ocrx_word' id='word_1_597' title='bbox 2248 3455 2263 3505; x_wconf 89' lang='lat'><strong>;</strong></span> <span class='ocrx_word' id='word_1_598' title='bbox 2318 3438 2631 3507; x_wconf 71' lang='lat' dir='ltr'><strong>pmnjtentia</strong></span> <span class='ocrx_word' id='word_1_599' title='bbox 2707 3438 2969 3494; x_wconf 89' lang='lat' dir='ltr'><strong>multatus</strong></span> <span class='ocrx_word' id='word_1_600' title='bbox 3010 3440 3144 3494; x_wconf 86' lang='lat' dir='ltr'><strong>liber</strong></span> <span class='ocrx_word' id='word_1_601' title='bbox 3184 3456 3306 3495; x_wconf 89' lang='lat' dir='ltr'><strong>esse</strong></span> <span class='ocrx_word' id='word_1_602' title='bbox 3344 3441 3438 3494; x_wconf 92' lang='lat' dir='ltr'><strong>de-</strong></span> 
     </span>
    </p>
   </div>
   <div class='ocr_carea' id='block_1_80' title="bbox 1870 3530 3438 3601">
    <p class='ocr_par' dir='ltr' id='par_1_80' title="bbox 1870 3530 3438 3601">
     <span class='ocr_line' id='line_1_80' title="bbox 1870 3530 3438 3601; baseline 0 -15"><span class='ocrx_word' id='word_1_603' title='bbox 1870 3533 1960 3587; x_wconf 88' lang='lat' dir='ltr'><strong>bet</strong></span> <span class='ocrx_word' id='word_1_604' title='bbox 1999 3532 2051 3586; x_wconf 92' lang='lat' dir='ltr'><strong>in</strong></span> <span class='ocrx_word' id='word_1_605' title='bbox 2085 3547 2181 3586; x_wconf 86' lang='lat' dir='ltr'><strong>esu</strong></span> <span class='ocrx_word' id='word_1_606' title='bbox 2229 3540 2285 3585; x_wconf 90' lang='lat' dir='ltr'><strong>et</strong></span> <span class='ocrx_word' id='word_1_607' title='bbox 2331 3539 2498 3598; x_wconf 89' lang='lat' dir='ltr'><strong>potu:</strong></span> <span class='ocrx_word' id='word_1_608' title='bbox 2535 3545 2712 3601; x_wconf 78' lang='lat' dir='ltr'><strong>neque</strong></span> <span class='ocrx_word' id='word_1_609' title='bbox 2740 3530 2794 3584; x_wconf 89' lang='lat' dir='ltr'><strong>in</strong></span> <span class='ocrx_word' id='word_1_610' title='bbox 2835 3530 3100 3599; x_wconf 86' lang='lat' dir='ltr'><strong>ejusmodi</strong></span> <span class='ocrx_word' id='word_1_611' title='bbox 3149 3530 3302 3587; x_wconf 81' lang='lat' dir='ltr'><strong>festis</strong></span> <span class='ocrx_word' id='word_1_612' title='bbox 3358 3530 3438 3586; x_wconf 85' lang='lat' dir='ltr'><strong>fe-</strong></span> 
     </span>
    </p>
   </div>
   <div class='ocr_carea' id='block_1_81' title="bbox 1872 3619 3438 3692">
    <p class='ocr_par' dir='ltr' id='par_1_81' title="bbox 1872 3619 3438 3692">
     <span class='ocr_line' id='line_1_81' title="bbox 1872 3619 3438 3692; baseline 0 -15"><span class='ocrx_word' id='word_1_613' title='bbox 1872 3625 2006 3678; x_wconf 85' lang='lat' dir='ltr'><strong>riam</strong></span> <span class='ocrx_word' id='word_1_614' title='bbox 2062 3632 2330 3692; x_wconf 86' lang='lat' dir='ltr'><strong>quartam,</strong></span> <span class='ocrx_word' id='word_1_615' title='bbox 2363 3631 2458 3675; x_wconf 91' lang='lat' dir='ltr'><strong>aut</strong></span> <span class='ocrx_word' id='word_1_616' title='bbox 2509 3619 3205 3678; x_wconf 84' lang='lat' dir='ltr'><strong>Parascevenobservabit.</strong></span> <span class='ocrx_word' id='word_1_617' title='bbox 3271 3623 3438 3677; x_wconf 86' lang='lat' dir='ltr'><strong>Simi-</strong></span> 
     </span>
    </p>
   </div>
   <div class='ocr_carea' id='block_1_82' title="bbox 1870 3711 3437 3795">
    <p class='ocr_par' dir='ltr' id='par_1_82' title="bbox 1870 3711 3437 3795">
     <span class='ocr_line' id='line_1_82' title="bbox 1870 3711 3437 3795; baseline 0.001 -27"><span class='ocrx_word' id='word_1_618' title='bbox 1870 3716 1988 3769; x_wconf 88' lang='lat' dir='ltr'><strong>liter</strong></span> <span class='ocrx_word' id='word_1_619' title='bbox 2015 3726 2067 3769; x_wconf 88' lang='lat' dir='ltr'><strong>et</strong></span> <span class='ocrx_word' id='word_1_620' title='bbox 2103 3715 2155 3767; x_wconf 92' lang='lat' dir='ltr'><strong>in</strong></span> <span class='ocrx_word' id='word_1_621' title='bbox 2182 3713 2317 3768; x_wconf 84' lang='lat' dir='ltr'><strong>festo</strong></span> <span class='ocrx_word' id='word_1_622' title='bbox 2358 3711 2584 3795; x_wconf 67' lang='lat' dir='ltr'><strong>Joannis</strong></span> <span class='ocrx_word' id='word_1_623' title='bbox 2612 3713 2886 3781; x_wconf 64' lang='lat' dir='ltr'><strong>Baptistae,</strong></span> <span class='ocrx_word' id='word_1_624' title='bbox 2948 3723 3001 3769; x_wconf 90' lang='lat' dir='ltr'><strong>et</strong></span> <span class='ocrx_word' id='word_1_625' title='bbox 3029 3715 3437 3781; x_wconf 78' lang='lat' dir='ltr'><strong>dodecaemero,</strong></span> 
     </span>
    </p>
   </div>
   <div class='ocr_carea' id='block_1_83' title="bbox 1868 3797 3436 3878">
    <p class='ocr_par' dir='ltr' id='par_1_83' title="bbox 1868 3797 3436 3878">
     <span class='ocr_line' id='line_1_83' title="bbox 1868 3797 3436 3878; baseline -0.001 -15"><span class='ocrx_word' id='word_1_626' title='bbox 1868 3820 1922 3863; x_wconf 86' lang='lat' dir='ltr'><strong>et</strong></span> <span class='ocrx_word' id='word_1_627' title='bbox 1972 3808 2252 3863; x_wconf 87' lang='lat' dir='ltr'><strong>Paschatis</strong></span> <span class='ocrx_word' id='word_1_628' title='bbox 2284 3807 2604 3876; x_wconf 85' lang='lat' dir='ltr'><strong>septimana,</strong></span> <span class='ocrx_word' id='word_1_629' title='bbox 2628 3817 2680 3861; x_wconf 91' lang='lat' dir='ltr'><strong>et</strong></span> <span class='ocrx_word' id='word_1_630' title='bbox 2706 3824 2827 3877; x_wconf 66' lang='lat' dir='ltr'><strong>quae</strong></span> <span class='ocrx_word' id='word_1_631' title='bbox 2864 3797 3218 3865; x_wconf 79' lang='lat' dir='ltr'><strong>Pentecosten</strong></span> <span class='ocrx_word' id='word_1_632' title='bbox 3250 3810 3436 3878; x_wconf 78' lang='lat' dir='ltr'><strong>sequi-</strong></span> 
     </span>
    </p>
   </div>
   <div class='ocr_carea' id='block_1_84' title="bbox 1870 3898 3433 3971">
    <p class='ocr_par' dir='ltr' id='par_1_84' title="bbox 1870 3898 3433 3971">
     <span class='ocr_line' id='line_1_84' title="bbox 1870 3898 3433 3971; baseline 0.001 -16"><span class='ocrx_word' id='word_1_633' title='bbox 1870 3912 1977 3969; x_wconf 86' lang='lat' dir='ltr'><strong>tur,</strong></span> <span class='ocrx_word' id='word_1_634' title='bbox 2031 3917 2191 3971; x_wconf 91' lang='lat' dir='ltr'><strong>quam</strong></span> <span class='ocrx_word' id='word_1_635' title='bbox 2227 3901 2399 3955; x_wconf 90' lang='lat' dir='ltr'><strong>sancti</strong></span> <span class='ocrx_word' id='word_1_636' title='bbox 2457 3898 2687 3969; x_wconf 85' lang='lat' dir='ltr'><strong>Spiritus</strong></span> <span class='ocrx_word' id='word_1_637' title='bbox 2745 3900 3100 3969; x_wconf 86' lang='lat' dir='ltr'><strong>septimanam</strong></span> <span class='ocrx_word' id='word_1_638' title='bbox 3153 3917 3433 3968; x_wconf 88' lang='lat' dir='ltr'><strong>vocamus,</strong></span> 
     </span>
    </p>
   </div>
   <div class='ocr_carea' id='block_1_85' title="bbox 1869 3992 3435 4066">
    <p class='ocr_par' dir='ltr' id='par_1_85' title="bbox 1869 3992 3435 4066">
     <span class='ocr_line' id='line_1_85' title="bbox 1869 3992 3435 4066; baseline -0.001 -15"><span class='ocrx_word' id='word_1_639' title='bbox 1869 3996 1983 4051; x_wconf 90' lang='lat' dir='ltr'><strong>dies</strong></span> <span class='ocrx_word' id='word_1_640' title='bbox 2030 4008 2245 4066; x_wconf 88' lang='lat' dir='ltr'><strong>quoque</strong></span> <span class='ocrx_word' id='word_1_641' title='bbox 2296 3992 2365 4047; x_wconf 90' lang='lat' dir='ltr'><strong>ab</strong></span> <span class='ocrx_word' id='word_1_642' title='bbox 2411 3992 2853 4057; x_wconf 80' lang='lat' dir='ltr'><strong>Anti-Paschate,</strong></span> <span class='ocrx_word' id='word_1_643' title='bbox 2886 3994 3000 4048; x_wconf 86' lang='lat' dir='ltr'><strong>sive</strong></span> <span class='ocrx_word' id='word_1_644' title='bbox 3034 3992 3310 4049; x_wconf 86' lang='lat' dir='ltr'><strong>Dominica</strong></span> <span class='ocrx_word' id='word_1_645' title='bbox 3378 3996 3435 4049; x_wconf 92' lang='lat' dir='ltr'><strong>in</strong></span> 
     </span>
    </p>
   </div>
   <div class='ocr_carea' id='block_1_86' title="bbox 1869 4084 3436 4157">
    <p class='ocr_par' dir='ltr' id='par_1_86' title="bbox 1869 4084 3436 4157">
     <span class='ocr_line' id='line_1_86' title="bbox 1869 4084 3436 4157; baseline -0.001 -14"><span class='ocrx_word' id='word_1_646' title='bbox 1869 4089 2038 4154; x_wconf 85' lang='lat' dir='ltr'><strong>Albis,</strong></span> <span class='ocrx_word' id='word_1_647' title='bbox 2068 4101 2242 4157; x_wconf 89' lang='lat' dir='ltr'><strong>usque</strong></span> <span class='ocrx_word' id='word_1_648' title='bbox 2290 4085 2356 4138; x_wconf 89' lang='lat' dir='ltr'><strong>ad</strong></span> <span class='ocrx_word' id='word_1_649' title='bbox 2402 4084 2779 4148; x_wconf 85' lang='lat' dir='ltr'><strong>Pentecosten.</strong></span> <span class='ocrx_word' id='word_1_650' title='bbox 2819 4091 3031 4155; x_wconf 89' lang='lat' dir='ltr'><strong>oportet</strong></span> <span class='ocrx_word' id='word_1_651' title='bbox 3081 4100 3202 4140; x_wconf 87' lang='lat' dir='ltr'><strong>esse</strong></span> <span class='ocrx_word' id='word_1_652' title='bbox 3260 4089 3436 4141; x_wconf 90' lang='lat' dir='ltr'><strong>omni-</strong></span> 
     </span>
    </p>
   </div>
   <div class='ocr_carea' id='block_1_87' title="bbox 1868 4175 3433 4248">
    <p class='ocr_par' dir='ltr' id='par_1_87' title="bbox 1868 4175 3433 4248">
     <span class='ocr_line' id='line_1_87' title="bbox 1868 4175 3433 4248; baseline -0.004 -11"><span class='ocrx_word' id='word_1_653' title='bbox 1868 4183 1969 4237; x_wconf 92' lang='lat' dir='ltr'><strong>bus</strong></span> <span class='ocrx_word' id='word_1_654' title='bbox 2012 4180 2188 4234; x_wconf 90' lang='lat' dir='ltr'><strong>modis</strong></span> <span class='ocrx_word' id='word_1_655' title='bbox 2230 4179 2449 4245; x_wconf 83' lang='lat' dir='ltr'><strong>liberas,</strong></span> <span class='ocrx_word' id='word_1_656' title='bbox 2498 4187 2693 4248; x_wconf 68' lang='lat' dir='ltr'><strong>praeter</strong></span> <span class='ocrx_word' id='word_1_657' title='bbox 2723 4191 2777 4229; x_wconf 81' lang='lat' dir='ltr'><strong>Iv</strong></span> <span class='ocrx_word' id='word_1_658' title='bbox 2800 4187 2854 4230; x_wconf 92' lang='lat' dir='ltr'><strong>et</strong></span> <span class='ocrx_word' id='word_1_659' title='bbox 2920 4191 2972 4229; x_wconf 85' lang='lat' dir='ltr'><strong>Vl</strong></span> <span class='ocrx_word' id='word_1_660' title='bbox 3046 4175 3261 4241; x_wconf 79' lang='lat' dir='ltr'><strong>feriam,</strong></span> <span class='ocrx_word' id='word_1_661' title='bbox 3295 4178 3433 4246; x_wconf 83' lang='lat' dir='ltr'><strong>quo-</strong></span> 
     </span>
    </p>
   </div>
   <div class='ocr_carea' id='block_1_88' title="bbox 1868 4266 3433 4331">
    <p class='ocr_par' dir='ltr' id='par_1_88' title="bbox 1868 4266 3433 4331">
     <span class='ocr_line' id='line_1_88' title="bbox 1868 4266 3433 4331; baseline -0.004 -3"><span class='ocrx_word' id='word_1_662' title='bbox 1868 4289 1987 4328; x_wconf 90' lang='lat' dir='ltr'><strong>rum</strong></span> <span class='ocrx_word' id='word_1_663' title='bbox 2023 4270 2346 4326; x_wconf 89' lang='lat' dir='ltr'><strong>abstinentia</strong></span> <span class='ocrx_word' id='word_1_664' title='bbox 2397 4279 2481 4326; x_wconf 91' lang='lat' dir='ltr'><strong>est</strong></span> <span class='ocrx_word' id='word_1_665' title='bbox 2503 4266 2835 4331; x_wconf 85' lang='lat' dir='ltr'><strong>uninsmodi,</strong></span> <span class='ocrx_word' id='word_1_666' title='bbox 2869 4268 3211 4322; x_wconf 71' lang='lat' dir='ltr'><strong>szecularium</strong></span> <span class='ocrx_word' id='word_1_667' title='bbox 3248 4284 3276 4321; x_wconf 89' lang='lat' dir='ltr'><strong>a</strong></span> <span class='ocrx_word' id='word_1_668' title='bbox 3310 4283 3433 4321; x_wconf 57' lang='lat' dir='ltr'><strong>caro</strong></span> 
     </span>
    </p>
   </div>
   <div class='ocr_carea' id='block_1_89' title="bbox 1869 4358 3433 4429">
    <p class='ocr_par' dir='ltr' id='par_1_89' title="bbox 1869 4358 3433 4429">
     <span class='ocr_line' id='line_1_89' title="bbox 1869 4358 3433 4429; baseline -0.005 -12"><span class='ocrx_word' id='word_1_669' title='bbox 1869 4364 2048 4429; x_wconf 88' lang='lat' dir='ltr'><strong>nibus,</strong></span> <span class='ocrx_word' id='word_1_670' title='bbox 2084 4364 2475 4416; x_wconf 88' lang='lat' dir='ltr'><strong>monachorum</strong></span> <span class='ocrx_word' id='word_1_671' title='bbox 2513 4373 2543 4411; x_wconf 90' lang='lat' dir='ltr'><strong>a</strong></span> <span class='ocrx_word' id='word_1_672' title='bbox 2585 4372 2742 4410; x_wconf 86' lang='lat' dir='ltr'><strong>caseo</strong></span> <span class='ocrx_word' id='word_1_673' title='bbox 2767 4367 2820 4411; x_wconf 90' lang='lat' dir='ltr'><strong>et</strong></span> <span class='ocrx_word' id='word_1_674' title='bbox 2845 4358 2983 4412; x_wconf 83' lang='lat' dir='ltr'><strong>ovis.</strong></span> <span class='ocrx_word' id='word_1_675' title='bbox 3017 4358 3236 4412; x_wconf 87' lang='lat' dir='ltr'><strong>Duabus</strong></span> <span class='ocrx_word' id='word_1_676' title='bbox 3284 4358 3433 4410; x_wconf 84' lang='lat' dir='ltr'><strong>insu-</strong></span> 
     </span>
    </p>
   </div>
   <div class='ocr_carea' id='block_1_90' title="bbox 1868 4447 3431 4522">
    <p class='ocr_par' dir='ltr' id='par_1_90' title="bbox 1868 4447 3431 4522">
     <span class='ocr_line' id='line_1_90' title="bbox 1868 4447 3431 4522; baseline -0.003 -17"><span class='ocrx_word' id='word_1_677' title='bbox 1868 4451 1962 4522; x_wconf 81' lang='lat' dir='ltr'><strong>per</strong></span> <span class='ocrx_word' id='word_1_678' title='bbox 2008 4450 2457 4510; x_wconf 87' lang='lat' dir='ltr'><strong>hebdomadibus,</strong></span> <span class='ocrx_word' id='word_1_679' title='bbox 2494 4447 2837 4500; x_wconf 52' lang='lat' dir='ltr'><strong>abstinentia).</strong></span> <span class='ocrx_word' id='word_1_680' title='bbox 2887 4448 3121 4502; x_wconf 84' lang='lat' dir='ltr'><strong>carnalis</strong></span> <span class='ocrx_word' id='word_1_681' title='bbox 3149 4456 3196 4499; x_wconf 86' lang='lat' dir='ltr'><strong>et</strong></span> <span class='ocrx_word' id='word_1_682' title='bbox 3222 4448 3431 4507; x_wconf 82' lang='lat' dir='ltr'><strong>denun-</strong></span> 
     </span>
    </p>
   </div>
   <div class='ocr_carea' id='block_1_91' title="bbox 188 4537 1771 4631">
    <p class='ocr_par' dir='ltr' id='par_1_91' title="bbox 188 4553 1768 4631">
     <span class='ocr_line' id='line_1_91' title="bbox 188 4553 1768 4631; baseline -0.007 -18"><span class='ocrx_word' id='word_1_683' title='bbox 188 4560 525 4631; x_wconf 76' lang='grc' dir='ltr'>φωνησίμου</span> <span class='ocrx_word' id='word_1_684' title='bbox 553 4556 862 4631; x_wconf 79' lang='grc' dir='ltr'>ἀκωλύτους</span> <span class='ocrx_word' id='word_1_685' title='bbox 904 4553 1147 4615; x_wconf 74' lang='grc' dir='ltr'>ἅπαντας</span> <span class='ocrx_word' id='word_1_686' title='bbox 1198 4554 1277 4613; x_wconf 88' lang='grc' dir='ltr'><strong>είς</strong></span> <span class='ocrx_word' id='word_1_687' title='bbox 1322 4553 1518 4610; x_wconf 87' lang='grc' dir='ltr'>πάντα.</span> <span class='ocrx_word' id='word_1_688' title='bbox 1551 4554 1675 4615; x_wconf 77' lang='grc' dir='ltr'>τούς</span> <span class='ocrx_word' id='word_1_689' title='bbox 1711 4568 1768 4603; x_wconf 89' lang='grc' dir='ltr'><strong>τε</strong></span> 
     </span>
    </p>
   </div>
   <div class='ocr_carea' id='block_1_92' title="bbox 1870 4537 3433 4631">
    <p class='ocr_par' dir='ltr' id='par_1_92' title="bbox 1876 4537 3433 4608">
     <span class='ocr_line' id='line_1_92' title="bbox 1876 4537 3433 4608; baseline -0.003 -12"><span class='ocrx_word' id='word_1_690' title='bbox 1876 4543 2135 4608; x_wconf 89' lang='lat' dir='ltr'><strong>tiationis,</strong></span> <span class='ocrx_word' id='word_1_691' title='bbox 2172 4542 2273 4594; x_wconf 88' lang='lat' dir='ltr'><strong>hoe</strong></span> <span class='ocrx_word' id='word_1_692' title='bbox 2296 4547 2396 4601; x_wconf 91' lang='lat' dir='ltr'><strong>est,</strong></span> <span class='ocrx_word' id='word_1_693' title='bbox 2447 4537 2809 4606; x_wconf 64' lang='lat' dir='ltr'><strong>Sexagesima:</strong></span> <span class='ocrx_word' id='word_1_694' title='bbox 2850 4546 2904 4593; x_wconf 85' lang='lat' dir='ltr'><strong>et</strong></span> <span class='ocrx_word' id='word_1_695' title='bbox 2954 4552 3073 4606; x_wconf 86' lang='lat' dir='ltr'><strong>quae</strong></span> <span class='ocrx_word' id='word_1_696' title='bbox 3129 4553 3246 4591; x_wconf 90' lang='lat' dir='ltr'><strong>eam</strong></span> <span class='ocrx_word' id='word_1_697' title='bbox 3297 4553 3433 4607; x_wconf 76' lang='lat' dir='ltr'><strong>pra:-</strong></span> 
     </span>
    </p>
   </div>
   <div class='ocr_carea' id='block_1_93' title="bbox 192 4642 1770 4725">
    <p class='ocr_par' dir='ltr' id='par_1_93' title="bbox 192 4642 1770 4725">
     <span class='ocr_line' id='line_1_93' title="bbox 192 4642 1770 4725; baseline -0.01 -18"><span class='ocrx_word' id='word_1_698' title='bbox 192 4651 479 4725; x_wconf 77' lang='grc' dir='ltr'>μοναχοὺς</span> <span class='ocrx_word' id='word_1_699' title='bbox 505 4653 581 4713; x_wconf 87' lang='grc' dir='ltr'><strong>εἰς</strong></span> <span class='ocrx_word' id='word_1_700' title='bbox 619 4647 781 4716; x_wconf 88' lang='grc' dir='ltr'>τυρὸν</span> <span class='ocrx_word' id='word_1_701' title='bbox 815 4646 906 4697; x_wconf 76' lang='grc' dir='ltr'>καὶ</span> <span class='ocrx_word' id='word_1_702' title='bbox 946 4644 1071 4709; x_wconf 82' lang='grc' dir='ltr'>ὠὸν,</span> <span class='ocrx_word' id='word_1_703' title='bbox 1102 4642 1230 4705; x_wconf 73' lang='grc' dir='ltr'>τούς</span> <span class='ocrx_word' id='word_1_704' title='bbox 1270 4660 1329 4693; x_wconf 89' lang='grc' dir='ltr'><strong>τε</strong></span> <span class='ocrx_word' id='word_1_705' title='bbox 1372 4645 1665 4711; x_wconf 81' lang='grc' dir='ltr'>κοσμικοὺς</span> <span class='ocrx_word' id='word_1_706' title='bbox 1691 4644 1770 4704; x_wconf 89' lang='grc' dir='ltr'><strong>είς</strong></span> 
     </span>
    </p>
   </div>
   <div class='ocr_carea' id='block_1_94' title="bbox 189 4734 1765 4813">
    <p class='ocr_par' dir='ltr' id='par_1_94' title="bbox 189 4734 1765 4813">
     <span class='ocr_line' id='line_1_94' title="bbox 189 4734 1765 4813; baseline -0.006 -16"><span class='ocrx_word' id='word_1_707' title='bbox 189 4746 378 4813; x_wconf 76' lang='grc' dir='ltr'>κρέας</span> <span class='ocrx_word' id='word_1_708' title='bbox 423 4740 694 4811; x_wconf 85' lang='grc' dir='ltr'>παρεκτὸς</span> <span class='ocrx_word' id='word_1_709' title='bbox 745 4735 855 4790; x_wconf 83' lang='grc' dir='ltr'><strong>τῶν</strong></span> <span class='ocrx_word' id='word_1_710' title='bbox 923 4735 1517 4805; x_wconf 81' lang='grc' dir='ltr'>τετραδοπαρασκευῶν</span> <span class='ocrx_word' id='word_1_711' title='bbox 1569 4734 1765 4788; x_wconf 80' lang='grc' dir='ltr'>αὐτῶν.</span> 
     </span>
    </p>
   </div>
   <div class='ocr_carea' id='block_1_95' title="bbox 188 4826 1767 4900">
    <p class='ocr_par' dir='ltr' id='par_1_95' title="bbox 188 4826 1767 4900">
     <span class='ocr_line' id='line_1_95' title="bbox 188 4826 1767 4900; baseline -0.005 -13"><span class='ocrx_word' id='word_1_712' title='bbox 188 4833 428 4895; x_wconf 79' lang='grc' dir='ltr'>Ταύτας</span> <span class='ocrx_word' id='word_1_713' title='bbox 485 4833 594 4900; x_wconf 74' lang='grc' dir='ltr'><strong>γὰρ</strong></span> <span class='ocrx_word' id='word_1_714' title='bbox 642 4830 762 4882; x_wconf 88' lang='grc' dir='ltr'>τότε</span> <span class='ocrx_word' id='word_1_715' title='bbox 812 4827 1073 4895; x_wconf 82' lang='grc' dir='ltr'>ὁλοάγνας</span> <span class='ocrx_word' id='word_1_716' title='bbox 1120 4828 1361 4898; x_wconf 82' lang='grc' dir='ltr'>κρατεῖν,</span> <span class='ocrx_word' id='word_1_717' title='bbox 1416 4829 1467 4878; x_wconf 88' lang='grc' dir='ltr'>εἰ</span> <span class='ocrx_word' id='word_1_718' title='bbox 1527 4826 1767 4888; x_wconf 84' lang='grc' dir='ltr'>δυνατὸν,</span> 
     </span>
    </p>
   </div>
   <div class='ocr_carea' id='block_1_96' title="bbox 188 4916 1769 4992">
    <p class='ocr_par' dir='ltr' id='par_1_96' title="bbox 188 4916 1769 4992">
     <span class='ocr_line' id='line_1_96' title="bbox 188 4916 1769 4992; baseline -0.004 -14"><span class='ocrx_word' id='word_1_719' title='bbox 188 4922 558 4992; x_wconf 24' lang='grc' dir='ltr'>κιὶνόψαρίου</span> <span class='ocrx_word' id='word_1_720' title='bbox 586 4922 774 4990; x_wconf 75' lang='grc' dir='ltr'>χωρὶς,</span> <span class='ocrx_word' id='word_1_721' title='bbox 806 4916 900 4971; x_wconf 68' lang='grc' dir='ltr'><strong>καὶ</strong></span> <span class='ocrx_word' id='word_1_722' title='bbox 924 4919 1029 4982; x_wconf 74' lang='grc' dir='ltr'>ἕως</span> <span class='ocrx_word' id='word_1_723' title='bbox 1056 4919 1153 4987; x_wconf 72' lang='grc' dir='ltr'><strong>ὀψὲ</strong></span> <span class='ocrx_word' id='word_1_724' title='bbox 1187 4917 1489 4987; x_wconf 80' lang='grc' dir='ltr'>νηστεύειν.</span> <span class='ocrx_word' id='word_1_725' title='bbox 1519 4920 1769 4989; x_wconf 82' lang='grc' dir='ltr'>Ὦρισται</span> 
     </span>
    </p>
   </div>
   <div class='ocr_carea' id='block_1_97' title="bbox 186 4998 1772 5089">
    <p class='ocr_par' dir='ltr' id='par_1_97' title="bbox 186 4998 1772 5089">
     <span class='ocr_line' id='line_1_97' title="bbox 186 4998 1772 5089; baseline -0.003 -19"><span class='ocrx_word' id='word_1_726' title='bbox 186 5019 309 5089; x_wconf 83' lang='grc' dir='ltr'><strong>γὰρ</strong></span> <span class='ocrx_word' id='word_1_727' title='bbox 344 5014 625 5070; x_wconf 77' lang='grc' dir='ltr'>καὶτοῦτο</span> <span class='ocrx_word' id='word_1_728' title='bbox 649 5012 801 5084; x_wconf 75' lang='grc' dir='ltr'>παρὰ</span> <span class='ocrx_word' id='word_1_729' title='bbox 822 4998 917 5065; x_wconf 62' lang='lat' dir='ltr'><strong>re&quot;:</strong></span> <span class='ocrx_word' id='word_1_730' title='bbox 949 5012 1093 5066; x_wconf 83' lang='grc' dir='ltr'>θείου</span> <span class='ocrx_word' id='word_1_731' title='bbox 1128 5013 1350 5067; x_wconf 72' lang='grc' dir='ltr'>κανόνος</span> <span class='ocrx_word' id='word_1_732' title='bbox 1373 5011 1483 5073; x_wconf 75' lang='grc' dir='ltr'>ἀεὶ,</span> <span class='ocrx_word' id='word_1_733' title='bbox 1517 5012 1593 5075; x_wconf 78' lang='grc' dir='ltr'>ὡς</span> <span class='ocrx_word' id='word_1_734' title='bbox 1623 5014 1772 5083; x_wconf 74' lang='grc' dir='ltr'><strong>εἴρη-</strong></span> 
     </span>
    </p>
   </div>
   <div class='ocr_carea' id='block_1_98' title="bbox 186 5104 1759 5179">
    <p class='ocr_par' dir='ltr' id='par_1_98' title="bbox 186 5104 1759 5179">
     <span class='ocr_line' id='line_1_98' title="bbox 186 5104 1759 5179; baseline -0.007 -13"><span class='ocrx_word' id='word_1_735' title='bbox 186 5128 319 5179; x_wconf 72' lang='grc' dir='ltr'>ται,</span> <span class='ocrx_word' id='word_1_736' title='bbox 333 5110 374 5163; x_wconf 78' lang='grc' dir='ltr'><strong>ἀ</strong></span> <span class='ocrx_word' id='word_1_737' title='bbox 408 5125 467 5160; x_wconf 91' lang='grc' dir='ltr'><strong>ευ</strong></span> <span class='ocrx_word' id='word_1_738' title='bbox 488 5107 680 5178; x_wconf 76' lang='grc' dir='ltr'>ἑορτῆς</span> <span class='ocrx_word' id='word_1_739' title='bbox 702 5105 795 5159; x_wconf 73' lang='grc' dir='ltr'>καὶ</span> <span class='ocrx_word' id='word_1_740' title='bbox 814 5105 1056 5174; x_wconf 83' lang='grc' dir='ltr'>δωδεκαη</span> <span class='ocrx_word' id='word_1_741' title='bbox 1066 5105 1230 5175; x_wconf 85' lang='grc' dir='ltr'>μέρου</span> <span class='ocrx_word' id='word_1_742' title='bbox 1244 5104 1337 5155; x_wconf 77' lang='grc' dir='ltr'>καὶ</span> <span class='ocrx_word' id='word_1_743' title='bbox 1360 5104 1759 5173; x_wconf 82' lang='grc' dir='ltr'>Πεντηκοστῆς,</span> 
     </span>
    </p>
   </div>
   <div class='ocr_carea' id='block_1_99' title="bbox 189 5194 1771 5274">
    <p class='ocr_par' dir='ltr' id='par_1_99' title="bbox 189 5194 1771 5274">
     <span class='ocr_line' id='line_1_99' title="bbox 189 5194 1771 5274; baseline -0.006 -20"><span class='ocrx_word' id='word_1_744' title='bbox 189 5205 349 5274; x_wconf 81' lang='grc' dir='ltr'>μήτε</span> <span class='ocrx_word' id='word_1_745' title='bbox 392 5202 472 5261; x_wconf 85' lang='grc' dir='ltr'><strong>εἰς</strong></span> <span class='ocrx_word' id='word_1_746' title='bbox 502 5198 655 5266; x_wconf 70' lang='grc' dir='ltr'>ςίλον</span> <span class='ocrx_word' id='word_1_747' title='bbox 687 5198 824 5251; x_wconf 77' lang='grc' dir='ltr'>κατὰ</span> <span class='ocrx_word' id='word_1_748' title='bbox 872 5195 1077 5249; x_wconf 79' lang='grc' dir='ltr'>οίονοῦν</span> <span class='ocrx_word' id='word_1_749' title='bbox 1111 5194 1399 5248; x_wconf 77' lang='grc' dir='ltr'>καταλύειν</span> <span class='ocrx_word' id='word_1_750' title='bbox 1427 5195 1641 5257; x_wconf 77' lang='grc' dir='ltr'>αὐτοὺς,</span> <span class='ocrx_word' id='word_1_751' title='bbox 1672 5196 1771 5247; x_wconf 73' lang='grc' dir='ltr'>οὐκ</span> 
     </span>
    </p>
   </div>
   <div class='ocr_carea' id='block_1_100' title="bbox 187 5277 1770 5361">
    <p class='ocr_par' dir='ltr' id='par_1_100' title="bbox 187 5277 1770 5361">
     <span class='ocr_line' id='line_1_100' title="bbox 187 5277 1770 5361; baseline -0.008 -11"><span class='ocrx_word' id='word_1_752' title='bbox 187 5277 316 5350; x_wconf 73' lang='grc' dir='ltr'>οἷδά</span> <span class='ocrx_word' id='word_1_753' title='bbox 356 5296 428 5349; x_wconf 82' lang='grc' dir='ltr'>ἂν</span> <span class='ocrx_word' id='word_1_754' title='bbox 458 5311 597 5349; x_wconf 59' lang='grc' dir='ltr'>κατι</span> <span class='ocrx_word' id='word_1_755' title='bbox 620 5292 927 5356; x_wconf 77' lang='grc' dir='ltr'>ἀσθένειαν,</span> <span class='ocrx_word' id='word_1_756' title='bbox 961 5291 993 5361; x_wconf 82' lang='grc' dir='ltr'>ἢ</span> <span class='ocrx_word' id='word_1_757' title='bbox 1024 5291 1193 5361; x_wconf 85' lang='grc' dir='ltr'>ἄλλην</span> <span class='ocrx_word' id='word_1_758' title='bbox 1220 5289 1464 5359; x_wconf 77' lang='grc' dir='ltr'>μεγάλην</span> <span class='ocrx_word' id='word_1_759' title='bbox 1511 5290 1770 5358; x_wconf 85' lang='grc' dir='ltr'>περίστα-</span> 
     </span>
    </p>
   </div>
   <div class='ocr_carea' id='block_1_101' title="bbox 189 5380 1767 5458">
    <p class='ocr_par' dir='ltr' id='par_1_101' title="bbox 189 5380 1767 5458">
     <span class='ocr_line' id='line_1_101' title="bbox 189 5380 1767 5458; baseline -0.01 -14"><span class='ocrx_word' id='word_1_760' title='bbox 189 5407 307 5444; x_wconf 70' lang='grc' dir='ltr'>σιν.</span> <span class='ocrx_word' id='word_1_761' title='bbox 345 5388 529 5458; x_wconf 81' lang='grc' dir='ltr'>ἰ’Ξχει·.</span> <span class='ocrx_word' id='word_1_762' title='bbox 568 5386 609 5435; x_wconf 68' lang='lat' dir='ltr'><strong>I.‘</strong></span> <span class='ocrx_word' id='word_1_763' title='bbox 653 5383 796 5435; x_wconf 81' lang='grc' dir='ltr'>οἴνου</span> <span class='ocrx_word' id='word_1_764' title='bbox 830 5384 955 5453; x_wconf 82' lang='grc' dir='ltr'>ὅρον</span> <span class='ocrx_word' id='word_1_765' title='bbox 982 5386 1107 5448; x_wconf 78' lang='grc' dir='ltr'>τοὺς</span> <span class='ocrx_word' id='word_1_766' title='bbox 1142 5382 1576 5452; x_wconf 81' lang='grc' dir='ltr'>ὲπιτιμωμένους</span> <span class='ocrx_word' id='word_1_767' title='bbox 1601 5384 1646 5434; x_wconf 80' lang='grc' dir='ltr'><strong>εἰ</strong></span> <span class='ocrx_word' id='word_1_768' title='bbox 1676 5380 1767 5431; x_wconf 86' lang='grc' dir='ltr'>δυ-</span> 
     </span>
    </p>
   </div>
   <div class='ocr_carea' id='block_1_102' title="bbox 187 5473 1767 5544">
    <p class='ocr_par' dir='ltr' id='par_1_102' title="bbox 187 5473 1767 5544">
     <span class='ocr_line' id='line_1_102' title="bbox 187 5473 1767 5544; baseline -0.006 -10"><span class='ocrx_word' id='word_1_769' title='bbox 187 5480 369 5535; x_wconf 82' lang='grc' dir='ltr'>νατὸν</span> <span class='ocrx_word' id='word_1_770' title='bbox 396 5477 647 5541; x_wconf 54' lang='grc' dir='ltr'>πάθητε,</span> <span class='ocrx_word' id='word_1_771' title='bbox 681 5474 835 5536; x_wconf 80' lang='grc' dir='ltr'>ἐκτὸς</span> <span class='ocrx_word' id='word_1_772' title='bbox 865 5474 1379 5544; x_wconf 84' lang='grc' dir='ltr'>Σαϐϐατοκυριακῆς</span> <span class='ocrx_word' id='word_1_773' title='bbox 1418 5473 1509 5526; x_wconf 74' lang='grc' dir='ltr'>καὶ</span> <span class='ocrx_word' id='word_1_774' title='bbox 1556 5474 1767 5543; x_wconf 77' lang='grc' dir='ltr'>ἑορτῆς.</span> 
     </span>
    </p>
   </div>
   <div class='ocr_carea' id='block_1_103' title="bbox 188 5562 1771 5639">
    <p class='ocr_par' dir='ltr' id='par_1_103' title="bbox 188 5562 1771 5639">
     <span class='ocr_line' id='line_1_103' title="bbox 188 5562 1771 5639; baseline -0.009 -14"><span class='ocrx_word' id='word_1_775' title='bbox 188 5569 622 5639; x_wconf 83' lang='grc' dir='ltr'>ἁσυγχωρήτως</span> <span class='ocrx_word' id='word_1_776' title='bbox 650 5566 705 5619; x_wconf 82' lang='grc' dir='ltr'>δὲ</span> <span class='ocrx_word' id='word_1_777' title='bbox 746 5566 881 5625; x_wconf 83' lang='grc' dir='ltr'>τέως</span> <span class='ocrx_word' id='word_1_778' title='bbox 924 5564 1182 5635; x_wconf 84' lang='grc' dir='ltr'>δευτέραν</span> <span class='ocrx_word' id='word_1_779' title='bbox 1227 5564 1318 5615; x_wconf 76' lang='grc' dir='ltr'>καὶ</span> <span class='ocrx_word' id='word_1_780' title='bbox 1363 5562 1771 5633; x_wconf 87' lang='grc' dir='ltr'>τετραδοπαρα-</span> 
     </span>
    </p>
   </div>
   <div class='ocr_carea' id='block_1_104' title="bbox 188 5652 1767 5729">
    <p class='ocr_par' dir='ltr' id='par_1_104' title="bbox 188 5652 1767 5729">
     <span class='ocr_line' id='line_1_104' title="bbox 188 5652 1767 5729; baseline -0.008 -13"><span class='ocrx_word' id='word_1_781' title='bbox 188 5661 404 5729; x_wconf 76' lang='grc' dir='ltr'>κενὴν,</span> <span class='ocrx_word' id='word_1_782' title='bbox 446 5657 591 5711; x_wconf 77' lang='grc' dir='ltr'>τοῦτ’</span> <span class='ocrx_word' id='word_1_783' title='bbox 627 5657 741 5709; x_wconf 80' lang='grc' dir='ltr'>ἔστι</span> <span class='ocrx_word' id='word_1_784' title='bbox 787 5655 913 5725; x_wconf 83' lang='grc' dir='ltr'>μίαν</span> <span class='ocrx_word' id='word_1_785' title='bbox 957 5655 1143 5725; x_wconf 83' lang='grc' dir='ltr'>λίτραν</span> <span class='ocrx_word' id='word_1_786' title='bbox 1193 5655 1366 5707; x_wconf 85' lang='grc' dir='ltr'>πίνειν</span> <span class='ocrx_word' id='word_1_787' title='bbox 1408 5656 1505 5723; x_wconf 80' lang='grc' dir='ltr'>τὴν</span> <span class='ocrx_word' id='word_1_788' title='bbox 1538 5652 1767 5722; x_wconf 83' lang='grc' dir='ltr'>ἡμέραν,</span> 
     </span>
    </p>
   </div>
   <div class='ocr_carea' id='block_1_105' title="bbox 189 5739 1769 5815">
    <p class='ocr_par' dir='ltr' id='par_1_105' title="bbox 189 5739 1769 5815">
     <span class='ocr_line' id='line_1_105' title="bbox 189 5739 1769 5815; baseline -0.007 -11"><span class='ocrx_word' id='word_1_789' title='bbox 189 5747 334 5805; x_wconf 76' lang='grc' dir='ltr'>εἶδέ</span> <span class='ocrx_word' id='word_1_790' title='bbox 387 5763 471 5810; x_wconf 84' lang='grc' dir='ltr'><strong>τις</strong></span> <span class='ocrx_word' id='word_1_791' title='bbox 520 5745 742 5799; x_wconf 72' lang='grc' dir='ltr'>δύναται</span> <span class='ocrx_word' id='word_1_792' title='bbox 802 5744 875 5813; x_wconf 84' lang='grc' dir='ltr'>μὴ</span> <span class='ocrx_word' id='word_1_793' title='bbox 930 5744 990 5795; x_wconf 89' lang='grc' dir='ltr'><strong>τὸ</strong></span> <span class='ocrx_word' id='word_1_794' title='bbox 1019 5744 1233 5796; x_wconf 76' lang='grc' dir='ltr'>σύνολον</span> <span class='ocrx_word' id='word_1_795' title='bbox 1263 5745 1359 5806; x_wconf 71' lang='grc' dir='ltr'><strong>τὰς</strong></span> <span class='ocrx_word' id='word_1_796' title='bbox 1402 5746 1546 5814; x_wconf 82' lang='grc' dir='ltr'>τρεῖς</span> <span class='ocrx_word' id='word_1_797' title='bbox 1571 5739 1769 5815; x_wconf 74' lang='grc' dir='ltr'>ταύτας</span> 
     </span>
    </p>
   </div>
   <div class='ocr_carea' id='block_1_106' title="bbox 191 5831 1765 5913">
    <p class='ocr_par' dir='ltr' id='par_1_106' title="bbox 191 5831 1765 5913">
     <span class='ocr_line' id='line_1_106' title="bbox 191 5831 1765 5913; baseline -0.006 -21"><span class='ocrx_word' id='word_1_798' title='bbox 191 5840 429 5913; x_wconf 72' lang='grc' dir='ltr'>ἡμέρας</span> <span class='ocrx_word' id='word_1_799' title='bbox 482 5836 659 5889; x_wconf 81' lang='grc' dir='ltr'>πίνειν</span> <span class='ocrx_word' id='word_1_800' title='bbox 711 5831 873 5899; x_wconf 77' lang='grc' dir='ltr'>οἶνον,</span> <span class='ocrx_word' id='word_1_801' title='bbox 906 5833 1079 5902; x_wconf 78' lang='grc' dir='ltr'>μέγαν</span> <span class='ocrx_word' id='word_1_802' title='bbox 1118 5833 1305 5905; x_wconf 84' lang='grc' dir='ltr'>μισθὸν</span> <span class='ocrx_word' id='word_1_803' title='bbox 1332 5834 1467 5903; x_wconf 83' lang='grc' dir='ltr'>ἔχει.</span> <span class='ocrx_word' id='word_1_804' title='bbox 1511 5831 1697 5901; x_wconf 81' lang='grc' dir='ltr'>Ὅμως</span> <span class='ocrx_word' id='word_1_805' title='bbox 1734 5834 1765 5901; x_wconf 79' lang='grc' dir='ltr'><strong>ἡ</strong></span> 
     </span>
    </p>
   </div>
   <div class='ocr_carea' id='block_1_107' title="bbox 1874 4628 3434 4700">
    <p class='ocr_par' dir='ltr' id='par_1_107' title="bbox 1874 4628 3434 4700">
     <span class='ocr_line' id='line_1_107' title="bbox 1874 4628 3434 4700; baseline -0.006 -10"><span class='ocrx_word' id='word_1_806' title='bbox 1874 4638 2032 4700; x_wconf 81' lang='lat' dir='ltr'><strong>cedit,</strong></span> <span class='ocrx_word' id='word_1_807' title='bbox 2065 4635 2132 4689; x_wconf 90' lang='lat' dir='ltr'><strong>ab</strong></span> <span class='ocrx_word' id='word_1_808' title='bbox 2159 4630 2414 4685; x_wconf 88' lang='lat' dir='ltr'><strong>omnibus</strong></span> <span class='ocrx_word' id='word_1_809' title='bbox 2444 4629 2776 4698; x_wconf 71' lang='lat' dir='ltr'><strong>pcnnitentiis</strong></span> <span class='ocrx_word' id='word_1_810' title='bbox 2810 4628 3025 4684; x_wconf 85' lang='lat' dir='ltr'><strong>liberari</strong></span> <span class='ocrx_word' id='word_1_811' title='bbox 3048 4628 3263 4692; x_wconf 77' lang='lat' dir='ltr'><strong>debent,</strong></span> <span class='ocrx_word' id='word_1_812' title='bbox 3315 4645 3434 4682; x_wconf 89' lang='lat' dir='ltr'><strong>mo-</strong></span> 
     </span>
    </p>
   </div>
   <div class='ocr_carea' id='block_1_108' title="bbox 1873 4724 3432 4785">
    <p class='ocr_par' dir='ltr' id='par_1_108' title="bbox 1873 4724 3432 4785">
     <span class='ocr_line' id='line_1_108' title="bbox 1873 4724 3432 4785; baseline -0.004 0"><span class='ocrx_word' id='word_1_813' title='bbox 1873 4730 2029 4785; x_wconf 90' lang='lat' dir='ltr'><strong>nachi</strong></span> <span class='ocrx_word' id='word_1_814' title='bbox 2080 4728 2148 4780; x_wconf 91' lang='lat' dir='ltr'><strong>ab</strong></span> <span class='ocrx_word' id='word_1_815' title='bbox 2175 4724 2498 4779; x_wconf 86' lang='lat' dir='ltr'><strong>abstinentia</strong></span> <span class='ocrx_word' id='word_1_816' title='bbox 2555 4724 2699 4778; x_wconf 88' lang='lat' dir='ltr'><strong>casei</strong></span> <span class='ocrx_word' id='word_1_817' title='bbox 2738 4734 2791 4779; x_wconf 83' lang='lat' dir='ltr'><strong>et</strong></span> <span class='ocrx_word' id='word_1_818' title='bbox 2834 4737 3077 4784; x_wconf 85' lang='lat' dir='ltr'><strong>ovorum,</strong></span> <span class='ocrx_word' id='word_1_819' title='bbox 3137 4724 3432 4779; x_wconf 77' lang='lat' dir='ltr'><strong>saeculares</strong></span> 
     </span>
    </p>
   </div>
   <div class='ocr_carea' id='block_1_109' title="bbox 1871 4810 3430 4886">
    <p class='ocr_par' dir='ltr' id='par_1_109' title="bbox 1871 4810 3430 4886">
     <span class='ocr_line' id='line_1_109' title="bbox 1871 4810 3430 4886; baseline -0.004 -11"><span class='ocrx_word' id='word_1_820' title='bbox 1871 4819 2071 4880; x_wconf 85' lang='lat' dir='ltr'><strong>carnis,</strong></span> <span class='ocrx_word' id='word_1_821' title='bbox 2106 4825 2298 4886; x_wconf 62' lang='lat' dir='ltr'><strong>pra-ter</strong></span> <span class='ocrx_word' id='word_1_822' title='bbox 2322 4830 2505 4870; x_wconf 84' lang='lat' dir='ltr'><strong>earum</strong></span> <span class='ocrx_word' id='word_1_823' title='bbox 2554 4828 2607 4866; x_wconf 87' lang='lat' dir='ltr'><strong>tv</strong></span> <span class='ocrx_word' id='word_1_824' title='bbox 2641 4822 2695 4868; x_wconf 91' lang='lat' dir='ltr'><strong>et</strong></span> <span class='ocrx_word' id='word_1_825' title='bbox 2725 4830 2773 4865; x_wconf 77' lang='lat' dir='ltr'><strong>vi</strong></span> <span class='ocrx_word' id='word_1_826' title='bbox 2816 4812 2999 4865; x_wconf 88' lang='lat' dir='ltr'><strong>lcrias.</strong></span> <span class='ocrx_word' id='word_1_827' title='bbox 3030 4810 3152 4865; x_wconf 89' lang='lat' dir='ltr'><strong>lllas</strong></span> <span class='ocrx_word' id='word_1_828' title='bbox 3178 4812 3346 4877; x_wconf 90' lang='lat' dir='ltr'><strong>enim,</strong></span> <span class='ocrx_word' id='word_1_829' title='bbox 3382 4815 3430 4869; x_wconf 88' lang='lat' dir='ltr'><strong>si</strong></span> 
     </span>
    </p>
   </div>
   <div class='ocr_carea' id='block_1_110' title="bbox 1873 4906 3428 4983">
    <p class='ocr_par' dir='ltr' id='par_1_110' title="bbox 1873 4906 3428 4983">
     <span class='ocr_line' id='line_1_110' title="bbox 1873 4906 3428 4983; baseline -0.003 -19"><span class='ocrx_word' id='word_1_830' title='bbox 1873 4909 2125 4983; x_wconf 86' lang='lat' dir='ltr'><strong>possibile</strong></span> <span class='ocrx_word' id='word_1_831' title='bbox 2152 4918 2255 4972; x_wconf 90' lang='lat' dir='ltr'><strong>est,</strong></span> <span class='ocrx_word' id='word_1_832' title='bbox 2291 4906 2513 4961; x_wconf 87' lang='lat' dir='ltr'><strong>omnino</strong></span> <span class='ocrx_word' id='word_1_833' title='bbox 2548 4922 2710 4974; x_wconf 90' lang='lat' dir='ltr'><strong>puras</strong></span> <span class='ocrx_word' id='word_1_834' title='bbox 2741 4914 2926 4957; x_wconf 86' lang='lat' dir='ltr'><strong>tenere</strong></span> <span class='ocrx_word' id='word_1_835' title='bbox 2965 4912 3197 4970; x_wconf 83' lang='lat' dir='ltr'><strong>oportet,</strong></span> <span class='ocrx_word' id='word_1_836' title='bbox 3264 4906 3428 4959; x_wconf 84' lang='lat' dir='ltr'><strong>etiam</strong></span> 
     </span>
    </p>
   </div>
   <div class='ocr_carea' id='block_1_111' title="bbox 1872 4993 3430 5070">
    <p class='ocr_par' dir='ltr' id='par_1_111' title="bbox 1872 4993 3430 5070">
     <span class='ocr_line' id='line_1_111' title="bbox 1872 4993 3430 5070; baseline -0.003 -15"><span class='ocrx_word' id='word_1_837' title='bbox 1872 5005 1986 5058; x_wconf 89' lang='lat' dir='ltr'><strong>sine</strong></span> <span class='ocrx_word' id='word_1_838' title='bbox 2049 5000 2304 5070; x_wconf 83' lang='lat' dir='ltr'><strong>piscibus,</strong></span> <span class='ocrx_word' id='word_1_839' title='bbox 2338 4998 2469 5051; x_wconf 87' lang='lat' dir='ltr'><strong>etin</strong></span> <span class='ocrx_word' id='word_1_840' title='bbox 2507 4998 2573 5051; x_wconf 88' lang='lat' dir='ltr'><strong>iis</strong></span> <span class='ocrx_word' id='word_1_841' title='bbox 2614 5010 2781 5064; x_wconf 82' lang='lat' dir='ltr'><strong>usqne</strong></span> <span class='ocrx_word' id='word_1_842' title='bbox 2826 4995 2891 5047; x_wconf 87' lang='lat' dir='ltr'><strong>ad</strong></span> <span class='ocrx_word' id='word_1_843' title='bbox 2945 4993 3232 5060; x_wconf 87' lang='lat' dir='ltr'><strong>Vesperam</strong></span> <span class='ocrx_word' id='word_1_844' title='bbox 3285 4998 3430 5068; x_wconf 85' lang='lat' dir='ltr'><strong>jeju-</strong></span> 
     </span>
    </p>
   </div>
   <div class='ocr_carea' id='block_1_112' title="bbox 1873 5086 3427 5158">
    <p class='ocr_par' dir='ltr' id='par_1_112' title="bbox 1873 5086 3427 5158">
     <span class='ocr_line' id='line_1_112' title="bbox 1873 5086 3427 5158; baseline -0.001 -11"><span class='ocrx_word' id='word_1_845' title='bbox 1873 5109 2022 5147; x_wconf 88' lang='lat' dir='ltr'><strong>nare.</strong></span> <span class='ocrx_word' id='word_1_846' title='bbox 2060 5091 2343 5146; x_wconf 88' lang='lat' dir='ltr'><strong>Detinitum</strong></span> <span class='ocrx_word' id='word_1_847' title='bbox 2370 5099 2452 5144; x_wconf 90' lang='lat' dir='ltr'><strong>cst</strong></span> <span class='ocrx_word' id='word_1_848' title='bbox 2481 5091 2622 5143; x_wconf 90' lang='lat' dir='ltr'><strong>enim</strong></span> <span class='ocrx_word' id='word_1_849' title='bbox 2652 5103 2680 5140; x_wconf 91' lang='lat' dir='ltr'><strong>a</strong></span> <span class='ocrx_word' id='word_1_850' title='bbox 2710 5086 2896 5141; x_wconf 83' lang='lat' dir='ltr'><strong>divino</strong></span> <span class='ocrx_word' id='word_1_851' title='bbox 2913 5102 3119 5141; x_wconf 83' lang='lat' dir='ltr'><strong>canone</strong></span> <span class='ocrx_word' id='word_1_852' title='bbox 3151 5104 3427 5158; x_wconf 84' lang='lat' dir='ltr'><strong>nunquam</strong></span> 
     </span>
    </p>
   </div>
   <div class='ocr_carea' id='block_1_113' title="bbox 1871 5178 3426 5249">
    <p class='ocr_par' dir='ltr' id='par_1_113' title="bbox 1871 5178 3426 5249">
     <span class='ocr_line' id='line_1_113' title="bbox 1871 5178 3426 5249; baseline -0.003 -10"><span class='ocrx_word' id='word_1_853' title='bbox 1871 5188 2057 5249; x_wconf 84' lang='lat' dir='ltr'><strong>licere,</strong></span> <span class='ocrx_word' id='word_1_854' title='bbox 2093 5198 2147 5237; x_wconf 80' lang='lat' dir='ltr'><strong>ut</strong></span> <span class='ocrx_word' id='word_1_855' title='bbox 2176 5183 2377 5235; x_wconf 82' lang='lat' dir='ltr'><strong>dictum</strong></span> <span class='ocrx_word' id='word_1_856' title='bbox 2413 5190 2515 5245; x_wconf 86' lang='lat' dir='ltr'><strong>est,</strong></span> <span class='ocrx_word' id='word_1_857' title='bbox 2575 5189 2926 5248; x_wconf 63' lang='lat' dir='ltr'><strong>praeterquam</strong></span> <span class='ocrx_word' id='word_1_858' title='bbox 2960 5179 3011 5233; x_wconf 91' lang='lat' dir='ltr'><strong>in</strong></span> <span class='ocrx_word' id='word_1_859' title='bbox 3045 5178 3199 5235; x_wconf 81' lang='lat' dir='ltr'><strong>festis</strong></span> <span class='ocrx_word' id='word_1_860' title='bbox 3226 5192 3279 5236; x_wconf 88' lang='lat' dir='ltr'><strong>et</strong></span> <span class='ocrx_word' id='word_1_861' title='bbox 3330 5183 3426 5236; x_wconf 86' lang='lat' dir='ltr'><strong>do-</strong></span> 
     </span>
    </p>
   </div>
   <div class='ocr_carea' id='block_1_114' title="bbox 1872 5272 3467 5343">
    <p class='ocr_par' dir='ltr' id='par_1_114' title="bbox 1872 5272 3467 5343">
     <span class='ocr_line' id='line_1_114' title="bbox 1872 5272 3467 5343; baseline -0.003 -12"><span class='ocrx_word' id='word_1_862' title='bbox 1872 5281 2207 5337; x_wconf 77' lang='lat' dir='ltr'><strong>dccacmeru,</strong></span> <span class='ocrx_word' id='word_1_863' title='bbox 2235 5286 2281 5329; x_wconf 88' lang='lat' dir='ltr'><strong>et</strong></span> <span class='ocrx_word' id='word_1_864' title='bbox 2322 5277 2629 5328; x_wconf 78' lang='lat' dir='ltr'><strong>Pentecoste</strong></span> <span class='ocrx_word' id='word_1_865' title='bbox 2651 5272 2920 5341; x_wconf 82' lang='lat' dir='ltr'><strong>jejunium</strong></span> <span class='ocrx_word' id='word_1_866' title='bbox 2969 5274 3197 5341; x_wconf 87' lang='lat' dir='ltr'><strong>solvere,</strong></span> <span class='ocrx_word' id='word_1_867' title='bbox 3228 5274 3426 5343; x_wconf 80' lang='lat' dir='ltr'><strong>nequi-</strong></span> <span class='ocrx_word' id='word_1_868' title='bbox 3466 5290 3467 5293; x_wconf 63' lang='lat'>‘</span> 
     </span>
    </p>
   </div>
   <div class='ocr_carea' id='block_1_115' title="bbox 1872 5366 3422 5441">
    <p class='ocr_par' dir='ltr' id='par_1_115' title="bbox 1872 5366 3422 5441">
     <span class='ocr_line' id='line_1_115' title="bbox 1872 5366 3422 5441; baseline -0.006 -11"><span class='ocrx_word' id='word_1_869' title='bbox 1872 5376 1993 5430; x_wconf 81' lang='lat' dir='ltr'><strong>dem</strong></span> <span class='ocrx_word' id='word_1_870' title='bbox 2059 5380 2276 5441; x_wconf 84' lang='lat' dir='ltr'><strong>propter</strong></span> <span class='ocrx_word' id='word_1_871' title='bbox 2335 5369 2563 5421; x_wconf 83' lang='lat' dir='ltr'><strong>amicum</strong></span> <span class='ocrx_word' id='word_1_872' title='bbox 2606 5366 3075 5437; x_wconf 87' lang='lat' dir='ltr'><strong>qualemcunque:</strong></span> <span class='ocrx_word' id='word_1_873' title='bbox 3134 5366 3314 5421; x_wconf 80' lang='lat' dir='ltr'><strong>nescio</strong></span> <span class='ocrx_word' id='word_1_874' title='bbox 3354 5382 3422 5421; x_wconf 92' lang='lat' dir='ltr'><strong>an</strong></span> 
     </span>
    </p>
   </div>
   <div class='ocr_carea' id='block_1_116' title="bbox 1872 5456 3421 5536">
    <p class='ocr_par' dir='ltr' id='par_1_116' title="bbox 1872 5456 3421 5536">
     <span class='ocr_line' id='line_1_116' title="bbox 1872 5456 3421 5536; baseline -0.004 -20"><span class='ocrx_word' id='word_1_875' title='bbox 1872 5472 2084 5536; x_wconf 83' lang='lat' dir='ltr'><strong>propter</strong></span> <span class='ocrx_word' id='word_1_876' title='bbox 2132 5460 2522 5521; x_wconf 78' lang='lat' dir='ltr'><strong>inﬁrmitatem,</strong></span> <span class='ocrx_word' id='word_1_877' title='bbox 2562 5467 2654 5520; x_wconf 88' lang='lat' dir='ltr'><strong>aut</strong></span> <span class='ocrx_word' id='word_1_878' title='bbox 2701 5456 2966 5525; x_wconf 82' lang='lat' dir='ltr'><strong>insignem</strong></span> <span class='ocrx_word' id='word_1_879' title='bbox 2996 5458 3154 5511; x_wconf 89' lang='lat' dir='ltr'><strong>aliam</strong></span> <span class='ocrx_word' id='word_1_880' title='bbox 3188 5456 3421 5510; x_wconf 82' lang='lat' dir='ltr'><strong>circum-</strong></span> 
     </span>
    </p>
   </div>
   <div class='ocr_carea' id='block_1_117' title="bbox 1873 5549 3421 5619">
    <p class='ocr_par' dir='ltr' id='par_1_117' title="bbox 1873 5549 3421 5619">
     <span class='ocr_line' id='line_1_117' title="bbox 1873 5549 3421 5619; baseline -0.006 -8"><span class='ocrx_word' id='word_1_881' title='bbox 1873 5554 2147 5612; x_wconf 85' lang='lat' dir='ltr'><strong>stantiam.</strong></span> <span class='ocrx_word' id='word_1_882' title='bbox 2185 5554 2408 5618; x_wconf 84' lang='lat' dir='ltr'><strong>Semper</strong></span> <span class='ocrx_word' id='word_1_883' title='bbox 2439 5558 2615 5603; x_wconf 89' lang='lat' dir='ltr'><strong>autem</strong></span> <span class='ocrx_word' id='word_1_884' title='bbox 2650 5551 2901 5603; x_wconf 89' lang='lat' dir='ltr'><strong>convenit</strong></span> <span class='ocrx_word' id='word_1_885' title='bbox 2948 5549 3258 5619; x_wconf 78' lang='lat' dir='ltr'><strong>pmuitentia</strong></span> <span class='ocrx_word' id='word_1_886' title='bbox 3292 5551 3421 5602; x_wconf 74' lang='lat' dir='ltr'><strong>atie—</strong></span> 
     </span>
    </p>
   </div>
   <div class='ocr_carea' id='block_1_118' title="bbox 1873 5641 3424 5715">
    <p class='ocr_par' dir='ltr' id='par_1_118' title="bbox 1873 5641 3424 5715">
     <span class='ocr_line' id='line_1_118' title="bbox 1873 5641 3424 5715; baseline -0.005 -13"><span class='ocrx_word' id='word_1_887' title='bbox 1873 5659 2008 5709; x_wconf 72' lang='lat' dir='ltr'><strong>ctos,</strong></span> <span class='ocrx_word' id='word_1_888' title='bbox 2054 5648 2098 5701; x_wconf 88' lang='lat' dir='ltr'><strong>si</strong></span> <span class='ocrx_word' id='word_1_889' title='bbox 2137 5645 2387 5715; x_wconf 86' lang='lat' dir='ltr'><strong>possibile</strong></span> <span class='ocrx_word' id='word_1_890' title='bbox 2419 5653 2518 5708; x_wconf 89' lang='lat' dir='ltr'><strong>est,</strong></span> <span class='ocrx_word' id='word_1_891' title='bbox 2549 5644 3085 5699; x_wconf 86' lang='lat' dir='ltr'><strong>vinidcterminatam</strong></span> <span class='ocrx_word' id='word_1_892' title='bbox 3147 5641 3424 5711; x_wconf 84' lang='lat' dir='ltr'><strong>quantita-</strong></span> 
     </span>
    </p>
   </div>
   <div class='ocr_carea' id='block_1_119' title="bbox 1874 5730 3419 5803">
    <p class='ocr_par' dir='ltr' id='par_1_119' title="bbox 1874 5730 3419 5803">
     <span class='ocr_line' id='line_1_119' title="bbox 1874 5730 3419 5803; baseline -0.003 -10"><span class='ocrx_word' id='word_1_893' title='bbox 1874 5753 1974 5793; x_wconf 86' lang='lat' dir='ltr'><strong>tem</strong></span> <span class='ocrx_word' id='word_1_894' title='bbox 2010 5739 2229 5799; x_wconf 85' lang='lat' dir='ltr'><strong>habcrc,</strong></span> <span class='ocrx_word' id='word_1_895' title='bbox 2262 5735 2498 5803; x_wconf 72' lang='lat' dir='ltr'><strong>exceptis</strong></span> <span class='ocrx_word' id='word_1_896' title='bbox 2529 5732 2797 5797; x_wconf 87' lang='lat' dir='ltr'><strong>Sabbatis,</strong></span> <span class='ocrx_word' id='word_1_897' title='bbox 2844 5732 3137 5791; x_wconf 82' lang='lat' dir='ltr'><strong>Dominicis</strong></span> <span class='ocrx_word' id='word_1_898' title='bbox 3168 5742 3221 5787; x_wconf 86' lang='lat' dir='ltr'><strong>et</strong></span> <span class='ocrx_word' id='word_1_899' title='bbox 3245 5730 3419 5788; x_wconf 84' lang='lat' dir='ltr'><strong>festis.</strong></span> 
     </span>
    </p>
   </div>
   <div class='ocr_carea' id='block_1_120' title="bbox 1874 5825 3420 5899">
    <p class='ocr_par' dir='ltr' id='par_1_120' title="bbox 1874 5825 3420 5899">
     <span class='ocr_line' id='line_1_120' title="bbox 1874 5825 3420 5899; baseline -0.001 -14"><span class='ocrx_word' id='word_1_900' title='bbox 1874 5830 2026 5885; x_wconf 89' lang='lat' dir='ltr'><strong>Tunc</strong></span> <span class='ocrx_word' id='word_1_901' title='bbox 2080 5840 2257 5885; x_wconf 90' lang='lat' dir='ltr'><strong>autem</strong></span> <span class='ocrx_word' id='word_1_902' title='bbox 2288 5844 2392 5883; x_wconf 92' lang='lat' dir='ltr'><strong>non</strong></span> <span class='ocrx_word' id='word_1_903' title='bbox 2434 5828 2759 5883; x_wconf 80' lang='lat' dir='ltr'><strong>concedatur</strong></span> <span class='ocrx_word' id='word_1_904' title='bbox 2787 5825 2935 5883; x_wconf 82' lang='lat' dir='ltr'><strong>feriis</strong></span> <span class='ocrx_word' id='word_1_905' title='bbox 2955 5841 2990 5881; x_wconf 88' lang='grc' dir='ltr'><strong>ιι</strong></span> <span class='ocrx_word' id='word_1_906' title='bbox 3024 5841 3074 5879; x_wconf 84' lang='grc' dir='ltr'><strong>ιν</strong></span> <span class='ocrx_word' id='word_1_907' title='bbox 3103 5835 3173 5899; x_wconf 79' lang='lat' dir='ltr'><strong>et</strong></span> <span class='ocrx_word' id='word_1_908' title='bbox 3203 5841 3275 5892; x_wconf 79' lang='lat' dir='ltr'><strong>Vl,</strong></span> <span class='ocrx_word' id='word_1_909' title='bbox 3309 5827 3420 5883; x_wconf 75' lang='lat' dir='ltr'><strong>vini</strong></span> 
     </span>
    </p>
   </div>
  </div>
